2407 4023
1884 815 1991 916 166
937 876 1074 947 -92-
1172 951 1775 1057 Reichenau, 7.7.1900.
358 1088 825 1151 Lieber Richard,
341 1135 1951 1200 danke für den nachgesandten Brief, hier die Revanche
335 1177 1949 1248 Wie geht es Ihrer Frau? Schreiben Sie mir das hieher
335 1229 1905 1311 Reichenau, Curhaus. Paul ist mit dem 15.August, Inns¬
341 1284 1909 1356 bruck einverstanden, Kerr wohl auch; wir könnten nun
337 1330 1907 1406 die Sache bald endgiltig fixiren. Ich sehe Sie wohl
335 1387 1930 1461 noch Anfang August, entweder in Ischl oder in Aussee;
341 1438 1909 1501 oder Salzburg, Hier bleibe ich wahrscheinlich 10-14
335 1492 1880 1556 Tage. Dann? - Die paar Tage zwischen Altaussee und
335 1545 1911 1612 Reichenau waren ganz ansprechend. (Wir lieben die
335 1598 1972 1657 Frauen, die uns gleichgiltig sind etc.) - Ich entwerfe
341 1655 1977 1713 immerfort an dem Fünfactigen herum. (Die Entrüs-
341 1701 1998 1768 teten wird es nicht heissen, da bisher kein Entrüsteter
347 1751 1886 1817 drin vorkommt; der beste Titel wäre eine Geste,mit
343 1806 1909 1865 dem Begleiton: Ty, - aber nicht so jüdisch,wie das
1400 1852 1916 1920 An dieser Stelle
341 1861 1377 1920 letzte Capital von Georgs Tod) (
341 1916 1918 1985 wird der Commentator unsres Briefwechsels irrsinnig
343 1964 627 2029 werden.) )
341 2012 802 2082 Leben Sie wohl.
343 2061 1015 2143 Von Herzen Ihr Arthur.
343 2151 838 2254 (nach Altaussee)
1090 2307 1722 2398 Payerbach, 15.7.1900.
337 2421 1991 2480 Lieber Richard,eben kommt Ihr Brief, also nehm ich mei-
335 2475 2002 2532 ne gestrige Karte zurück.- M. hat mir aus Lev. bereits
343 2528 1871 2591 vor 8 Tagen eine längere begeisterte Sauce über B.
337 2591 1886 2646 geschrieben. Es ist wirklich ziemlich egal. Denken
341 2638 2029 2703 Sie doch nach, wie wir von Klösterle oder wie das heisst
337 2690 1937 2766 weiter kommen sollen. Vielleicht fahren wir zusammen
341 2739 1899 2802 von Ausseéresp. Ischl nach Innsbruck (über Svatek).
341 2789 1865 2846 Von der nächsten Zeit weiss ich noch immer nichts.
341 2833 1987 2918 (Es geht den meisten Menschen so.) - Herzlichst Ihr A.
335 2945 823 3038 (nach Altnasse)
