2394 4008
1909 294 1998 388 : 4
1074 320 1583 401 nä tämät läänissä wähden.
900 759 1045 837 -17-
386 881 1909 996 in der Decadence fühlen soll;- oder, was einfacher
398 945 1727 1055 ist, gehen Sie überhaupt beindem Gefühl des
390 992 1888 1110 Altseins von Freddy mehr auf das psychologische
396 1040 1907 1153 aus auf die ganz groben körperlichen Dinge. Kurz-
1761 1085 1858 1148 die
398 1102 1731 1206 um, ich will mir nicht von IhreriiNovellette
1759 1134 1863 1197 ein
426 1144 1738 1250 Möglichkeit nehmen lassen, in sieben Jahren
420 1191 1865 1312 junges Mädel zu heiraten! Verstehen Sie? - Aber
403 1235 1863 1352 das wesentliche: die Camelia’s gehören in Ihr
458 1326 1814 1453 Haben Sie das Kind vorgelesen? - Schreiben
434 1341 623 1409 Buch. -
992 1382 1822 1471 Ich habe keine Einberufung
405 1426 953 1519 Sie mir darüber! -
411 1439 1809 1557 Werde vielleicht mit Salten eine Bicycletour
403 1547 663 1619 machen.-
1062 1551 1257 1625 Ischl?
443 1574 1032 1666 Gibts was neues in
420 1577 1812 1712 Las "Die Erziehung zur Ehe" von Hartleben;
420 1631 1907 1784 gefiel mir bis zum letzten Akt ganz ausnehmend.
413 1670 1899 1805 Meine Briefnovellette ist bis auf ein paar Zei-
420 1721 1822 1854 len fertig. Hoffentlich bring ich doch wieder
420 1812 1293 1901 einmal ein Stück zusammen.-
881 1837 1364 1915 - Grössenwahn?
420 1845 1892 2005 Herzlich Ihr Arthur. Grüssen Sie das nothwendige
420 1871 879 1945 "wieder einmal"
426 1960 901 2066 Götterliebling?
436 2047 1059 2166 (nach Ischl, Schulg.)
1021 2151 1150 2223 ====
1941 2163 2019 2269 31
1333 2189 1756 2307 Wien, 18.8.93.
449 2293 1970 2449 Lieber Richard! - Ich verreise Montag oder Diens-
462 2365 1960 2494 tag, schreiben Sie mir vorher zwei Zeilen. Kommen
454 2407 1894 2560 Sie vor der Waffenübung nach Wien?- Haben Sie
458 2451 1930 2608 was über Freund erfahren?- Ich treffe in Lienz
460 2494 1947 2663 oder sowo mit Salten zusammen.- - Es ist unglaub-
464 2560 1879 2708 lich, dass Sie gar nicht schreiben. Herzlichen
504 2668 913 2767 Gruss Arthur.
473 2740 1108 2858 (nach Ischl, Schulg.)
1127 2833 1261 2890 ====
