2432 4039
1912 309 2072 431 1 1/2
991 746 1176 847 -119-
1848 819 2008 919 234
1156 833 1760 931 Marienlyst, Kurhaus,
1152 915 1436 977 3.7.1906.
357 937 1826 1053 Wunderschön hier. Dürften längere Zeit bleiben.
377 999 1894 1101 Habe gestern Brandes besucht, der im Commune Hos-
363 1061 1804 1152 pital wieder mit seiner Venenentzündung krank
357 1109 1924 1194 liegt aber frisch ist wie Je. Lassen Sie von sich
363 1166 1711 1246 und den Ihren hören. Herzlichst.Ihr A. O.S.
359 1216 1946 1338 Charolais wird im Herbst in Kopenhagen aufgeführt.
369 1328 778 1422 (nach Rodaun)
1864 1362 1994 1461 235
1164 1406 1735 1493 Helsingor.17.7.06.
361 1455 1958 1567 Ihre Heiligenkreuzerkarte bekommen. Herzlichen Danl
363 1519 1896 1613 und Gruss. Wohin gehen Sie? Oder bleiben Sie? Wir
373 1587 1940 1663 dürften noch 3 Wochen hier verweilen; ich arbeite.
369 1631 1958 1725 Sind mit Natur, Kunst und Küche sehr zufrieden. Heir
365 1681 1912 1770 zeichnet täglich einen Block voll. Lassen Sie was
375 1725 1912 1810 von sich hören. Eine Karte, auf der die Hälfte von
371 1798 1717 1892 mir ist, genügt mir nicht. Herzlichst Ihr A.
381 1902 578 2002 (w.o.)
1214 1980 2016 2074 Fredensborg, 24.7.06. 236
377 2036 1878 2125 Auf einem Ausflug.- Herzliche Grüsse Ihr Arthur.
381 2125 608 2195 Olga S.
1158 2235 1760 2323 Semmering.14.111.06
381 2295 1569 2387 Grüass Gott! Ihr liebn Nachbarsleutln!
694 2367 1007 2434 "D’r Turl“
1067 2361 1304 2434 "D'Olga'
1896 2341 2046 2440 237
375 2414 1033 2490 Is Ihnen scho besser?
377 2448 1914 2542 Ich brauche wohl nicht zu bemerken, dass dieser A.
377 2500 1980 2606 mir alle Henderln weg isst. Herzlichen Gruss Brahm.
385 2616 1174 2715 (nach Wien, Hasenauerstr.)
