2394 4008
1808 262 2050 373 "    "  "
755 272 856 384 1er
960 279 1226 373 Votre trèsse, jusqu'a étrangine,
1010 781 1145 850 14-
1873 886 1958 968 26
1171 918 1589 996 Wien 30.6.93.
369 1036 1762 1110 Lieber Richard, aller Wahrscheinlichkeit nach
375 1086 1795 1171 bin ich Sonntag Früh mit meiner Wama in Ischl.
432 1152 1800 1207 Zigaretten und Parfum für Sie stehen bereit.
405 1184 1831 1257 Jarno tritt ja schon auf.- Schon gesprochen? -
371 1228 1873 1306 Ich werde bei Leopold wohnen u. täglich stunden-
371 1289 1837 1359 lang Bicyclefahren - was ein wirkliches Vergnü-
384 1333 1692 1418 gen ist.- Loris wird’s auch lernen.- Adieu
376 1382 1789 1464 einstweilen, ich freue mich sehr, Sie wiederzu-
375 1437 1462 1527 sehen. Herzlichst der Ihre Arthur.
384 1519 1069 1626 (Nach Eschl Schulg.8 )
956 1629 1103 1704 ====
1223 1724 1608 1804 Ischl, 2.7.93
1243 1778 1627 1854 durch Boten)
380 1829 1789 1915 Lieber " ichard, bin heut Früh angekommen, eben
382 1892 1787 1981 zwei Stunden Bicyclegefahren, ziemlich todt.-
407 1922 1787 2012 Haben Sie nichts besseres vor, so kommen Sie
414 1979 1726 2057 Nachmittag zwischen 4 und 1-5 zu mir? Falls
416 2031 1780 2114 ie mir durch Ueberbringer dieses nichts an-
390 2088 1736 2169 deres mitzutheilen haben, so erwarte ich Sie
390 2120 1888 2211 Sie finden den Parfum, die Zigaretten und Ihren
390 2198 1164 2280 Sie lieb habenden Arthur.
437 2268 1082 2396 (nach Ischl Schulg.8)
954 2399 1099 2455 ====
1261 2407 1671 2498 Wien, 29.7.93.
399 2483 1859 2580 Lieber Richard!- Der Abschreiber bringt die No-
405 2517 1867 2622 velle Montag; Dienstag haben Sie sie.- Neulich
405 2578 1806 2688 stand im Magazin (Kraus schickt es mir), dass
395 2626 1901 2724 noch diesen Sommer im Lessingtheater das Märchen
403 2662 1920 2783 drankommt.- Die „lustige“ Novelle beendet. - Aerzt-
401 2734 1920 2831 lich beschäftigt, eine Cousine, 14j. Mäderl, schwe-
401 2778 1930 2877 rer Typhus.-Habe noch keine Einberufung.-Notiz im
405 2835 1901 2955 B.B. gelesen; sehr gut - aber natürlich "natura¬
403 2890 1880 3013 listischer Dichter. Gestern war ich angeblich
