2427 4007
449 279 687 376 ... ..
964 272 1241 413 12 1/2
1901 250 2107 401 1.7.16
1147 801 1265 885 -6-
547 923 726 1003 B.-H.
1452 940 1879 1037 Wien, 17.8.92.
551 1057 2095 1151 Lieber Richard, finden Sie nicht auch, dass Sie mir
559 1121 1995 1186 hätten antworten können? Ich dürfte erst ca 4.
567 1171 2007 1241 oder 5. September nach Ischl kommen. Wollen Sie
559 1214 2038 1297 ein paar Tage darauf mit mir weiterwandern? Ich
553 1271 1991 1336 möchte eine grössere Fusspartie (nicht Bergbe¬
559 1314 2070 1385 steigungen!!) in der Schweiz machen. - Oder auch
569 1371 2044 1446 die oberitalien, Seen aufsuchen. Ich frage mich
563 1413 1971 1489 heute auch bei Loris an. Aber, bitte, antworten
600 1483 1464 1566 ie mir. Herzlich Ihr Arthur.
575 1568 1444 1682 (Nach Ischl, Grazerstrasse 6)
1120 1674 1295 1741 ====  =====
1462 1765 1905 1867 Wien, 22.8.92.
559 1859 2030 1950 Mein lieber Richard! Warum schreiben Sie Opern¬
569 1928 2119 1999 ring 12; da ich doch Kärnthnerring 12 oder Gisela-
569 1973 2011 2052 strasse 11 wohne? Dedurch bekam ich erst heute
565 2021 2040 2101 Ihren Brief. Nun kann ich Ihnen mittheilen, dass
575 2080 1977 2160 ich schon in wenig Tagen Ende dieser Woche in
565 2121 2064 2221 Ischl einlangen werde. Ich bleibe etwa 8-10 Tage
575 2186 2076 2265 dort und will jedenfalls weiter. Lassen Sie mich
575 2227 2001 2320 Sie übrigens beneiden, dass Sie verstimmt sind;
573 2269 2060 2369 es ist das sicherste Zeichen, dass Sie nicht un-
567 2355 1074 2426 glücklich sind.-
565 2365 2101 2469 Könnt' unser lieber Paul das nicht gesagt haben?-
571 2438 2042 2522 Ein reizendes Feuilleton von ihm erschien eben
575 2487 1907 2575 in der Frkf.Zeitung,- aus San Sebastian.-
571 2528 2105 2621 Ich freue mich sehr, Sie bald zu sehen; und da ich
571 2581 2046 2682 heute schon in grossen Worten drin bin,so will
575 2654 2088 2733 ich Ihnen gestehen, dass ich mich aufrichtig nach
586 2674 2166 2782 ihnen sehne. Viele herzliche Grüsse der Ihre. Arthur
588 2800 1362 2900 (Nach Ischl, Grazerstr. 6.)
