2390 3992
204 247 364 353 leurs aussi a
1193 235 1569 374 .... „ „ 4 „
418 229 944 401 Votre très jusqu'à l'aigiré.
1844 281 1966 370 18
946 813 1081 902 -66-
1846 863 1975 950 104
1241 915 1503 994 25.9.97.
328 1035 796 1131 Lieber Richard,
272 1060 1946 1183 ich weiss nicht, ob Leo Sie heute gesehen hat und Ihnen
283 1120 1871 1229 das Traurige bereits mitgetheilt. Das Kind ist todt.
281 1164 1919 1285 Es ist sehr schrecklich, viel schrecklicher, als ich je
279 1272 516 1353 geahnt!
310 1303 665 1401 Ihr Arthur.
326 1414 513 1507 (w.o.)
780 1436 1004 1515 ====  =====  =
1871 1443 1973 1547 105
1235 1501 1634 1621 Wien, 4.10.97.
322 1613 1844 1740 Lieber Richard, Sie teleph. mich immer an, wenn ich
320 1680 1813 1794 nicht zu Haus bin. Vormittag bin ich nämlich auf
335 1738 1844 1833 dem Land. Schaun Sie doch einmal Nachmittag bevor
328 1777 1900 1896 Sie nach Heiligst, fahren, zu mir herauf. Ich möchte
326 1848 1950 1937 auch gern einmal mit Ihnen hinaus. Hugo schreibt mir,
333 1888 1854 1998 er kommt nächste Woche nach Wien und möchte Ihnen
335 1971 1021 2043 und mir viel vorlesen.
337 2027 950 2108 Herzlich Ihr Arthur.
328 2070 1021 2166 Ich arbeite sozusagen.
341 2181 534 2270 (w.o.)
886 2235 1056 2303 ====  =====
1879 2185 2002 2309 106
1224 2287 1657 2380 Wien, 10.97.
339 2403 2000 2509 Lieber Richard, Ich vergass, dass in jenem Brief von An-
345 2457 1885 2565 drian auch steht, Sie mögen ihm jedenfalls en route
347 2499 1966 2607 von Huysmans u. etwas über den Willen (? unleserlich)
347 2588 1973 2648 von Stendhal schicken. Seine Adresse ist Baden Baden,
349 2644 848 2721 Sanatorium Frey.
347 2640 1946 2767 Ich gehe vielleicht morgen (Sonntag) Abend ins Carl-
351 2763 603 2821 theater.
345 2790 973 2887 Herzlich Ihr Arthur.
358 2862 549 2958 (w.o.)
