2510 4040
1653 331 1982 445 1 3/1 1 1 „ „
1104 797 1274 880 -109-
2009 831 2146 934 212
1321 893 1806 980 Lueg.14.9.1904.
454 944 2080 1027 Lieber Richard, eben kommt, wie ich im Begriff bin Ih-
452 1015 2024 1083 nen zu telegrafiren Ihr Brief. Wir möchten Samstag
456 1071 2048 1129 d.17. von hier nach Salzburg reisen und dort einige
452 1116 2061 1181 Tage bleiben. (Möchte diesmal versuchsweise Nelböck
452 1168 2075 1243 wohnen). Ich schlage Jhnen nun vor, Freitag nach Lueg
452 1228 2055 1290 zu kommen und Samstag mit und zu fahren, oder uns zu
449 1272 2017 1340 schreiben, wann Sie in Lueg durchkommen, so dass wir
452 1321 1988 1398 hier zu Ihnen einsteigen. (Der Zug, der Ischl 3.55
456 1384 1951 1444 Früh verlässt und 9.59 Lueg passirt,wäre mir der
447 1421 2051 1495 weitaus sympathischeste). In Salzburg möcht ich bis
445 1483 2048 1543 mindestens 21.22.bleiben; von dort fahren wir aller
452 1529 1988 1595 Wahrscheinlichkeit direct nach Wien. Telegrafiren
443 1568 2080 1651 Sie bitte Ihre Entscheidung, ev. auch wo Sie in Salz-
478 1636 2071 1717 burg zu wohnen gedenken, und ob Sie nicht vielleicht
478 1688 1947 1769 von Freitag bis Samstag in Lueg bleiben und mir
441 1729 1667 1798 hier den Grafe v.Ch. vorlesen möchten.
445 1781 2032 1845 Für alle Fälle hoff ich sind wir noch ein paar Tage
437 1833 1313 1903 zusammen. Herzlichst Ihr A.
445 1885 1315 1970 Grüsse von Gasthof zu Villa.
441 1966 847 2063 (nach Aussea)
1964 2102 2090 2204 213
1301 2133 1808 2212 Wien, 28.10.1904.
425 2179 2001 2264 Lieber Richard, sind Sie schon da? Könnte man nicht
427 2245 2088 2322 nächste Woche,an einem der ersten Abende in Hietzing
425 2299 2067 2367 miteinander nachtmahlen? Schreiben Sie mir oder noch
418 2361 2057 2423 lieber mehrere Worte. Auch wann Sie wieder nach Ber-
418 2392 1715 2488 lin fahren u.s.w. Herzlichen Gruss Ihr A.
418 2483 837 2589 (nach Rodaun)
