2365 3992
1032 246 1240 356 :1:1
1758 242 1840 336 1
852 246 990 358 G.C.R
252 254 618 366 1 „ „
72 258 212 370 V. W.
1868 718 1996 824 149
956 758 1098 824 -85-
312 822 1676 956 Ansichtskarte:Gruss aus Zirndorf. 17.9.99.
324 946 1816 1052 Dass ich einmal hieher käme, hab ich nicht gaahet.
318 996 1640 1112 Schreiben Sie mir nach Frankfurt post rest,
1942 1178 2038 1270 50
1052 1184 1622 1284 Wiesbaden, 24.9.99.
330 1294 1868 1406 Will hier 8 Tage bleiben, arbeiten. Bitte schreiben
328 1358 1864 1450 Sie mir, auch Hugo, wie's Ihnen geht,und was die Ar-
330 1402 1876 1498 beit macht. Ich wohne Parkhotel. - Die Ovation hab
336 1456 1594 1572 ich erhalten. Paul ist heut nach Florenz.
340 1580 722 1684 (nach Vahrn)
928 1644 1084 1696 ====  =====
1102 1696 1662 1808 Wiesbaden, 29.9.99.
338 1822 1934 1918 Mein lieber Richard, wo ist das, St. Michael im Eppan?-
342 1870 1946 1960 Wie sind Sie auf die Idee gekommen? Wie lang bleiben
344 1922 1854 2012 Sie dort? - In welchem Akt sind Sie? Wie ist Ihre
340 1984 1542 2078 Laune? Warum sind Sie von Vahrn fort? -
356 2036 1892 2114 - Paul ist besser gestimmt als je (um Gotteswillen
348 2076 1914 2170 sagen oder schreiben Sie's ihm nicht.) - Weil Wies-
348 2136 1890 2230 baden grad in der Näh von Frankfurt, bin ich herge-
354 2180 1946 2282 gangen, find es "eher“ angenehm, würde Hugo sagen. Das
350 2234 1864 2334 Stück wird wieder einmal "vorläufig" fertig.- - Ich
350 2280 1836 2376 arbeite nicht wenig, aber nicht eben viel - "wir"
352 2348 1944 2434 haben doch wenig Arbeitskraft im ganzen und grossen.
352 2406 1904 2472 "Trotzdem" freu ich mich auf Ihr Stück.- Schreiben
398 2436 1928 2542 Sie mir nach Berlin Hotel Savoy, ich denke dass ich
362 2494 1952 2584 vom nächsten Dienstag 3.- bis Sonntag dort sein wer¬
358 2548 1862 2638 de.- Grüssen Sie Frau und Kinder. Leben Sie wohl.
356 2624 1038 2700 Herzlichst Ihr Arthur,
358 2716 1158 2812 (nach St. Michael im Eppan)
966 2790 1108 2844 ====  =
