2425 4042
1024 775 1208 872 -125-
1922 835 2034 931 252
1362 864 1691 955 6.12.1907.
416 876 825 1000 (pneum.Karte)
403 945 1997 1083 Lieber Richard, Olga liegt mit ihrer Halsentzündung-
406 1024 1918 1123 so ist also morgen nichts. Ich erwarte Ihre Ent-
412 1089 1888 1176 scheidung,ob Sie Sonntag oder Montag 16 kommen.
878 1135 1575 1261 Herzlichst Ihr Arthur.
1924 1308 2052 1391 253
1383 1316 1650 1415 7.12.07.
424 1421 1898 1541 Lieber Richard - Olga gehts nicht gut; Verdacht
428 1488 1902 1592 auf Scharlach. (Hände mit Lysoform gewaschen,eh
422 1553 1837 1642 ich diesen Brief schrieb). Also Montag nicht.
430 1618 1131 1719 Von Herzen Ihr Arthur.
1243 1770 1965 1875 Semmering.Südbahnhotel,
1243 1861 1577 1950 13.2.1908.
1977 1865 2125 1959 254
444 1932 1948 2054 Es ist jetzt so schön hier, dass ich's Ihnen doch
442 2001 1908 2109 noch einmal sagen muss. Wir bleiben noch etwa 8
444 2064 1977 2163 Tage. Niemand mehr da (ausser Grethe Kainz). Ent-
446 2131 1851 2224 schliessen Sie sich und kommen Sie mit Paula.
797 2173 1472 2255 Herzlichst Ihr Arthur,
442 2208 2015 2319 Es ist unglaublich schön, ich möchte gar nicht nach
478 2265 1922 2358 Hause kommen. Ihr seid Euch sehr im Licht, wenn
450 2315 1790 2417 Ihr nicht kommt. (Strahlendes Sonnenlicht.)
827 2386 1588 2472 Herzlichste Grüsse, Olga.
1257 2504 1829 2603 Semmering,18.2.08.
1993 2490 2129 2613 255
420 2561 1985 2676 Lieber Richard, wir wollen Donnerstag in Wien sein.
428 2609 2036 2729 Schade, dass Sie nicht heraufgekommen sind. Ich bitte
424 2680 1959 2778 Sie dringend, lesen Sie nun nicht am Ende den "Weg
422 2735 2052 2847 in Fortsetzungen weiter, sondern warten auf das Buch.
927 2794 1470 2893 Herzbiehst Ihr A.
