2275 3994
499 256 702 356 :s:y:s;
1531 260 1833 377 '   ̃  "
2048 356 2130 426 -1
1958 788 2081 872 53
1085 831 1226 898 -35-
1256 921 1684 1013 Wien, 22.6.95.
460 1029 1938 1099 Lieber Richard, wann kommen Sie? Werden Sie mich
462 1095 1971 1158 noch hier antreffen? Ich verreise wahrscheinlich
469 1160 2052 1218 am 2.Juli. Hugo soll heute in Wien sein,telephonir-
473 1207 1964 1273 te mir sein Vater; vielleicht treff ich ihn heut
467 1258 2022 1320 Abend.- Salten seh ich selten, Schwarzkopf fast gar
469 1303 1905 1369 nicht. Dass ich ein Stück schreibe, wissen Sie?
477 1355 1878 1416 Vielleicht beend' ich den 1.Akt noch in Wien.
475 1406 1962 1471 Burckhard sprach ich neulich; Nachts - im Dunkel
467 1457 2108 1524 unserer gemeinschaftlichen Stiege. Er ist ein Wurstl.
501 1514 2087 1569 Ich war bei Sonnenthal - der wird nämlich den Vater
475 1565 1899 1629 geben. Und, wie B. versichert, Mitterwurzer den
469 1619 1989 1676 "Herrn".- Ich habe gerade zu eine Sehnsucht, wieder
467 1672 1962 1737 mit Ihnen zu plaudern. "Geradezu" - das soll der
467 1727 2011 1793 Sentimentalität den Kragen umdrehen. Wie gehts Ih-
489 1768 1926 1835 nen? Schreiben Sie bitte. - Den "alten Dichter"
467 1821 1930 1891 werdich dem Bahr für die Zeit geben, wenn er ihn
467 1876 1887 1936 bringen will. Im Prinzip ist er einverstanden.
467 1923 1692 1993 Seien Sie herzlich gegrüsst. Ihr Arthur
467 1995 1760 2091 (nach Caslau Nr.12 k.k.Landw.Inf.Regiment)
1033 2132 1211 2183 ====  =====
1283 2204 1733 2322 Wien, 24.6.95.
1958 2202 2061 2310 54
448 2325 1940 2415 Lieber Richard, Ich freue mich sehr, dass ich Sie
448 2384 1913 2437 noch in Wien sehen werde.- Nobl sprach ich vor-
489 2429 1977 2503 gestern, er hat, „angeregt“ durch Ihre persönliche
448 2488 2018 2554 Bekanntschaft, das Kind gelesen. Sie werden ersucht
454 2548 1917 2611 sich nächstens auf gefahrlosere Weise Leser zu
454 2599 1926 2658 verschafffen.- Habe heute Kopfweh, nach einer "un
450 2646 1942 2717 gemeinen" Landpartie die ich gestern gemacht und
479 2701 1952 2773 die - entschuldigen - in zwei miserabeln Betten
448 2754 1737 2818 einer niederösterreichisehen Stadt endete.
456 2797 1999 2887 - Von der Lou Salomé hab ich noch immer gar nichts
