2421 4040
1227 314 1528 436 Votre très avoir fait une fois-elle
814 752 975 859 -130-
1840 763 1988 889 269
1291 821 1742 930 Wien.7.1909.
323 919 1879 1054 Dies, lieber Richard genügt und eigentlich brauchen
295 985 1851 1109 Sie auch das nicht. Beginn (angeblich) 10. Eingang
289 1069 1353 1167 Bühnentürl. Herzlichst Ihr Arthur.
1868 1193 2011 1312 270
1193 1231 1766 1359 Semmering.26.1.09.
293 1334 1828 1468 Es ist schon wieder schöner als man geahnt hätte.
301 1402 1774 1511 Diese Sonne diese Luft, diese Farben! - Aber Sie
299 1481 1535 1595 kommen ja doch nicht! Herzlichst Ihr A.
1137 1644 1721 1772 St. Gilgen.18.6.09.
1872 1672 2007 1785 271
308 1761 1599 1892 Herzliche Grüsse Ihnen Allen! Ihr Arthur.
1124 1952 1981 2073 Edlach, Edlacherhof, 18.7.09.
1945 1996 2073 2116 272
314 2073 1911 2185 Lieber Richard, statt in Wien seien Sie vom 1.-15.8.
329 2125 1952 2236 lieber in Edlach. Heini kommt erst übermorgen zu uns
323 2185 1941 2319 heraus. Wie gehts Ihnen Allen? Herzlichst Ihr Arthur.
1141 2381 1584 2471 Edlach,6.7.09.
1952 2381 2108 2488 273
329 2411 1915 2552 Lieber Richard, sehr schön hier - und wir würden uns
336 2494 1930 2595 ganz wohl fühlen, wenn wir den Buben schon heraussen
333 2544 1971 2648 hätten (dan ich heute und gestern in Wien besucht ha
344 2597 1992 2695 be.) Wie behagen Sie sich? Kommen Sie doch nachher auch
338 2650 1905 2749 hieher, ich glaube es gefiel Ihnen Allen. Herzlichst
338 2672 1999 2802 Ihr Arthur.-Ja, das wäre wunderschön! An die Paula will
340 2757 1999 2847 ich nächstens einen längeren Brief schreiben. Hoffent-
338 2813 2052 2901 lich geht es Euch Allen sehr gut. Herzliche Grüsse Olga.
344 2875 1195 2978 (nach Pichl Auhof, Mondsee)
