2427 4007
612 269 732 390 P.
2050 291 2132 388 III
835 331 938 404 1 3
972 287 1484 400 .1 ̃  =
348 287 471 410 1e
1093 829 1186 899 -8-
1356 914 1953 1001 Ven edig, am 19.9.92.
2007 912 2090 1017 12
420 1035 1983 1100 Ich will Ihnen nur, mein lieber Richard, aus Venedig
426 1081 1981 1144 die herzlichsten Grüsse sagen. Wir sehen uns wohl
431 1128 2048 1203 baldwieder. Für alle Fälle mögen Sie wissen, dass ich
420 1172 1989 1239 Montag den 26.September Abends nach 10 Uhr im Café
414 1229 2005 1310 Kremser zu sein beabsichtige. Ganz der Ihre Arthur.
439 1328 1182 1433 (Nach Wien Wollzeile 15)
1083 1427 1249 1506 ====
1393 1504 1801 1603 Wien, 1.12.92.
463 1631 1975 1708 Lieber Richard, hier schickt mir Beraton den Sitz
471 1680 1991 1761 für Sie. Ich denke, wir treffen uns zwischen 6 und
469 1738 1997 1823 17 im Griensteiel und fahren zusammen hinaus. Ich
469 1785 1930 1878 zweifle nicht, dass uns da ein sehr billiger und
473 1845 2031 1926 praktischer Modus einfallen wird z.B. mit dem Fia¬
475 1908 2050 1969 ker bis zur Elisabethstrasse und dann mit der Tram.
469 1948 1156 2031 Herzlichst Ihr Arthur.
477 2041 1281 2149 (Nach Wien I. Wollzeile 15
1069 2151 1243 2213 ====
1997 2233 2078 2308 14
1401 2229 1843 2324 Wien, 14.12.92.
475 2341 2005 2430 Lieber Richard! War gestern bei Singers,dort Frau
475 2391 1981 2466 Flegm.- Bitte sehr kommen Sie Freitag mit mir zu
481 2462 2007 2518 ihr? Ja! Die Anatols sollen nicht in Rudolfsheim,
483 2496 2011 2571 sondern eventuell privat aufgeführt werden. Wollen
483 2547 2062 2615 Sie mich Freitag um 6,17 abholen? Es wäre mir ange-
477 2593 2100 2692 nehm,wenn wir beide hingingen.-Gestern 2.Akt vollen-
489 2660 1350 2733 det.- Herzlichst Ihr Arthur
483 2721 1797 2812 Heute will ich zur Jüdin von Toledo gehn.
495 2801 1215 2903 (Nach I.Wollzeile 15).
1150 2919 1251 2989 -- —
