2404 3992
1113 233 1807 376 1 1/2 1/4 1 1 1/1 1
403 287 522 380 [incompréhensible]
1003 785 1133 866 -36-
352 868 1819 977 gehört. Sie? - Wie wird es mit Kopenhagen sein?
350 943 1873 1016 Auch von Paul ist noch nichts Definitives heraus-
348 1001 1831 1062 zubekommen.- Kennen Sie den Briefwechsel Lassing
356 1052 1922 1125 Eva König. Er ist nicht sehr interessant. Merkwür¬
356 1119 1821 1186 dig nur, wie sie sich immer über Lotterienummern
352 1149 1934 1232 berathen.- Lesen Sie den Candide.— Hingegen weniger
348 1222 1839 1285 nothwendig das "Gelächter" von Dörmann,- Ich übe
352 1256 1892 1331 mich in erzählender Prosa: Schreibe "Historietten"
348 1331 1865 1382 wenn Sie wollen, Ja, den alten Dichter hab ich er-
352 1372 1843 1436 heblich gestrichen; ich find ihn aber noch immer
350 1424 1875 1491 etwas langweilig. Die stilistischen Schlampereien
364 1487 1863 1544 ("ich bin erschrocken") sind wohl alle draussen.-
439 1531 1851 1590 Für ischl hab ich literarisch gute Hoffnungen
348 1580 1867 1649 möchte mein Stück gern beenden.- Von Dörmann soll
382 1631 1873 1699 dort ein Einakter gegeben werden, den er mir auch
356 1681 1877 1744 zum lesen gegeben hat und über den ich eigentlich
348 1738 1934 1803 nicht sprechen darf. ("Auch von Frl. Albrecht müssen
356 1786 1867 1861 wir einige freundliche Worte sagen.") - Er heisst
356 1841 1060 1902 "Der Eisbrecher".- Jo. -
394 1865 1865 1942 Hugo war gestern in Wien, ich hab ihn versäumt.-
348 1934 1932 2009 Heut bin ich braver Sohn und holle Mema von der Bahn
346 1995 469 2061 ab. -
415 2025 1946 2114 In diesem Augenblick sitzt der Schreiber im Neben-
344 2106 1513 2161 zimmer und paginirt den alten Dichter.
342 2150 1813 2211 Leben Sie wohl und nehmen Sie von Ihrer schönen
348 2197 1869 2260 Arbeitssehnsucht recht viel ins Civil herüber. So
370 2248 1950 2306 könnten Sie z.B. den Götterliebling zu Ende schrei-
344 2302 1825 2363 ben. Finden Sie nicht? - Viele herzliche Grüsse,
342 2351 680 2438 Ihr Arthur
344 2430 1519 2527 (nach Caslau Nr.12,k.k.Landw.Inf.Reg.)
920 2557 1092 2620 ====  =====
