2396 4040
1349 300 1475 406 V.
952 805 1133 912 -148-
1788 849 1906 937 333
1107 899 1633 1004 Ischl, 22.8.1914.
340 1000 1946 1122 Lieber Richard, wir sind recht reisemüde nach dieser
343 1070 1849 1177 höchst unbequemen überlangen Fahrt - wollen hier
347 1112 1950 1231 eigentlich nur ein paar Tage ausruhn und nicht mehr
349 1160 2009 1290 hin und her radeln, Vielleicht entschliessen Sie sich
347 1217 1914 1345 mit Paula, Montag oder Dienstag herüberzufahren? Es
353 1269 2009 1391 wäre sehr schön! Wir dürften Mittwoch oder Donnerstag
351 1320 1887 1435 heimfahren. Wie lange bleiben Sie überhaupt noch?
357 1381 1719 1494 Wir grüssen Sie alle herzlichst! Ihr Arthur.
366 1402 2024 1536 Vielleicht machen Sie etwas mit Saltens ab, dem ich in
361 1502 1151 1607 ähnlichem Sinne schreibe.
364 1612 939 1717 (nach Weissenbach)
1879 1706 2011 1792 334
1540 1721 1782 1815 ? 1914.
1200 1752 1376 1828 Wien.
372 1834 2061 1950 Lieber Richard — bleiben Sie nur in den Bergen, so lang
382 1885 1984 1996 Sie wollen und können. Ich wüsste absolut nicht, was
376 1948 1887 2053 Sie (vorläufig) hier machen sollten. Nachrichten
378 1971 2057 2108 gibt es hier kaum früher als bei Ihnen - Gerüchte viel
382 2053 1849 2156 leicht - aber die glaubt man sowieso nicht. Die
385 2101 1973 2198 Spannung in den letzten Tagen war ungeheuer - heute
385 2162 2032 2265 ist man etwas ruhiger. Lassen Sie sichs wohl ergehen,
376 2215 1853 2343 grüssen Sie Paula und die Kinder von uns Allen.
817 2265 1515 2353 Herzlichst Ihr Arthur.
385 2377 954 2484 (nach Weissenbach)
1935 2479 2049 2570 335
1221 2498 1710 2614 Wien, 7 1915.
389 2595 1990 2742 Lieber Richard, Dr.Reik wohnt Wien XVIII. Lasaristen-
403 2656 2059 2778 gasse 2.-Auf dem Semmering wars sehr schön (das Essen
403 2721 2024 2828 leider unmöglich, und lächerlich theuer),-seit Montag
403 2765 1994 2877 sind wir zurück und seither regnet's. Dass wir Ende
401 2824 1935 2923 Juli nach Ischl kommen (auf circa 10-14 Tage) ist
406 2870 2059 2988 nicht unwahrscheinlich. Lassen Sie siehe wohl ergehn,
403 2927 2057 3041 und all den Ihnen. Wir grüssen herzlichst. Ihr Arthur.
412 2996 1416 3116 (nach Ischl, Doctor Sterz-Weg 14)
