2424 4023
1915 278 2106 394 V. W.
954 892 1081 965 -95-
1295 976 1725 1068 Rom.1.4.1901.
1911 1010 2027 1121 170
364 1087 1104 1177 Herzlichen Gruss Arthur.
374 1168 1117 1245 Viele Prüsse Wa ermann.
1273 1327 1849 1427 Florenz, 13.4.1901.
364 1423 1203 1545 Herzliche Grüsse Ihr A.Sch.
1920 1436 2020 1545 17
1278 1635 1725 1727 Bologna,14.01.
400 1740 1267 1836 Herzliche Grüsse Ihr Arthur.
1915 1742 2007 1843 175
1188 1922 1763 2029 St.Anton a.Arlborg
1920 1928 2029 2044 173
1256 2007 1483 2086 4.7.01.
364 2089 2063 2179 Mein lieber Richard, ich war zuerst 14 Tage in Salzburg.
374 2153 2086 2221 Oesterr.Hof, mit ihr, es war sehr schön. Dann 2 Tage Inna-
374 2215 2031 2279 bruck (dass ich Schönberg aufgesucht habe, wissen Sie),
379 2260 2039 2337 dann fuhren wir nach Landeck, wo ihre Schwester kam, und
372 2307 2091 2384 nun sind wir in St. Anton - ich habe ein sehr behagliches
404 2367 1997 2433 Zimmer zu 60 Kreuzer in einem Privathaus, und es wäre
370 2425 1984 2491 sehr nett, wenn nicht das Wetter elend wäre. Wie lang
370 2472 1999 2536 ich hier bleibe, kann ich natürlich nicht sagen (daher
379 2508 2031 2589 bitte ich um Nachricht nach Wien) wahrscheinlich fahre
372 2574 1937 2641 ich von hier aus in die Schweiz. Anfang August soll
379 2615 2022 2692 ich dort Mama treffen (Flims von Reichenau aus 3 Stun-
374 2675 1992 2748 den) auf etwa 8 Tage. Der Wörthersee fiel ins Wasser,
370 2724 1941 2791 weil Scharlachgerüchte umgingen, und überdies wollte
370 2780 1969 2838 Mama nicht zu Pundsohn, weil ich nicht wusste, auf wie
370 2831 1990 2895 lang ich hingehn würde. Nun bin ich so weit von dort,
370 2885 1990 2945 dass ich Sie heuer im Sommer kann sohn werde, wenn Sie
370 2934 1913 2994 nicht mir, resp. mir und Paul Goldmann (von dem ich
372 2983 2054 3073 übrigens noch keine bestimmte Nachricht habe) irgenawie
