2397 4041
1359 248 1531 356 V. W.
777 291 885 399 Johannes
1940 268 2028 441 17
1782 763 1930 875 203
929 785 1104 885 -106-
1196 877 1751 976 Corfou 13.3.1904.
329 942 1117 1080 Herzliche Grüsse! Ihr A.
1810 1062 1977 1210 204
1208 1119 1698 1232 Wien, 26.4.1903.
348 1182 1916 1302 Lieber Richard, aus einer Karte Hugos vom Semmering
352 1265 1912 1352 entnehme ich, dass er die meine nicht erhalten hat,
356 1316 1883 1407 Diese meine Karte schlug ein Rendesvous für Mitt-
350 1318 1985 1452 woch Abend Hietzing Kuffner vor und bat ihn, das auch
350 1411 1839 1513 Ihnen mitzutheilen. Es wäre mir resp. uns beiden
358 1454 1885 1558 Olga und mir sehr lieb. Sie Beide noch vor unserer
348 1517 1830 1621 Abreise zu sehen. Wir werden also jedenfalls in
356 1554 1879 1664 Hietzing sein. (Auch Bahr hatt' ich geschrieben.)
352 1641 995 1761 Herzlich Ihr Arthur.
356 1737 775 1849 (nach Rodaun)
1220 1861 1653 1963 Rom.7.5.1904.
1839 1851 1979 1948 205
358 1928 1153 2052 Herzliche Grüsse A. Olga.
1194 2097 1468 2213 Kurmata.
1232 2170 1832 2255 Taormina, 20.5.1904.
1851 2213 1999 2312 206
358 2233 1782 2363 Herzliche Grüsse an Sie und Paula Ihr Arthur.
368 2323 594 2406 O1ga S.
1889 2398 2040 2524 207
1232 2402 1731 2520 Wien, 28.7.1904.
370 2471 1897 2585 Lieber Richard,-ich hatte mir wirklich schon ein-
378 2550 1851 2646 gebildet - es könnte ein Brief sein - aber auch
370 2601 1851 2685 für den Theaterzettel mit Gruss und Spass danko
376 2638 1873 2746 ich Ihnen herzlich. Wir waren etwa 14 Tage (mit
376 2703 1808 2796 Mama) in Reichenau, sind Samstag zurück; es war
372 2737 1916 2841 wunderschön, ich war in Nasawald und endlich sogar
376 2817 1918 2914 auf der Rax, habe etliches gearbeitet, und was mei-
366 2853 1967 2967 ne Gesundheit anbelangt, so ist sie eigentlich kommt
374 2925 1922 3047 nir vor besser als vor der Gelbsucht. Nun bleiben
