2415 3992
1456 257 1666 364 '    "   -;   9
1140 282 1309 391 1 „ „
907 783 1046 858 -80-
332 932 1845 1027 jedem Tag tiefer; Der Sommer hat so seine eigenen
332 982 1807 1067 qualen.- Zu arbeiten hab ich versucht. - Mit Hugo
332 1031 1870 1119 hab ich gestern eine schöne Radpartie gemacht: Ed-
341 1092 1860 1176 lacher Hof - Singerin - Gutenstein - Pottenstein.
337 1168 553 1235 Vöslau.
337 1187 1809 1285 Morgen Abend fahr ich nach Slavonien und wünsche
343 1243 1885 1319 in den letzten Junitagen wieder hier zu sein. Dann
337 1302 1292 1365 bleib ich etwa 10-12 Tage hier.
337 1340 1914 1422 Paul Goldmanns Adresse einfach Frankfurter Zeitung.
341 1407 1698 1479 Die tirolische Tour ist ungefähr; oder wäre:
337 1464 1841 1517 Niederdorf Schluderbach Tra Croce Cortina
347 1496 1904 1586 Caprile - Tevaja - Karrersee - Rollepass - Martino
349 1576 564 1637 Trient.
347 1599 1420 1681 Einfacher: Bozen - Karrersee u.s.w.
343 1654 1605 1740 Leben Sie wohl, grüssen Sie Weib und Kind.
343 1719 1113 1809 Herzlich der Ihre Arthur
353 1811 835 1906 (nach Seeboden).
934 1919 1100 1999 ====  =====
1862 1959 1982 2083 137
1262 1982 1672 2100 Wien, 21.6.99.
341 2024 513 2118 Nr.2.
347 2118 671 2201 Noch eins:
343 2135 2032 2257 wie heissen diese Closete oder vielmehr Selbstschützer
349 2232 1917 2299 die Sie mir neulich triumphirend gezeigt, und wo be-
351 2278 793 2367 kommt man sie?
349 2348 541 2430 Ihr A.
928 2390 1006 2466 --
