2388 3993
192 278 288 390 1er
1840 276 1936 384 1m
997 821 1144 903 -29-
1810 895 1918 978 46
1146 913 1593 1015 Wien, 20.10.94.
396 1025 909 1097 Lieber Richard.
402 1085 1895 1152 Schmetterlingsschlacht: Erster Akt sehr gut, voll
408 1136 2010 1215 glänzenden, nur zuweilen etwas absichtlichen Details;
406 1193 1797 1248 - machte erwartungsvolle treffliche Stimmung.
408 1242 1871 1299 Zweiter Akt lässt sich nicht übel an; befremdet
406 1291 2020 1360 bereits durch einige Trivialitäten – enttäuscht aber
400 1348 2032 1422 noch nicht recht. Der dritte Akt schwach, ungeschickt,
400 1401 2038 1473 ohne selbst den stofflichen Inhalt, der in ihm steckt,
402 1454 1912 1524 auszuschöpfen; verstimmend,mit einem affectirten,
406 1513 1922 1569 psychologisch falschen, enervierenden Schluss. Der
398 1565 1920 1630 letzte Akt kurzweg kläglich, geradezu erbitternd.
400 1609 1918 1685 Sudermann scheint doch nur der grosse Meister der
402 1663 1979 1736 ersten Akte zu sein.— (Ehre, Sodom, Heimath - überall
404 1718 1830 1791 der erste Akt am besten.) - Einige Figuren der
400 1775 1983 1838 Schmett, famos, andere unerlaubt läppisch. Das ganze
402 1828 2000 1904 Stück nicht einer glücklichen Eingebung entstammend,
400 1889 1910 1944 sondern recht mühselig und ohne Glück construirt.
394 1918 2010 2008 Das ärgste wär zu vermeiden, wenn 3.u.4. Akt zu einem
394 1979 1857 2053 zusammengezogen werden und die Rolle der naiven
388 2016 1967 2104 Rosiaus der gemeinen Theaterschablone ins menschli-
394 2087 1936 2163 che hinaufgehoben wird. Die Darstellung ist gross-
453 2132 1947 2224 tig; sie lügt geradezu Seelen in die Puppen.- Um
394 2190 1881 2259 die Schm. für Sud.'s bestes Stück zu halten, muss
390 2228 1875 2318 man entweder nichts verstehn — oder Hermann Bahr
388 2296 1844 2363 sein. Ueber seine Kritik und noch vieles andere
380 2330 2018 2433 hab ich gestern erst zwei Stunden mit ihm geplauscht.
411 2398 1912 2473 Ich zweifle gar nicht: er will immer interessant
378 2445 1869 2525 immer geistvoll, immer bizarr sein, und es gelingt
382 2496 1844 2572 ihm fast immer - aber wenn die Originalität und
382 2553 1889 2631 die Bizarrerie - ja sagen wir zuweilen selbst die
376 2592 1877 2678 Tiefe seiner künstlerischen Anschauungen mit der
374 2641 1920 2743 Wahrheit zusammenfällt,so ist das gewiss mehr Zu-
368 2702 1916 2784 fall als der schöne Drang nach kritischer Ehrlich-
366 2749 1881 2855 keit. Und was könnte dieser Mensch nicht leisten,
