2448 4038
1421 244 1700 362 1 " "
1910 703 2052 803 297
1906 790 2054 900 294
1006 815 1177 930 -137-
1285 898 1779 1010 Wien, 12.7.1910.
373 983 1984 1173 Mein lieber Richard, wir waren ein paar Tage auf dem
371 1067 1938 1222 Semmering - Mama's Geburtstag,englische Verwandte,
377 1107 2056 1285 Brahm, Kainz - und Ihr Brief erwartete mich, als ich un-
383 1163 1944 1330 sere schon in Zerstörung begriffene Wohnung wieder
383 1205 2062 1370 betrat. Ich freu mich sehr, dass Sie das Stück gut fin-
385 1273 1961 1434 den und glaube auch gern Ihrer Voraussage, dass ich
388 1326 2020 1482 noch Freude an meiner Tragikomödie haben werde - nur
402 1374 2056 1531 bin ich nicht sicher, ob das schon bei Gelegenheit der
400 1417 2075 1580 ersten Aufführung sein wird, was ebensowohl mit Publi-
398 1482 2052 1639 kumspyschologie als mit Schauspielerconstellation zu-
404 1535 2060 1690 sammenhängt. Ueber all dies,- auch über die Liebe der
415 1584 2003 1736 Genia's zu den Hofreiters (die vorkommt! öfters als
415 1639 2071 1785 die zu edlern Exemplaren!) näheres, hoffentlich, noch in
421 1671 2124 1846 diesem Sommer. Vorläufig bin ich etwas gerührt und fast
419 1738 2120 1889 etwas beschämt, dass Sie mir einen so langen und schönen
419 1800 2103 1940 Brief geschrieben haben. (Wenn es aber als Ausrede be-
421 1846 1988 1993 nützt werden soll, dass Sie im „Traum“ nicht weiter
430 1878 2043 2048 gekommen sind, so wasch ich meine Händenin Unschuld.)
430 1948 2054 2090 Morgen kommen meine Bücher in die Sternwartestrasse;
430 2005 1995 2141 und wir hoffen Samstag oder Sonntag zum ersten Mal
436 2041 2137 2202 drüben zu schlafen. Ihr Mirjam-Gedicht (für dessen Sen-
436 2098 2124 2242 dung ich herzlich danke) kann ich jetzt von der braven
428 2147 2124 2304 Frieda nicht abschreiben lassen,weil sie in Alt-Aussee
472 2206 2103 2357 Salzberggasse 46 lebt ohne Schreibmaschine. Aber ich
447 2268 2103 2397 will nächste Woche,wenn wir so weit sind, ihre Vertre-
451 2346 2113 2503 Und wie geht es Ihnen? sind Sie mit Wohnung und allem
447 2369 1080 2465 terin kommen lassen.
451 2418 1872 2552 übrigen zufrieden? Und Paula? Und die Kinder?
457 2501 1427 2615 Wir grüssen Euch alle vielmals.
764 2560 1457 2655 Herzlichst Ihr Arthur.
459 2670 855 2795 (nach Ischl)
