2336 3994
248 283 516 396 1 - 1 - 1 1 -
2104 330 2265 425 1 ine 1
1305 324 1392 442 11.
1018 764 1177 826 -82-
1976 789 2077 873 141
1301 851 1716 931 Wien, 16.7.99.
477 954 2084 1039 Lieber Richard,ich will Dienstag Früh in Velden, Pen-
487 1018 1989 1103 sion Pundschu eintreffen. Schreiben Sie mir dann,
483 1080 1933 1142 wann Sie zu mir oder ich zu Ihnen kommen soll.
494 1117 2001 1198 Wollen Sie früher mit Ihrer Arbeit fertig sein,so
496 1173 1838 1253 schreiben Sie mir eben, wann Sie fertig sind.
489 1222 1970 1303 Bayreuth wird kaum was zu bekommen sein. Bin ich
498 1274 1980 1351 Ende Juli schon in jener Gegend, so komm ich kaum
489 1322 2007 1410 mehr nach Kärnthen, resp. Tirol zurück. Im übrigen
496 1373 1910 1456 all das lässt sich mündlich besser besprechen.
496 1443 1097 1514 Herzlich Ihr Arthur
489 1495 1660 1574 Wassermann kommt Mittwoch nach Velden.
502 1600 964 1679 (nach Seeboden)
1008 1710 1127 1761 --:
1960 1757 2088 1844 142
1344 1788 1821 1869 Valden, 20.7.99.
496 1889 2077 1962 Lieber Richard, telegr. Sie mir jedenfalls einen Tag
496 1933 2104 2013 früher, bevor Sie kommen. Bleiben Sie dann über Nacht
498 1991 2040 2067 hier? - Event. avisiren Sie auch Robert Hirschfeld
508 2044 2009 2131 (Krumpendorf) wann Sie hier sind? - An die Tausrn
498 2098 2158 2172 glaube ich nicht, sind mir auch nicht sehr sympathisch.
502 2156 1999 2218 Meinen Sie den Uebergang vom Millstättersee resp.
504 2197 2030 2269 Spital aus? - Ich habe andere Vorschläge zu unter-
504 2257 2071 2329 breiten. Wenn ich nur ahnte,ob wir W oder 2 oder 14
504 2315 1183 2387 Tage zusammen bleiben?
502 2342 1635 2426 Wassermann kommt erst heut Åbend an.-
564 2410 1997 2476 Gestern hab ich eine Radtour gemacht, Faakersee,
502 2468 2069 2542 mit Ihrer Schwester u. Ihrem Schwager - es war bei-
496 2523 1551 2581 nah ganz wie im vorigen Jahre- und
504 2590 1699 2647 - Es ist vergeblich ein Wort zu suchen.
498 2627 1332 2705 Leben Sie wohl. Ihr Arthur.
502 2722 958 2808 (nach Seeboden)
