2405 4041
1846 831 1989 951 217
853 833 1032 949 -112-
1159 907 1688 1048 Wien, 48.11.1904.
368 1072 1967 1227 ich bitte Sie sehr Reinhardt nochmals in meinem Na-
354 1088 817 1179 Lieber Richard
366 1159 1830 1287 man dringend zu ersuchen,er möge,ob nun Delorme
372 1219 1933 1325 freigegeben oder ob es definitiv verboten wird, ab-
380 1269 1842 1374 solut nichts in die Zeitung geben und überhaupt
372 1323 1907 1428 nichts verfügen.ohne sich vorher mit mir in Ver-
380 1398 1010 1492 bindung zu setzen. -
384 1398 1951 1531 Gern würde ich Ihre Meinung wissen,ob Sie es nicht
382 1478 1941 1581 auch für opportun hielten, selbst im Fall eines Er-
380 1539 1915 1649 laubtwerdens, die ev. Aufführung hinaussuschieben.
416 1579 1921 1692 An dieser Ueberfracht von unfreiwilliger Reclame
380 1631 1949 1736 und gespannten Erwartungen müsste meiner Empfindung
382 1702 1838 1796 nach auch ein stärkores Stück zu Grunde gehen.
392 1736 1923 1848 Theilen Sie mir mit, wie es Ihnen und Ihren Proben
386 1800 1875 1899 geht, grüssen Sie mit mehrerem oder minderem Em-
388 1834 1957 1949 pressement. Älles guts an Reinhardt und noch etwas
392 1933 782 2003 mehr an Sie.
392 1973 939 2062 Herzlichst Ihr A.
394 2040 1251 2178 (nach Berlin,Hotel Bristol)
1205 2241 1718 2355 Wien, 23.12.1904.
1852 2253 1979 2337 218
392 2291 714 2375 Telegramm
394 2335 1633 2456 Dieser Wunsch sei meinem Freund geweiht
412 2422 1500 2512 Dass in seinem sehr geliebten Werke
412 2482 1410 2567 Jeder alle Weichheit, alle Stärke
408 2528 1448 2613 Einer ungebrochnen Menschlichkeit
406 2595 1507 2679 Keiner den berühmten Bruch bemerks.
1494 2649 1730 2748 Arthur.
1905 2739 2034 2838 219
418 2740 831 2846 (nach Berlin)
1185 2804 1704 2902 Lueg, 28.12.1904.
416 2864 1997 2987 Montag Abend den 2. sind wir (hoffentlich) in Hie-
422 2933 1875 3037 tsing bei Kuffner. Möchte Sie gern bald sehen.
416 2999 1370 3112 Ihr A. Herzliche Grüsse! Olga.
424 3104 853 3208 (nach Rodaun)
