2365 3992
1564 228 1775 327 1: ̃
460 238 605 338 11.1
1328 230 1425 346 11
2135 296 2256 377 Votre
1116 756 1247 820 -86-
2003 739 2104 841 52
1288 828 1860 928 Wiesbaden,3.10.99.
468 940 2055 1034 Heute Abend fahr ich nach Berlin.- Will mein Stück
466 1011 2013 1087 nochmals umarbeiten.- Bleibe in Berlin wahrschein¬
474 1052 1930 1137 lich bis Sonntag. Wohne dort Hotel Savoy. Viele
470 1079 2111 1201 herzliche Grüsse. Ich freue mich über Ihre 420 Verse.
472 1191 549 1255 A.
483 1270 1000 1363 (nach St. Michael)
1007 1311 1164 1386 ====  =====
2003 1373 2102 1479 153
1270 1394 1756 1498 Berlin, 8.10.99.
478 1481 2026 1595 Mein lieber Richard, das ist entsetzlich, was dieser
478 1564 2032 1647 Leo wieder durchmachen muss! Da kommen einem immer
487 1620 1951 1703 wieder diese alten Phrasen innden Mund, aber ich
481 1655 2009 1756 will sie unterdrücken. Wann kommen Sie nach Wien?
483 1715 2036 1806 Paul Goldmann kommt, ebenso wie ich, Donnerstag oder
493 1758 2090 1856 Freitag in Wien an - pardon - willi ankommen - eben-
489 1841 2094 1901 so wie ich will; er wird etwa 8 Tage bei mir wohnen.
487 1891 1984 1968 Ich denke, Sie werden auch nicht mehr lang da
495 1937 2059 2017 unten oder da oben bleiben? Nun jedenfalls richten
499 1986 2098 2063 Sie sichs wohl so ein, dass Sie Paul noch in Wien an-
499 2032 2026 2111 treffen—? Ich habe gestern dem Brahm die Beatrice,
489 2088 2080 2169 mit guter Wirkung, glaub ich, vorgelesen. Er hat kaum
499 2135 2042 2227 gemerkt, wie viel ich noch dran zu machen habe. Die
495 2208 2057 2262 ungstrichene Aufführung würde fünf Stunden dauern.
499 2222 2167 2322 Ihre Ermahnung kam zu spät; ich hatte Brahm schon eine
505 2305 2109 2361 "bessere Meinung" beigebracht. So grüsst er Sie also
493 2353 1237 2432 wieder,Kerr desgleichen.
499 2394 2048 2473 - Hier friert man bereits und heizt ein und friert
501 2465 779 2533 trotzdem
489 2481 2106 2579 Leben Sie wohl und erlauben Sie mir mich auf die un-
495 2560 1270 2626 selige Mitgift zu freuen.
489 2616 1170 2709 Herzlichst Ihr Arthur.
501 2715 1019 2804 (hach St.Michael)
1044 2775 1191 2827 ====
