2424 4023
2003 334 2102 453 1e
948 800 1125 894 -102-
1942 846 2034 961 90
1245 863 1703 977 Wien, 16.11.02.
325 918 1894 1062 Lieber Richard, die nächste Zeit kann ich kann nach
323 990 1977 1118 Godaun; die Vormittage sind zu kurz, Nachmittag arbeit
323 1064 1860 1164 ich. Könnte man sich denn nicht in Wien sehn? Sie
323 1103 1986 1219 kommen ja so oft herein. Das wär doch fürs erste viel
327 1192 1206 1280 einfacher. Herzlichst Ihr A.
331 1254 743 1369 (nach Rodaun)
922 1291 1064 1367 ====--
1971 1325 2064 1413 191
1223 1367 1674 1445 Wien.24.12.02.
327 1380 1927 1522 Lieber Richard, ich danke ihnen. Es ist wunderschön.
327 1458 2047 1583 Man kann es gar nicht "anstatt" tragen, Ich bin ergrif-
327 1572 477 1633 fen.
334 1541 1744 1672 Grüssen Sie. Auf bald. Herzlichst Ihr Arthur.
342 1668 528 1753 (w.o.)
2006 1735 2104 1844 92
1192 1757 1801 1870 Salzburg, 14.1.1903.
342 1814 2058 1936 Lieber Richard, bei dem Badebesitzer Schaller in Rodaun,
349 1879 1986 1984 Liesingerstrasse, wohnt seit einigen Tagen unser Hund,
342 1921 2095 2036 Bern genannt. Sie wissen dass wir in Wien nichts mit ihm
342 1984 1942 2091 anfangen können, und dass wir deshalb jedenfalls auf
347 2036 2034 2145 seinen ferneren Besitz verzichten müssen. Wenn Sie ihn
347 2095 2054 2184 daher (statt des Flirt zu tragen) von mir annehmen wol-
340 2145 2080 2241 len, so erweisen Sie mir damit nur einen Gefallen, Ueber-
349 2200 2064 2300 legen Sie sichs; denn Eile hat die Sache in keiner Wei-
347 2241 1977 2354 se. Das Thier wohnt in Ihrer Nähe, warten Sie, bis ihm
355 2311 1975 2402 wieder die Haare gewachsen sind, und fragen Sie sich,
351 2322 2038 2452 ob Sie sich mit ihn befreunden können.-Wär ich auf dem
349 2407 2040 2500 Land wie Sie, ich behielt ihn gern; unter den gegebenen
362 2452 2043 2555 Umständen aber wäre mir der Gedanke, dass Bern in Ihren
351 2535 1439 2601 Besitz übergeht, der freundlichste.-
355 2562 2034 2657 Ich bin mit Olga seit vorgestorn hier,-und fraus mich,
358 2612 2017 2712 inmitten des beruhigenden Schneefalls und der winter-
351 2657 2014 2769 lichen Stille, dass ich mich wenigstens zu diesem Ent-
358 2692 2082 2812 schluss aufraffen konnte. Bis Ende der Woche hoffen wir
362 2777 1870 2867 zu bleiben.-Seien Sie herzlichst gegrüsst Ihr A.
366 2856 565 2950 (v.o.)
