<?xml version="1.0" encoding="UTF-8" standalone="yes"?>
<PcGts xmlns="http://schema.primaresearch.org/PAGE/gts/pagecontent/2013-07-15" xmlns:xsi="http://www.w3.org/2001/XMLSchema-instance" xsi:schemaLocation="http://schema.primaresearch.org/PAGE/gts/pagecontent/2013-07-15 http://schema.primaresearch.org/PAGE/gts/pagecontent/2013-07-15/pagecontent.xsd">
    <Metadata>
        <Creator>prov=READ-COOP:name=TrHtr:version=2.1.0:model_id=51170:date=29_07_2023_10:10</Creator>
        <Created>2023-05-10T12:30:30.315+02:00</Created>
        <LastChange>2023-07-29T10:10:10.230+02:00</LastChange>
        <TranskribusMetadata docId="1428204" pageId="55403250" pageNr="24" tsid="131406674" status="IN_PROGRESS" userId="64420" imgUrl="https://files.transkribus.eu/Get?id=VDAINOBOMHFZCFUAKJZQUDHT&amp;fileType=view" xmlUrl="https://files.transkribus.eu/Get?id=DKLVMDVXLCVDGDYYGNEBSEPB" imageId="44678071"/>
    </Metadata>
    <Page imageFilename="1428204_0024.jpg" imageWidth="3624" imageHeight="4392">
        <ReadingOrder>
            <OrderedGroup id="ro_1711795814728" caption="Regions reading order">
                <RegionRefIndexed index="0" regionRef="tr_2"/>
                <RegionRefIndexed index="1" regionRef="tr_1"/>
            </OrderedGroup>
        </ReadingOrder>
        <TextRegion id="tr_2" custom="readingOrder {index:0;}">
            <Coords points="1378,570 3365,570 3365,1689 1378,1689"/>
            <TextLine id="tr_2_tl_1" custom="readingOrder {index:0;}">
                <Coords points="1533,701 1822,676 1918,731 2102,671 2346,703 2560,626 2597,649 2599,519 2557,507 2470,537 2328,482 2259,522 2087,539 2003,509 1913,552 1807,524 1707,564 1538,514"/>
                <Baseline points="1548,671 1575,668 1620,668 1664,665 1709,665 1754,662 1799,665 1843,665 1888,665 1933,659 1978,656 2022,656 2067,656 2112,659 2157,656 2201,656 2246,653 2291,650 2336,650 2380,647 2425,647 2470,641 2515,635 2560,626 2604,620"/>
                <TextEquiv>
                    <Unicode>Es w. H lebst</Unicode>
                </TextEquiv>
            </TextLine>
            <TextLine id="tr_2_tl_2" custom="readingOrder {index:1;}">
                <Coords points="1546,885 1822,832 1958,900 2112,820 2405,810 2507,867 2883,800 3106,852 3126,713 2942,688 2835,746 2656,696 2363,755 2102,668 1951,753 1548,728"/>
                <Baseline points="1560,826 1563,829 1608,829 1652,826 1697,823 1742,820 1787,820 1831,820 1876,820 1921,820 1966,817 2011,817 2055,817 2100,814 2145,811 2190,811 2234,811 2279,811 2324,808 2369,805 2413,802 2458,802 2503,802 2548,799 2592,799 2637,802 2682,799 2727,799 2771,796 2816,796 2861,796 2906,793 2950,790 2995,787 3040,784 3085,787 3129,784"/>
                <TextEquiv>
                    <Unicode>dieses Geschäfts entlassen. Dies</Unicode>
                </TextEquiv>
            </TextLine>
            <TextLine id="tr_2_tl_3" custom="readingOrder {index:2;}">
                <Coords points="1566,994 2199,1001 2463,947 3158,982 3161,837 2776,885 1571,870"/>
                <Baseline points="1581,969 1599,969 1644,969 1688,963 1733,960 1778,960 1823,960 1867,957 1912,957 1957,954 2002,954 2046,951 2091,951 2136,948 2181,945 2225,945 2270,945 2315,942 2360,942 2404,942 2449,939 2494,939 2539,939 2583,942 2628,936 2673,936 2718,933 2762,933 2807,933 2852,930 2897,927 2941,924 2986,924 3031,924 3076,918 3120,918 3165,915"/>
                <TextEquiv>
                    <Unicode>Ihnen als Ihr Oberst. Dies ist mei</Unicode>
                </TextEquiv>
            </TextLine>
            <TextLine id="tr_2_tl_4" custom="readingOrder {index:3;}">
                <Coords points="1424,1156 2823,1076 3134,1118 3208,1093 3211,984 1429,1026"/>
                <Baseline points="1441,1109 1470,1109 1515,1106 1560,1106 1605,1106 1649,1103 1694,1106 1739,1106 1784,1103 1829,1103 1873,1100 1918,1098 1963,1095 2008,1095 2052,1092 2097,1092 2142,1089 2187,1089 2231,1089 2276,1086 2321,1086 2366,1083 2410,1083 2455,1080 2500,1077 2545,1077 2589,1077 2634,1071 2679,1071 2724,1071 2768,1068 2813,1071 2858,1068 2903,1068 2947,1068 2992,1065 3037,1062 3082,1059 3126,1059 3171,1059 3216,1059"/>
                <TextEquiv>
                    <Unicode>Befehl. Aber es wäre närrisch zu ver</Unicode>
                </TextEquiv>
            </TextLine>
            <TextLine id="tr_2_tl_5" custom="readingOrder {index:4;}">
                <Coords points="1362,1317 1608,1250 3240,1210 3280,1066 3104,1131 3017,1078 1754,1185 1369,1148"/>
                <Baseline points="1378,1247 1402,1247 1447,1247 1491,1247 1536,1247 1581,1244 1626,1241 1670,1241 1715,1241 1760,1238 1805,1235 1849,1235 1894,1232 1939,1229 1984,1229 2028,1226 2073,1226 2118,1226 2163,1223 2207,1223 2252,1220 2297,1217 2342,1214 2386,1214 2431,1211 2476,1211 2521,1208 2565,1208 2610,1208 2655,1205 2700,1202 2745,1202 2789,1205 2834,1205 2879,1199 2924,1199 2968,1193 3013,1190 3058,1187 3103,1187 3147,1187 3192,1187 3237,1184 3282,1181"/>
                <TextEquiv>
                    <Unicode>langen, das Sie ihn ausführen. Ich rate</Unicode>
                </TextEquiv>
            </TextLine>
            <TextLine id="tr_2_tl_6" custom="readingOrder {index:5;}">
                <Coords points="1392,1399 2617,1404 2838,1339 3278,1389 3285,1228 2778,1280 2676,1215 2545,1270 1933,1233 1710,1325 1397,1282"/>
                <Baseline points="1405,1378 1450,1378 1494,1375 1539,1375 1584,1375 1629,1375 1673,1375 1718,1375 1763,1375 1808,1372 1852,1369 1897,1366 1942,1363 1987,1363 2031,1360 2076,1360 2121,1357 2166,1357 2210,1357 2255,1354 2300,1354 2345,1354 2389,1351 2434,1351 2479,1348 2524,1345 2568,1342 2613,1339 2658,1336 2703,1336 2747,1336 2792,1333 2837,1330 2882,1330 2927,1330 2971,1330 3016,1327 3061,1324 3106,1321 3150,1321 3195,1321 3240,1321 3285,1324"/>
                <TextEquiv>
                    <Unicode>Ihnen, versuchen Sie mit ihr zu fliehen.</Unicode>
                </TextEquiv>
            </TextLine>
            <TextLine id="tr_2_tl_7" custom="readingOrder {index:6;}">
                <Coords points="1364,1578 3305,1498 3362,1404 3129,1344 2843,1426 1367,1461"/>
                <Baseline points="1378,1530 1396,1530 1441,1530 1485,1527 1530,1527 1575,1527 1620,1527 1664,1524 1709,1524 1754,1524 1799,1521 1843,1518 1888,1515 1933,1512 1978,1512 2022,1509 2067,1506 2112,1506 2157,1503 2201,1503 2246,1503 2291,1500 2336,1500 2380,1500 2425,1500 2470,1497 2515,1494 2560,1491 2604,1488 2649,1485 2694,1485 2739,1482 2783,1485 2828,1482 2873,1476 2918,1476 2962,1476 3007,1473 3052,1473 3097,1470 3141,1470 3186,1467 3231,1464 3276,1462 3320,1459 3365,1459"/>
                <TextEquiv>
                    <Unicode>Is kann Ihnen vielleicht gelingen in dieser</Unicode>
                </TextEquiv>
            </TextLine>
            <TextLine id="tr_2_tl_8" custom="readingOrder {index:7;}">
                <Coords points="1362,1727 3305,1657 3332,1486 2773,1563 2659,1493 2550,1548 2291,1518 1630,1628 1367,1573"/>
                <Baseline points="1378,1673 1408,1679 1453,1679 1497,1679 1542,1679 1587,1679 1632,1676 1676,1673 1721,1670 1766,1667 1811,1667 1855,1664 1900,1661 1945,1658 1990,1655 2034,1655 2079,1655 2124,1655 2169,1652 2213,1649 2258,1647 2303,1647 2348,1647 2392,1644 2437,1641 2482,1641 2527,1638 2571,1635 2616,1632 2661,1629 2706,1629 2750,1626 2795,1626 2840,1626 2885,1626 2929,1626 2974,1620 3019,1620 3064,1617 3109,1617 3153,1611 3198,1608 3243,1608 3288,1605 3332,1611"/>
                <TextEquiv>
                    <Unicode>Zeit. Sie verstehen mich nicht? Ich rate</Unicode>
                </TextEquiv>
            </TextLine>
        </TextRegion>
        <TextRegion id="tr_1" custom="readingOrder {index:1;}">
            <Coords points="1387,1695 3395,1695 3395,3229 1387,3229"/>
            <TextLine id="tr_1_tl_1" custom="readingOrder {index:0;}">
                <Coords points="1374,1844 3327,1784 3372,1662 1379,1749"/>
                <Baseline points="1387,1823 1405,1826 1450,1823 1494,1823 1539,1823 1584,1823 1629,1823 1673,1820 1718,1814 1763,1814 1808,1811 1852,1811 1897,1808 1942,1805 1987,1802 2031,1802 2076,1802 2121,1799 2166,1799 2210,1796 2255,1793 2300,1793 2345,1790 2389,1787 2434,1787 2479,1784 2524,1781 2568,1781 2613,1781 2658,1775 2703,1772 2747,1772 2792,1769 2837,1766 2882,1763 2927,1763 2971,1763 3016,1763 3061,1760 3106,1757 3150,1754 3195,1754 3240,1748 3285,1745 3329,1745 3374,1751"/>
                <TextEquiv>
                    <Unicode>Ihnen, versuchen Sie zu leben Ich habe ver</Unicode>
                </TextEquiv>
            </TextLine>
            <TextLine id="tr_1_tl_2" custom="readingOrder {index:1;}">
                <Coords points="1394,1988 3248,1958 3360,1941 3367,1804 2005,1879 1608,1831 1399,1891"/>
                <Baseline points="1411,1972 1444,1975 1488,1975 1533,1969 1578,1969 1623,1966 1667,1963 1712,1963 1757,1963 1802,1960 1846,1960 1891,1957 1936,1954 1981,1951 2025,1948 2070,1942 2115,1939 2160,1936 2204,1936 2249,1933 2294,1930 2339,1927 2383,1924 2428,1924 2473,1924 2518,1924 2562,1921 2607,1918 2652,1915 2697,1912 2742,1912 2786,1909 2831,1906 2876,1906 2921,1903 2965,1900 3010,1900 3055,1897 3100,1891 3144,1891 3189,1894 3234,1891 3279,1888 3323,1891 3368,1891"/>
                <TextEquiv>
                    <Unicode>spielt. Sie noch nicht Sie haben beide?</Unicode>
                </TextEquiv>
            </TextLine>
            <TextLine id="tr_1_tl_3" custom="readingOrder {index:2;}">
                <Coords points="1377,2130 2555,2140 3151,2038 3350,2087 3357,1938 2232,2023 1384,1990"/>
                <Baseline points="1393,2106 1435,2106 1479,2106 1524,2103 1569,2100 1614,2097 1658,2094 1703,2094 1748,2094 1793,2091 1837,2091 1882,2088 1927,2085 1972,2082 2016,2079 2061,2076 2106,2076 2151,2076 2196,2073 2240,2073 2285,2070 2330,2067 2375,2064 2419,2064 2464,2058 2509,2058 2554,2055 2598,2052 2643,2052 2688,2052 2733,2046 2777,2043 2822,2043 2867,2040 2912,2040 2956,2037 3001,2034 3046,2034 3091,2031 3135,2028 3180,2025 3225,2022 3270,2019 3314,2016 3359,2013"/>
                <TextEquiv>
                    <Unicode>die Rücksichtslosigkeit und Unbedenklich -</Unicode>
                </TextEquiv>
            </TextLine>
            <TextLine id="tr_1_tl_4" custom="readingOrder {index:3;}">
                <Coords points="1379,2256 2468,2249 3034,2174 3134,2224 3352,2197 3357,2090 1382,2159"/>
                <Baseline points="1393,2246 1438,2243 1482,2240 1527,2240 1572,2237 1617,2237 1661,2234 1706,2234 1751,2231 1796,2228 1840,2225 1885,2222 1930,2219 1975,2216 2019,2216 2064,2213 2109,2213 2154,2213 2198,2210 2243,2207 2288,2204 2333,2201 2378,2201 2422,2198 2467,2198 2512,2196 2557,2196 2601,2193 2646,2187 2691,2184 2736,2181 2780,2181 2825,2178 2870,2175 2915,2175 2959,2175 3004,2169 3049,2169 3094,2166 3138,2163 3183,2163 3228,2157 3273,2154 3317,2154 3362,2151"/>
                <TextEquiv>
                    <Unicode>keit die notwendig sind. Sie eine Verbre</Unicode>
                </TextEquiv>
            </TextLine>
            <TextLine id="tr_1_tl_5" custom="readingOrder {index:4;}">
                <Coords points="1389,2408 3310,2348 3365,2338 3370,2204 1394,2319"/>
                <Baseline points="1405,2383 1450,2378 1494,2378 1539,2378 1584,2375 1629,2375 1673,2372 1718,2369 1763,2369 1808,2363 1852,2360 1897,2360 1942,2357 1987,2354 2031,2351 2076,2351 2121,2348 2166,2348 2210,2345 2255,2345 2300,2339 2345,2336 2389,2333 2434,2333 2479,2330 2524,2327 2568,2327 2613,2327 2658,2324 2703,2321 2747,2318 2792,2315 2837,2312 2882,2312 2927,2309 2971,2309 3016,2306 3061,2306 3106,2303 3150,2303 3195,2297 3240,2297 3285,2294 3329,2288 3374,2288"/>
                <TextEquiv>
                    <Unicode>cherin, Sie ein Lügner. Man kann das geben</Unicode>
                </TextEquiv>
            </TextLine>
            <TextLine id="tr_1_tl_6" custom="readingOrder {index:5;}">
                <Coords points="1404,2565 1809,2510 1963,2567 2172,2490 3014,2555 3310,2480 3315,2348 2055,2373 1685,2450 1411,2413"/>
                <Baseline points="1420,2521 1438,2518 1482,2515 1527,2512 1572,2509 1617,2509 1661,2509 1706,2503 1751,2503 1796,2500 1840,2497 1885,2494 1930,2491 1975,2491 2019,2488 2064,2485 2109,2485 2154,2482 2198,2479 2243,2479 2288,2476 2333,2473 2378,2473 2422,2470 2467,2470 2512,2467 2557,2464 2601,2464 2646,2461 2691,2461 2736,2458 2780,2455 2825,2455 2870,2452 2915,2449 2959,2446 3004,2443 3049,2440 3094,2440 3138,2440 3183,2431 3228,2428 3273,2425 3317,2428"/>
                <TextEquiv>
                    <Unicode>auch anders nehmen als ich. Ich muss die</Unicode>
                </TextEquiv>
            </TextLine>
            <TextLine id="tr_1_tl_7" custom="readingOrder {index:6;}">
                <Coords points="1387,2696 2028,2639 2331,2661 2358,2654 2363,2567 2043,2527 1961,2565 1864,2542 1653,2589 1513,2550 1392,2584"/>
                <Baseline points="1402,2655 1426,2655 1470,2655 1515,2652 1560,2652 1605,2652 1649,2649 1694,2649 1739,2643 1784,2640 1829,2637 1873,2634 1918,2631 1963,2631 2008,2628 2052,2625 2097,2622 2142,2622 2187,2619 2231,2616 2276,2613 2321,2613 2366,2613"/>
                <TextEquiv>
                    <Unicode>Konsequenzen ziehen.</Unicode>
                </TextEquiv>
            </TextLine>
            <TextLine id="tr_1_tl_8" custom="readingOrder {index:7;}">
                <Coords points="1407,2855 1710,2796 2033,2838 2147,2796 2299,2820 2435,2761 2589,2771 2594,2656 2423,2617 2025,2691 1670,2661 1541,2714 1414,2704"/>
                <Baseline points="1423,2798 1432,2798 1476,2798 1521,2795 1566,2792 1611,2789 1655,2786 1700,2786 1745,2783 1790,2777 1834,2777 1879,2777 1924,2774 1969,2774 2013,2774 2058,2771 2103,2765 2148,2762 2193,2762 2237,2759 2282,2756 2327,2753 2372,2750 2416,2750 2461,2747 2506,2745 2551,2739 2595,2742"/>
                <TextEquiv>
                    <Unicode>Meine Herren, alle breit?</Unicode>
                </TextEquiv>
            </TextLine>
            <TextLine id="tr_1_tl_9" custom="readingOrder {index:8;}">
                <Coords points="1407,2955 3037,2912 3238,2885 3243,2783 2766,2751 2624,2811 2373,2773 1411,2860"/>
                <Baseline points="1420,2938 1456,2935 1500,2935 1545,2935 1590,2932 1635,2932 1679,2929 1724,2927 1769,2924 1814,2921 1858,2921 1903,2918 1948,2918 1993,2915 2037,2912 2082,2909 2127,2906 2172,2903 2216,2900 2261,2897 2306,2894 2351,2894 2395,2891 2440,2891 2485,2885 2530,2882 2574,2882 2619,2882 2664,2879 2709,2876 2753,2873 2798,2873 2843,2873 2888,2867 2932,2864 2977,2861 3022,2861 3067,2858 3111,2855 3156,2852 3201,2846 3246,2843"/>
                <TextEquiv>
                    <Unicode>Noch eins. In dem Augenblick, wenn wir</Unicode>
                </TextEquiv>
            </TextLine>
            <TextLine id="tr_1_tl_10" custom="readingOrder {index:9;}">
                <Coords points="1409,3101 3116,3024 3293,2992 3300,2873 1794,3017 1414,2987"/>
                <Baseline points="1426,3073 1467,3073 1512,3076 1557,3073 1602,3073 1647,3070 1691,3067 1736,3064 1781,3061 1826,3058 1870,3055 1915,3052 1960,3049 2005,3049 2049,3046 2094,3040 2139,3040 2184,3037 2228,3034 2273,3031 2318,3028 2363,3028 2407,3025 2452,3022 2497,3019 2542,3016 2586,3016 2631,3013 2676,3010 2721,3007 2765,3007 2810,3004 2855,3001 2900,3001 2944,2998 2989,2995 3034,2992 3079,2989 3123,2986 3168,2980 3213,2980 3258,2977 3302,2974"/>
                <TextEquiv>
                    <Unicode>wegsind, ist die Ordonanz wieder in Frei</Unicode>
                </TextEquiv>
            </TextLine>
            <TextLine id="tr_1_tl_11" custom="readingOrder {index:10;}">
                <Coords points="1409,3245 1792,3223 2120,3295 2296,3191 3357,3166 3397,3052 2823,3017 1416,3106"/>
                <Baseline points="1426,3219 1470,3213 1515,3213 1560,3210 1605,3207 1649,3204 1694,3201 1739,3198 1784,3195 1829,3195 1873,3189 1918,3189 1963,3186 2008,3183 2052,3183 2097,3180 2142,3177 2187,3177 2231,3174 2276,3171 2321,3168 2366,3165 2410,3162 2455,3159 2500,3159 2545,3159 2589,3156 2634,3156 2679,3153 2724,3150 2768,3147 2813,3144 2858,3138 2903,3135 2947,3135 2992,3132 3037,3129 3082,3126 3126,3123 3171,3120 3216,3120 3261,3114 3305,3114 3350,3114 3395,3120"/>
                <TextEquiv>
                    <Unicode>heit zu setzen. Komnen Sie, meine Herren.</Unicode>
                </TextEquiv>
            </TextLine>
        </TextRegion>
    </Page>
</PcGts>
