3640 4216
1161 583 3158 806 Wie unsre alle. Heut Nacht aber haben wirs
1167 721 3241 960 ihnen heimgezahlt, was immer sie zu Hause
1169 922 1898 1106 treiben mögen.
1923 935 2330 1076 mitzialen
1183 993 3255 1266 Wachtm: Zum Teufel geht. Dort kommen schon
1180 1172 3351 1436 unsre Herren die unten im Bauernhäusehen ein -
1180 1365 1898 1546 Quartiert sind.
1180 1472 2900 1703 Erster: Der Herr Oberst schon wach?
1172 1656 3387 1863 Wachtm: Um zwei Uhr morgens ist er schon fort.
1189 1852 1783 1984 in den Wald.
1189 1904 3337 2154 Zweiter: Weiss der Himmel was der wieder aus
1200 2107 1508 2292 heckt.
1615 2184 3304 2385 Hat auch eine schöne Frau daheim ge
1200 2253 1546 2391 Erster:
1208 2446 1560 2575 laasen.
1656 2501 3197 2691 War aber nicht die seine allein.
1205 2550 1604 2677 Zweiter:
1222 2655 2548 2914 Wachtm: Was für ein Unsinn.
1208 2782 3321 2971 Erster: Sollte der Herr Wachtmeister die Ge
1219 2925 3257 3158 schichte nicht kennen, warum unser Leutnant
1230 3101 2655 3310 als gemeiner Soldat mitreitet!
1238 3205 3368 3428 Wachtm: Am letzten Abend, da die Herren beim
1271 3384 3304 3623 Obersten waren haben sie gespielt, der Herr
