3704 4408
2847 649 2971 833 33
1334 722 3005 923 Nicht das ists was mich kümmert.
1302 910 2220 1097 Albrecht: Was denn?
1294 1002 3364 1218 Max : Es wird später und spät er und die eine,
1302 1168 2623 1389 die ich erwarte kommt nicht.
1292 1352 3374 1518 Albrecht: Ist es das, denkst Du noch daran?
1286 1468 3237 1637 Max: Mir ist, las müsst ich in die Wüste
1294 1661 3282 1803 und dürft nicht trinken vorher. Ich sehne
1294 1766 3409 1972 mich nach ihr. Das ists was ich mein ganzes
1286 1898 3177 2141 Leben gewollt, jemanden, der mir gehört.
1292 2193 3364 2394 Wachtm: meldet dass auf der Wiese eines von
1294 2354 3090 2512 den Weibern im Sterben liegt.
1281 2515 2338 2649 Sie hat Gift genommen
1281 2644 2623 2823 Albrecht: Was gehts mich an?
1279 2718 3319 2950 Wachtm: Sie wollte eigentlich den Obersten
1289 2947 1724 3092 sprechen.
