3656 4376
1404 753 3214 1040 Eine Ordonanz erscheint, die den Oberst
1421 943 1519 1105 dr
1561 998 2746 1095 gend zu sprechen wünseht.
1389 1087 3337 1234 Der Oberst kommt herunter, von Offizieren
1469 1209 3180 1434 beleitet. Er öffnet den versiegelten
1394 1352 3354 1556 Befehl, liest ihn, dann lässt er die Ordo
1374 1481 2399 1653 nanz gefangen nehmen.
1372 1564 3374 1761 Ordonanz: (Herr Oberst d as muss ein Irr -
1382 1743 3190 1963 tum sein.) Ich soll auf der Stelle zum
1377 1895 2105 2045 General zurück.
1798 2015 2042 2130 Yrles
1377 2050 1726 2207 Oberst:
1778 1988 3352 2175 (zu zwei Soldaten.) Ihr bewacht hn.
1409 2142 3322 2329 Ihr haftet mir für ihn.
1377 2287 2384 2471 ein Zimmer führen.
