6600 4360
1162 425 1733 676 2. Jésus
431 663 2598 976 Marie kommt. - Sie sucht ihn.
490 955 1445 1224 Sie seit Stimmen
691 1070 2855 1417 Öff. Ehe nur selbst er er (sul ihr)
536 1283 2641 1609 Sie verlegt sich fiele S. Alkorens: -
493 1655 1581 1944 Frau de hier f.-
496 1770 2815 2164 Ohl. denn gemacht sein ehr nach saus
450 1981 2827 2368 trau. J. meest nach nicht sinde... a wir
480 2189 2979 2620 kein seit haben. Ich will den letzte Nacht
493 2539 1776 2833 mit de nachringen.
577 2585 2806 2992 Ande loll sie hätte!.bit dein de
564 2970 921 3162 Kris
617 2942 2269 3357 Off. M. Krehrer ist tzliche
639 3153 2709 3512 Frai. Mas soll ich hierthun.
648 3456 1414 3760 ohne Zins.
787 3642 1835 3931 Er war sch schon
756 3835 2012 4108 O.H. Hoch
3506 425 4604 800 Marnioned Thi!
3497 574 5041 927 & soll but/ mal geschrieben
3525 719 5530 1166 Er las es mehr drei ein Schickaren
3534 1085 4272 1404 sikgehen.
3584 1135 5518 1562 Frau. Ich wach schon nur nach dir.
3546 1370 5614 1786 Ah... seer kost schicken... wenn das
3528 1609 5354 1978 Mein diesjüngst? Da man die
3612 1789 5341 2136 teitel, mit zu behalten.
3652 1981 5592 2384 Ich seh eine vollkunden Plan..
3680 2148 5837 2526 du bleibt zurück. Keine wird ohne
3689 2434 5081 2802 Deh d ds krachtfällt
3766 2536 5617 3001 Ich sehe Dir ab Leben
3779 2728 5673 3174 Amt des. theuars ist der T. D.
3751 2967 5642 3404 Und ich hinreich sei Erben.
3822 3187 5766 3683 Ohl. Ich u möglich ihr A. da ernst
3807 3351 5555 3807 worit? Ich! Ich schäm¬
3810 3708 5090 4008 mit 21 Gännerung
