3448 4232
2354 243 2655 462 203
2747 598 2834 789 5
734 913 2932 1054 Während sie sich küssen Trommeln, Pfeifen, das
742 1104 1846 1213 Regiment rangiert sich.
742 1387 1158 1543 III.Akt.
742 1557 1725 1722 In der Naglergasse.
757 1727 1493 1846 Der tote Vater.
823 1820 2117 2011 Sie kommt, setzt sich hin.
763 1973 2606 2187 Draussen Soldaten mit klingendem Spiel.
768 2146 2814 2297 Die Tante. Sie will sich zuerst erkundigen.
777 2233 3103 2458 Dann sagt sie: Es steht einer draussen, will dich
783 2487 1771 2637 um deine Hand bitten.
298 2533 410 2701 V.
789 2574 3108 2776 Der junge Mann: Ein kleines Forsthaus - ich muss
864 2710 2317 2952 dorthin, werden Sie meine Frau.
2744 2782 2993 3004 G.H.F.P
815 2935 2418 3077 Sie ist nahe daran, nein zu sagen.
809 3016 2814 3250 Der Arzt untersucht den Vater; er ist tot.
823 3175 2496 3403 Er findet die Morphiumflasche leer.
818 3328 3134 3544 Auf irgend eine Weise merkt er auch, dass sie hea
838 3544 1869 3738 te Nacht nicht da war.
887 3608 2869 3874 Er findet das Medaillon auf der Stiege
