6488 4184
295 359 2927 572 de wußte ich, daß ich ihn sehen mußt, dass es
291 547 2902 675 Mein Hindernis geben darf. Und im selben
366 615 3059 789 Augenblick stand es auch vor mir, daß ich mich
352 746 3055 980 von dem alten 1Mau befreien muß. Und der¬
384 888 3080 1119 fertige Plan war da. Ein anderes Mittel,
384 1009 2963 1219 einen andern Ausweg habe ich gar nicht
373 1123 3044 1339 gesehen. Als ob kein Platz in mir ge¬
430 1290 3094 1492 wesen wäre für einen andern Gedanken.
455 1378 3030 1595 Immer nur im sellem Geleise die selben
441 1499 3105 1727 Worte: ihn sehen, - zu ihm, - aus
426 1638 2725 1869 dem Weg schaffen, was mich hält –
348 1751 2874 2028 Ärzt Sie waren krank, ihre Nerven
405 1957 3190 2153 waren erregt bis zur Unzurechnungsfähigkeit,
593 2078 2249 2274 Sie wolltei mich? Lödten
270 2195 3037 2423 Marie lstens ich habe es doch getan und wie soll
419 2366 3002 2576 ich weiter leben mit der Erinnerung, daß ich
462 2494 3066 2675 er getan. Und doch weiss ich geht, daß ich nicht
494 2629 3087 2838 die Kraft hat zu sterben. In diesen Tagen
490 2718 2956 2941 hat es in mir geschriere: Er gibt nur
483 2771 3108 3091 eine Sühne. Du mußt sterben. Vor jedem
469 2984 3084 3208 Teich, auf jeder Brücke, auch den Schienen
433 3091 3140 3350 hat es mich gepackt, wie mit eiserer Fause:
476 3226 3034 3496 die mußte sie den. Und ich konnte es nicht.
465 3421 3105 3627 ich war zu seig. Nein, nicht nur zu feig.
515 3524 3158 3751 Noch er bärmlicher. Ich habe mich an das Toden
515 3645 3034 3911 gekleinert, weil es mich gelockt hat,
529 3762 3112 3982 weiter zu leben. Begreifen Sie das: Ich
3382 220 6238 451 Für das Abscheulichste getan, ich habe das Grüßlichste
3425 330 6121 536 mit angesehen und ich will noch leben. Ein
3471 494 6291 703 Wenschenken kann, darf doch nicht nur aus Elend
3478 600 6036 785 und Qual bestehen und ich habe doch noch mehr
3513 728 6192 920 anders gekauft, er hat mich doch im Kindheit
3538 888 6132 1052 und Tugend betragen. Ich will leden und ich
3524 1002 6121 1215 darf es nicht. Theilen Sie mir, sagen Sie mir
3538 1140 6260 1304 wie ich mein Seigheit überwinden kann, oder was ich bin
3574 1236 6263 1474 soll um zu leisten, um das Recht zu haben weiter
3584 1385 4082 1623 zu laten.
3474 1460 6114 1776 Arst Büßen? Soll ich Sie in ein Begerend
3510 1634 6231 1893 schicken um eiternde Wunden zu pflegen?
3567 1762 6167 1975 Sie würden dort manche treffen, die dieses
3560 1897 6331 2139 Werk barmherzig und geduldig üben und keiner¬
3584 1993 6245 2256 bei Schuld zu sühnen halen. Und Buste wäre es
3613 2103 6121 2384 doch erst dann, das wenn Sie zu wählen hätten
3584 2213 6213 2473 wenn Sie freiwillig auf ein Glück, das vor
3659 2320 6149 2629 Ihnen liegt verzichten würden. Sind Sie
3638 2490 6121 2718 Errin genug um zu glauben, daß Ihnen
3641 2625 6291 2856 Beten und Fasten und Geistelung den Frieden
3670 2803 6156 3020 wiedergelen kann? Ihr Kerker Brüße?
3737 2927 6142 3119 Aber Entziehung der Freiheit. Willen
6110 2949 6377 3194 B.Sigkeit
3663 3059 6053 3265 und seelische Marten aller Art waren
3666 3172 6302 3407 doch schon Ihr Teil vor der Tat. - Sie wollen
3734 3307 6242 3577 durch Bruste das Recht erweilen weiter
3744 3446 6078 3769 zu leben. Kan man das überhaupt:
