6648 4280
955 340 2776 703 Sie sehr auch schon die Klare sie
938 627 1847 854 sicht verloren. —
952 717 2817 1019 Ich erneichnet, wie sie wisses
938 944 2352 1214 a t'il en de Giros Rom.
918 1112 2558 1440 Als Ihr Mutter lebte -
979 1373 1745 1614 Un jetzt!
1002 1449 2907 1780 Wicht leug mehr blieb sie jenes -
799 1693 2863 2006 barei. Wir sollsam zu Houtreit!
900 1914 2820 2152 Sie mir sie sich nicht um nicht.
813 2091 2285 2375 Arzt. Moser schon sei sich:
935 2245 2796 2520 Ma lohnte? was dreht's
865 2419 2979 2756 Ich hoffte oft. Sie nicht nach abgesinnt.
877 2674 2491 2956 Er hält sich seyn müssen.
810 2857 2311 3145 Marii. es ist mein Water
851 2959 2904 3325 Arzt. 21 hat sie beobachtet. 1. feb.
938 3229 2700 3554 gekämpft! Ist es nicht so?
778 3516 1516 3696 Marie Joachim
880 3644 1705 3906 Arst. him!
828 3723 2994 4057 lian: trin to nicht werk. J. B. God
3403 287 4861 560 Ougt. Nicht St. Aspenk
3426 453 5758 749 Marie Sif parel is úmal demselben Angeseist.
3473 755 5450 961 der Abschritt war nicht stark jenig
3560 891 4899 1124 Aber ich sie zerdruckt
3566 970 5619 1330 selb sie gleich, je ausgeweckt. so
5323 1086 6324 1376 Reine ich verzielte.
3604 1234 4887 1507 Aber meer war ich
5163 1368 6406 1658 (Malt est jetzt den Aufreibt
3641 1391 4690 1652 Nun ist ärte
5325 1530 6057 1719 gerichte zu schreiben
3505 1556 4931 1905 Arzt. nicht hi wohl.
3554 1818 4277 2065 Marie Wosei
3583 1835 5677 2265 Agt. p aca fortendes. An jue
3676 2108 4867 2480 of casion Bruder.
5174 2204 5871 2436 [illegible]
3575 2288 5128 2648 I am to get ave heart.
3708 2413 5784 2889 Asst. d. gleich dritten. Wir haben
3647 2677 5921 3095 und verloren. Seit wenig Tages erst
3720 2959 4986 3284 seit er einstimmig.
3694 3148 5654 3461 Marie Kone to if
3760 3316 5773 3737 Argl. C. Spntl an overie Jochim
3795 3601 4913 3836 an einem Mehr
