3416 4168
837 169 1266 372 908 Teber
1638 222 3068 508 Vaisoute mais L. Ekt
1987 457 3253 662 Bis debres neit oleur Boit
1097 543 1691 655 Zu Seite 94.
1115 713 1734 804 Fünfte Scene.
1107 877 1602 976 Max Irene.
1163 955 3056 1135 Der Oberst springt durchs Fenster herein,
1120 1072 2927 1251 reisst die Vorhänge auseinander, steht
1135 1292 1764 1415 plötzlich da.
1132 1466 1443 1557 Paüse.
1153 1476 3005 1691 Max: Man hätte Ihnen die Türe geoffnet
1145 1739 1736 1848 Herr Oberst.
1168 1812 3051 1987 Oberst. Dieser Weg schien mir sicherer.
1903 1921 2290 2027 (der Schule he
1168 1959 3078 2146 Max. Herr Oberst, ich wars, der Irene be
1226 2098 2793 2280 schsor mich noch einmal zu sehen.
2366 2169 2889 2255 était recuil mettre
1193 2212 3187 2434 Irene- Es ist nicht wahr. Ich bin gekommen
2123 2313 2851 2424 Une nich sehr jetzo
1208 2335 3240 2578 ohne dass er mich rief. (Und ich hab ihn an
1208 2479 3230 2732 gefleht, dass er Dir nicht folge,.(dass er
1223 2649 3187 2955 bleibe.), dass er lebe. And es ist vergeb -
1228 2919 1868 3041 lich gewesen.
1236 2909 3197 3175 Oberst: Es zeigt sich, das Lüge und Wahr
1254 3061 3238 3324 heit zuweilen gleich abgeschmackt klingen.
1302 3250 3154 3463 Vielleicht hättet Ihr schweigen sollen.
