3256 5384
1090 760 1637 879 ist eingeschlummert.
1520 838 1696 966 Marie
1405 906 1802 1027 (langsam zu ihm.)
994 997 1954 1144 Sie werden Sie jetzt nicht verlassen.
1468 1097 1765 1212 Der Arzt.
988 1129 2358 1285 Nein, gewiß nicht. — Aber Sie, Herr Adjunkt, Sie
929 1251 1804 1387 werden hier nicht bleiben können?
1427 1338 1796 1464 Der Adjunkt.
999 1416 1309 1566 Wie?...
1464 1492 1748 1603 Der Arzt.
986 1529 2367 1676 Sie müssen gehen — um der Mutter willen. Sie
895 1648 2360 1772 redet harte Worte über Sie. Alte Frauen sind nun
895 1731 2037 1859 einmal so — andere Menschen wohl auch.
1444 1824 1804 1937 Der Adjunkt.
1010 1857 1715 1996 Und diese war jung —
1748 1869 2362 1995 Und ich habe sie ein¬
882 1967 2291 2117 mal geliebt. — Und das habe ich aus ihr gemacht!
1470 2043 1761 2173 Der Arzt.
1025 2137 2384 2236 Nicht Sie haben das aus ihr gemacht. Ist denn
895 2219 2373 2313 ein Mensch je eines anderen Schicksal? Er ist immer
901 2310 2365 2412 nur das Mittel, dessen sich das Schicksal bedient. Sie
901 2362 2389 2471 waren zur Hand — das ist alles. — Nun gehen Sie.
918 2445 2280 2580 Wandern Sie mir voraus. Ich folge Ihnen bald.
1459 2538 1826 2642 Der Adjunkt.
1034 2584 2362 2712 Leben Sie wohl. (Er geht langsam zu dem Fenster und
906 2679 2364 2784 sicht ins Zimmer hinein) Dann wendet er sich zu Marie. Leben
906 2764 2000 2894 Sie wohl, Marie. (Er reicht ihr die Hand.),
1553 2834 1735 2953 Marie
1401 2896 1874 3057 (nimmt sie zögernd.).
1459 3023 1824 3133 Der Adjunkt.
1033 3074 1679 3240 Auf Wiedersehn. (Ab.)
1298 3277 2032 3442 Dreizehnte Szene.
1374 3424 1932 3517 Der Arzt. Marie.
1546 3491 1744 3620 Marie
1433 3544 1885 3704 (schüttelt den Kopf.)
1518 3682 1802 3782 Der Arzt.
1064 3706 2412 3837 Warum sollten sie ihn nicht einmal wiedersehen,
932 3804 2378 3919 Marie?... Wovor ihm hangte, das waren Ihre un¬
932 3910 2410 4030 erfüllten Träume. Da nun alles durchlebt ist, hat es
949 3980 1559 4106 seine Schauer abgetan.
1563 4052 1765 4182 Marie.
1053 4117 2406 4264 Was hilft's mir? — In meiner Seele beben sie.
934 4230 1663 4364 fort... solang ich atme.
1531 4323 1844 4451 Der Arzt.
1073 4373 1476 4542 Sie sind jung.
1561 4447 1804 4575 Marie.
1075 4505 1457 4649 Uralt bin ich.
1520 4586 1824 4705 Der Arzt.
1077 4647 1841 4805 Sie sind vielleicht nur müde.
1579 4772 1815 4879 Marie.
1075 4827 1413 4962 Müde
1535 4855 1972 4987 Zum Sterben mit
957 4925 1472 5074 Schicksal ist erfüllt.
