3496 4232
2767 486 2857 616 7
910 673 2399 887 Albrecht. Wohan willst Du, Max.
913 780 3035 1020 Max: (In irgend einem Winkel ein Ende machen,
2462 876 3055 995 pu aussi leur
1970 927 2182 1037 nide
933 964 3052 1150 In irgend einem Winkel, wo es sich schickt so
2676 1043 3083 1238 bei sogt.
924 1125 2513 1272 zu sterben, (wie ich sterben muss,
2015 1198 2275 1283 schich
2199 1244 2303 1294 F.S.
930 1196 2979 1410 Albaecht : (Was hat er aus Dir gemacht). Wenn
944 1362 3216 1552 er Dein Ende wollte, warum hat er Dich nicht ein
944 1515 2908 1659 fach niedergeschossen. Das Recht wäre ähm
2018 1614 2374 1696 in meiner
952 1625 3095 1803 ja wohl zugestanden, auch wenn ers mit kaltem
950 1775 3100 1939 Blut und ohne Hass getan hätte. Aber Dich zu
958 1911 3154 2091 verurteilen? Dich z schicken in den Tod... Um
961 2097 3013 2261 ein Vergehen, das ihm bekannt war, eh er es
972 2233 2973 2377 entdecken musste. Um ein Weib, an dem ihm
969 2385 2159 2561 weniger liegt als,an Dir.
969 2513 3222 2668 Max: Nicht darum, Albre ht. Weil ich ihn belog
975 2676 3092 2843 Albrecht: Warum wollte er die Wahrheit von Dir
981 2795 2394 3027 hören, die er doch wusste? Im
984 2956 3182 3129 Max: Ahnst Dus nicht, A mich wieder wert zu
981 3123 2555 3281 machen an Deiner Seit zu sterben.
995 3267 3112 3459 Albrecht : Un nun wärst Ds nicht mehr?
1337 3386 2334 3490 is it a seive teile seis...
989 3462 2481 3595 Max: Er hat mich davon gejagt.
