3444 4274
743 923 3005 1103 So fasst sie den Entschluss, ein Ende zu machen.
748 1109 2583 1292 Sie giesst dem Vater Morphium ins Glas.
765 1249 2420 1438 Vielleicht verlangt er kein Wasser.
799 1424 1987 1587 Aber er. verlangt, trinkt
768 1550 2510 1745 Sie wartet noch eine Weile; erstirbt.
771 1770 1446 1899 Sie eilt fort.
791 1832 2729 2048 Vorher: die Tante: Ich will gerne wachen.
824 2240 1176 2392 II.Akt.
805 2321 2468 2535 Fest? Abend bei dem jungen Offizier
884 2465 2378 2673 :Vielleicht vor dem Einrücken?
816 2603 2817 2822 Seine Eltern? die ihm Lebewohl sagen?
2667 2791 2853 2932 G.C.P.
822 2884 1092 2997 Frau?
830 2974 1680 3168 Das Mädchen kommt
838 3084 2496 3312 Hier bin ich. Sie haben mir gesagt
864 3306 1719 3464 Vielleicht vorher:
3087 3337 3177 3469 P.S.
864 3410 2240 3635 Der Offizier und sein Bruder.
881 3509 3140 3784 Oder: das Mädchen kommt allein, will ihn überra-
923 3669 3098 3970 schen; wie sie ihn mit einer Frau kommen hört,
