3240 6072
1536 694 1779 860 69.
1409 884 1695 1011 Der Arzt.
939 966 2280 1092 Ich wollte noch einmal nach Ihnen sehen, Marie,
831 1063 2282 1205 eh ich, auf recht lang möglicherweise, von Ihnen Ab¬
851 1154 1199 1278 schied nehme.
1473 1237 1666 1316 Marie.
928 1272 2291 1431 Wohin geht die Reise? Wieder in die Stadt zurück?
1436 1389 1711 1500 Der Arzt.
957 1418 2304 1595 Nein. Vorerst wandre ich mit dem Adjunkten in
862 1551 1771 1695 sein neues Revier, über die Berge.
1485 1649 1695 1744 Marie.
955 1719 1305 1832 Heute noch?
1447 1764 1730 1923 Der Arzt.
959 1855 1443 2001 In einer Stunde.
1491 1966 1686 2069 Marie.
960 2059 2318 2192 Viel Glück auf den Weg. Auf Wiedersehen..
875 2125 1649 2240 das hätte wohl wenig Sinn.
1458 2207 1735 2331 Der Arzt.
959 2307 2129 2417 Und sonst haben Sie mir nichts zu sagen?
1505 2389 1689 2480 Marie.
971 2422 2316 2555 Sind Sie gekommen, sich Ihren Dank zu holen, so
889 2535 2331 2646 hätten Sie sich den Aufenthalt sparen können. Ich
880 2613 2333 2723 danke Ihnen nicht. Nein. Ich danke ihnen icht. Ich
880 2703 2103 2810 weiß mit Ihrem Geschenke nichts anzufangen.
1467 2779 1759 2894 Der Arzt.
977 2865 1733 2978 Mit meinem Geschenk..?
1538 2949 1722 3055 Marie
1414 3002 1832 3124 (beinahe höhnisch.)
993 3049 2355 3226 Was ist denn meine Freiheit, mein Leben anderes,
891 3184 1398 3322 als Ihr Geschenk?
1484 3224 1759 3370 Der Arzt.
993 3313 2351 3452 Sie haben mich mißverstanden, Marie. Ich wollte
897 3401 2349 3508 Ihnen nichts schenken, was Sie doch wegwerfen können,
908 3503 2355 3623 sobald Sie wollten. Unsinniges nur wollt ich verhüten.
1533 3594 1728 3685 Marie.
1002 3619 2355 3785 Wär es gar so unsinnig, wenn ich Ruhe hätte?
911 3729 1504 3856 Wenn's vorbei wäre?
1505 3825 1777 3942 Der Arzt.
1004 3886 2362 4017 Verhüten wollt ich, daß Sie sich vor Menschen ver¬
922 3979 2371 4073 antworten müssen, die nichts von Ihnen wissen — denen
933 4055 2371 4163 für tausendfältig verschiedene Tat doch immer nur ein
920 4119 2364 4225 Wort gilt... verhüten daß Sie eine Buße leiden,
933 4197 2382 4316 die niemandem nützt, nicht Toten und nicht Lebendigen...
929 4279 2380 4383 Darum hab ich an jenem Morgen gewartet, bis Sie
917 4339 2380 4452 nach Hause kamen.... Der, dem Sie das Gift zu
917 4430 2382 4558 trinken gaben, war ein Verlorener, der Erlösung fand
928 4507 1487 4655 gegen seinen Willen.
1560 4616 1757 4709 Marie.
1064 4646 1848 4811 Nicht darum hab ich's getan.
1516 4760 1795 4881 Der Arzt.
1042 4828 2382 4943 Darum aber hätten die Menschen Sie gestraft.
950 4928 2393 5023 Ich habe Sie nicht gefragt, woher Sie gekommen sind.
957 5010 2397 5118 Wenn Sie glauben, daß Sie etwas anderes zu sühnen
957 5085 1886 5196 haben, so ist es Ihre Sache allein.
1566 5181 1788 5269 Marie.
1042 5194 2409 5351 Nur für mich hab ich's getan!... Weil das Leben
906 5322 2105 5453 mich rief... darum hab ich's getan...
