3160 6088
1721 1304 1871 1440 20
1633 1412 1909 1531 Der Arzt.
1153 1438 2506 1618 Wenn Sie's gefunden, dann wird es wohl seinen
1070 1557 2526 1698 Preis wert gewesen sein, auch wenn er höher gewresen
1081 1693 1239 1786 wäre.
1704 1711 1888 1806 Marie.
1168 1736 2528 1892 Ob ich's gefunden...? Oh ja! Tausendfach! Ja,
1088 1845 2532 1974 ich hab's gefunden! In dieser einen Nacht hab' ich er¬
1099 1890 2537 2050 lebt, was andern Frauen nicht in tausend Tagen und
1094 1970 2534 2119 Nächten geschenkt ward.... Alles Glück und Elend
1094 2052 2530 2199 der Welt hab' ich mit angeschaut und selber ausgekostet...
1094 2143 2539 2273 Ich habe gesehen, wie Frauen betrügen, locken, lügen.
1109 2210 2554 2357 ehrlich sind und sterben, — ich habe gesehn, wie Männer
1105 2286 2552 2420 zittern, spielen, höhnen und töten. Und was ich sah,
1107 2353 2563 2483 war nur wie ein Vorspiel zu meinem eigenen Schicksal.
1118 2413 2563 2563 Dann erst fing das Leben an,... denn erst lebt ich
1120 2502 2556 2625 meine eigene Seligkeit und meine eigenen Verzweiflung...
1114 2593 2569 2712 Ob ich das Leben fand?... Ich glaube wohl.
1120 2645 2578 2805 Glücklich bin ich gewesen wie kein menschliches Wesen
1131 2720 2591 2872 jemals war, und elend wie keines, — bin geliebt worden
1127 2798 2571 2932 wie eine, die man mit Schmerzen ersehnt, — bin ver¬
1137 2876 2573 3023 lassen worden wie eine Dirne, die man sich mitgenom¬
1135 2945 2580 3090 men hat bei Nacht.... Ich hatte gemordet für einen,
1135 3032 2584 3153 den ich liebte — und er ist für eine andere sterben
1146 3103 2601 3239 gegangen. Und ick lebe — ich lebe noch!... Wie
519 3071 1057 3276 + guleubt sel
1137 3157 2595 3302 mein eigenes Gespenft schleich' ich durch die Welt, und
1157 3239 2595 3376 mir graut vor mir selbst.... Wie darf ich denn..
1161 3328 2595 3451 wie darf ich unter andern Menschen herumgehen, ein-
1168 3378 2606 3529 saugen den Duft des Waldes, auf blühender Wiese
1168 3460 2606 3631 liegen und in den Himmel schau'n?... wie darf ich
1172 3531 2621 3672 denn?... Leben und nicht daran denken, woher ich
1168 3618 2621 3748 komme — vergessen all das Ungeheure, als wär' es
1166 3678 2623 3841 nie gewesen... auf Minuten nur, aber vergessen doch!
1185 3700 2924 3899 ... wie darf ich?! Ja, ich habe das Leben / das mich + gefrie
1179 3843 2621 3981 rief, aber in seiner Seligkeit, in seinen Schmerzen,
2679 3871 2870 3985 in
1194 3910 2630 4066 hauchte es mir Tod entgegen.... Und wenn es dann
1187 4005 2636 4133 wieder emporsteigt -- wie Schatten zuerst — wie
1189 4050 2634 4213 wankende Bilder toller Träume, allmählich Umriß ge¬
1205 4152 2627 4271 winnt.... mich anstart mit lebendigen Augen —
1196 4217 2651 4342 wieder da ist mit des Gelebten, des unwiederbringlich
1211 4282 2645 4424 Gelebten klammernder Macht — da schreit's mir in
1213 4349 2653 4496 die Seele: — Wenn du's vermagst empor zum Himmel
1198 4431 2658 4587 zu schauen gleich andern, ohne daß er sich dir verfinstert,
1282 4513 2647 4632 wenn du den Duft von Wiesen und Wäldern ein-
1215 4576 2664 4716 trinkst, und er fault dir nicht auf den Lippen, — wenn
1222 4673 2669 4792 du dich in den Frieden von Himmel und Erde stiehlst,
1222 4736 2673 4868 die dich nicht mehr haben wollen, — wenn du es
1226 4799 2660 4946 wagst weiterzuleben, wie Menschen, die nicht alle Süßig¬
1235 4868 2675 5030 keit und alle Schrecken der Welt ausgekostet — — was
1248 4943 2688 5101 war denn dies alles?)... was bist du für ein
1230 5032 2690 5168 Wesen, das aus solchem Schicksal wieder emportaucht
1248 5101 2686 5259 wie aus einem wilden Traum?l.... und wacht —
1259 5238 1648 5359 und lebt?
