3608 4184
1441 506 3245 749 ist nicht mehr zu löschen, auch wenn in
1158 709 3216 903 noch zehn Jahre zu leben hätte. Schade Herr
2461 852 2621 946 G.C.F.P.
1172 835 3242 1118 Wachtmeister, dass Sie die Wache hatten heut
1161 958 3388 1264 Nacht. So eine Nacht kommt nicht wieder. Auch
1169 1161 3208 1329 wenn viele kämen. Abends wies dunkel wurde
2450 1275 2659 1364 Stadt
1178 1266 3305 1495 sind die Frauenzimmermaus Trient gekommen. xxx
1186 1401 3408 1647 waren nicht lauter solche, wie Sie denken, Herr
1201 1592 3230 1807 Wechtmeister. Es müssen feine gewesen sein
1184 1732 3485 1958 Hatten hübsche Kleider an. Im Anfang wenigstens
1198 1870 3250 2095 Wissen Sie Herr Wachtmeister was ich glaube,
1221 1993 3330 2224 es haben manche die Gelegenheit benützt, weil
1218 2141 3433 2407 sie wissen von uns sieht sie doch keiner wieder
1249 2247 3405 2527 zweiter: Es waren sicher Gräfinen darunter
1221 2453 2596 2593 wenn nicht gar Prinzessinnen.
1226 2473 3290 2816 Vachtm: Ja bildet Euch das nur ein, Narren.
1215 2727 3385 2990 Erster: (Kommen Sie nur Herr Wachtmeister, die
1226 2899 3410 3142 meistern sind wohl schon wieder fort, aber ein
543 2830 892 3099 to the
1241 3056 2707 3268 paar von ihnen schlummern noch.
1232 3159 3290 3425 Zwetter: Und manche sehen aus, als wollten
1264 3353 2536 3528 sie gar nicht mehr erwachen.
1255 3485 2613 3719 Nachtm: Mich kümerts nicht.
