6584 4264
2471 144 2727 296 DATES DES
3372 200 4816 467 Alter nurzeit ich Ihnen u.
678 341 2527 600 Marie. Das ist bey vorbei.
3449 356 5328 678 Ich sie töret auf eine je sehr. at
5498 489 6150 756 Avit it hab
711 552 2742 878 Ads. Näheres Maisensteles¬
3438 559 4720 826 nicht das Ra Hhl I).
5598 689 6076 837 sumt
5624 804 6343 993 Zis '... Ays...
760 793 2379 1089 In sonst schwerlich
3401 767 5406 1030 Bericht vorleihe ich sie, lassend
5487 904 6002 1086 at this 1 -
763 952 2901 1300 Uhr ich mollt schon sage. Keue du!
3409 1000 5598 1249 Sunde voll - es diese rückselb schwer
734 1204 2738 1508 Marie. S. sehr es ist missviglich.
3379 1219 5261 1515 mit den Ahßog ein fremi Welt.
774 1419 2845 1686 Ad. Sess sie mit mit Ihre Nala
3409 1400 5924 1715 Marii zu er allten auf wie ihm je Ehe..
5172 1601 6217 1860 1. Uhr mich Ihre Erst.
811 1638 1975 1964 reden - sich werde.
3486 1686 4820 1986 Es ist wohl möglich.
5483 1782 6191 1967 deh all der
778 1838 2419 2090 haue. Hier dies nicht -
3460 1856 4213 2145 A. Trik!
5683 1927 6250 2164 2. Dagef h i.
1849 1975 2193 2116 seul
856 2027 2716 2360 Ads. Ma hat sich gedrängt.
3364 2016 5824 2342 M. An wir alssee sezt. dis eifall lopus
293 2175 748 2375 Jn. in selbst
5872 2156 6195 2327 orlem.
141 2286 756 2464 ner vermeidert.
852 2208 2983 2508 Sie waren bereit... Sein his mit
5902 2282 6202 2423 Olyle in
237 2367 785 2605 also -! I in! -
3394 2349 6369 2575 A. Ich. König erwart. In i. aus verzeihe. Haus Welt.
782 2412 2857 2701 wahr!... (Auf sei Herr nicht nicht klglg
1967 2534 2816 2753 from Mol)
3412 2527 6080 2831 Ich bin ungerecht. ein kann. Ich könne sie.
930 2645 2316 2871 Gemand nicht ein mehr.
3557 2742 5346 3042 Gutzen treu. 1 - betr. mich!..
956 2820 2023 3053 Ich mord marton.
189 2823 545 2986 ih am jetzt
130 2905 782 3112 I. sehr neu zu schal
3364 2916 5717 3238 Man sat hs lupp. es ge siren... Me
945 2938 2716 3297 Ihr ein Hoffs geb. sei mir...
219 3038 571 3168 Ich Ihnen auch
100 3138 493 3279 21 frey nicht
882 3157 2845 3468 Aneri (sich hin nicht. Vulteil
3468 3134 6010 3509 lase h unserm Min!... 1. habe recht!
930 3349 2853 3675 gebl Een. Aber ich habe sesser in
3409 3412 4531 3698 Ads. - Nam.
3390 3586 6076 3898 liario. Tis suis uni nicht. ich letzt nach dem
1049 3627 1475 3916 haben.
904 3772 2753 4068 acht. Als es ist wie jetzt
