<?xml version="1.0" encoding="UTF-8" standalone="yes"?>
<PcGts xmlns="http://schema.primaresearch.org/PAGE/gts/pagecontent/2013-07-15" xmlns:xsi="http://www.w3.org/2001/XMLSchema-instance" xsi:schemaLocation="http://schema.primaresearch.org/PAGE/gts/pagecontent/2013-07-15 http://schema.primaresearch.org/PAGE/gts/pagecontent/2013-07-15/pagecontent.xsd">
    <Metadata>
        <Creator>prov=READ-COOP:name=TrHtr:version=2.1.0:model_id=51170:date=29_07_2023_10:10</Creator>
        <Created>2023-05-10T12:30:39.575+02:00</Created>
        <LastChange>2023-07-29T10:10:27.488+02:00</LastChange>
        <TranskribusMetadata docId="1428204" pageId="55403632" pageNr="88" tsid="131406817" status="IN_PROGRESS" userId="64420" imgUrl="https://files.transkribus.eu/Get?id=BATWFNBBHFVAOPOPKVYHQCWA&amp;fileType=view" xmlUrl="https://files.transkribus.eu/Get?id=KYBVSTFPYIFHXCQUWNHUCVVE" imageId="44678453"/>
    </Metadata>
    <Page imageFilename="1428204_0088.jpg" imageWidth="3384" imageHeight="4216">
        <ReadingOrder>
            <OrderedGroup id="ro_1711795879302" caption="Regions reading order">
                <RegionRefIndexed index="0" regionRef="tr_1"/>
            </OrderedGroup>
        </ReadingOrder>
        <TextRegion id="tr_1" custom="readingOrder {index:0;}">
            <Coords points="665,311 2979,311 2979,3852 665,3852"/>
            <TextLine id="tr_1_tl_1" custom="readingOrder {index:0;}">
                <Coords points="2334,467 2400,461 2431,481 2454,481 2497,473 2532,444 2566,447 2572,203 2526,221 2503,206 2483,221 2443,209 2397,241 2340,243"/>
                <Baseline points="2352,367 2397,367 2442,361 2487,364 2531,361 2576,367"/>
                <TextEquiv>
                    <Unicode>203</Unicode>
                </TextEquiv>
            </TextLine>
            <TextLine id="tr_1_tl_2" custom="readingOrder {index:1;}">
                <Coords points="2205,1025 2354,1022 2491,962 2646,1017 2741,1022 2741,848 2663,842 2600,879 2543,859 2423,891 2388,871 2205,873"/>
                <Baseline points="2221,952 2266,952 2311,952 2355,952 2400,949 2445,949 2490,949 2534,952 2579,949 2624,949 2669,949 2714,952 2749,958"/>
                <TextEquiv>
                    <Unicode>29/III. 905.</Unicode>
                </TextEquiv>
            </TextLine>
            <TextLine id="tr_1_tl_3" custom="readingOrder {index:2;}">
                <Coords points="650,1243 1211,1283 1323,1214 2483,1183 2798,1251 2801,1108 653,1105"/>
                <Baseline points="665,1182 710,1182 755,1182 800,1179 844,1179 889,1179 934,1179 979,1179 1024,1176 1068,1176 1113,1176 1158,1176 1203,1176 1248,1176 1292,1176 1337,1176 1382,1176 1427,1173 1472,1176 1516,1173 1561,1173 1606,1173 1651,1176 1695,1173 1740,1173 1785,1176 1830,1173 1875,1173 1919,1176 1964,1173 2009,1173 2054,1173 2099,1173 2143,1173 2188,1173 2233,1176 2278,1176 2322,1179 2367,1179 2412,1176 2457,1176 2502,1176 2546,1173 2591,1176 2636,1176 2681,1176 2726,1179 2770,1179 2806,1185"/>
                <TextEquiv>
                    <Unicode>I.Akt. Der Vater krank seit Jahren, sterbend.</Unicode>
                </TextEquiv>
            </TextLine>
            <TextLine id="tr_1_tl_4" custom="readingOrder {index:3;}">
                <Coords points="710,1357 1549,1329 1947,1426 2128,1409 2128,1292 1824,1243 710,1263"/>
                <Baseline points="725,1337 770,1334 815,1334 859,1331 904,1331 949,1331 994,1331 1039,1331 1083,1331 1128,1331 1173,1331 1218,1334 1263,1331 1307,1331 1352,1331 1397,1331 1442,1328 1486,1328 1531,1328 1576,1331 1621,1331 1666,1331 1710,1331 1755,1331 1800,1328 1845,1331 1890,1331 1934,1331 1979,1328 2024,1328 2069,1331 2113,1334 2134,1340"/>
                <TextEquiv>
                    <Unicode>Altes Haus in der Naglergasse.</Unicode>
                </TextEquiv>
            </TextLine>
            <TextLine id="tr_1_tl_5" custom="readingOrder {index:4;}">
                <Coords points="662,1578 942,1541 1019,1592 1211,1555 1260,1587 1340,1538 1503,1595 1767,1526 1861,1546 1861,1449 1672,1392 1243,1440 1188,1409 664,1429"/>
                <Baseline points="677,1492 722,1489 767,1489 812,1489 856,1489 901,1489 946,1489 991,1489 1036,1489 1080,1486 1125,1486 1170,1486 1215,1486 1260,1486 1304,1486 1349,1486 1394,1486 1439,1483 1483,1483 1528,1483 1573,1483 1618,1483 1663,1483 1707,1483 1752,1483 1797,1486 1842,1492 1866,1492"/>
                <TextEquiv>
                    <Unicode>Die Tochter und der Arzt.</Unicode>
                </TextEquiv>
            </TextLine>
            <TextLine id="tr_1_tl_6" custom="readingOrder {index:5;}">
                <Coords points="667,1670 770,1687 842,1644 925,1678 982,1664 1019,1698 1174,1698 1292,1747 1395,1724 1395,1564 1217,1598 1183,1569 1128,1592 994,1569 959,1595 919,1572 845,1589 796,1564 667,1589"/>
                <Baseline points="683,1642 728,1642 773,1645 818,1645 862,1645 907,1645 952,1645 997,1645 1042,1642 1086,1642 1131,1642 1176,1642 1221,1639 1265,1639 1310,1639 1355,1639 1400,1642 1403,1642"/>
                <TextEquiv>
                    <Unicode>Wie lange noch?</Unicode>
                </TextEquiv>
            </TextLine>
            <TextLine id="tr_1_tl_7" custom="readingOrder {index:6;}">
                <Coords points="662,1884 782,1910 951,1810 2176,1790 2675,1790 2858,1867 2901,1721 662,1735"/>
                <Baseline points="677,1803 713,1803 758,1803 803,1806 847,1803 892,1803 937,1800 982,1800 1027,1800 1071,1800 1116,1800 1161,1803 1206,1803 1251,1800 1295,1800 1340,1800 1385,1797 1430,1797 1475,1797 1519,1797 1564,1794 1609,1794 1654,1794 1698,1794 1743,1794 1788,1794 1833,1791 1878,1794 1922,1794 1967,1794 2012,1791 2057,1788 2102,1788 2146,1788 2191,1788 2236,1788 2281,1788 2325,1788 2370,1785 2415,1785 2460,1782 2505,1782 2549,1782 2594,1782 2639,1782 2684,1782 2729,1782 2773,1782 2818,1782 2863,1782 2908,1785"/>
                <TextEquiv>
                    <Unicode>Erinnerung an die böse Zeit, da die Mutter noch</Unicode>
                </TextEquiv>
            </TextLine>
            <TextLine id="tr_1_tl_8" custom="readingOrder {index:7;}">
                <Coords points="667,1967 702,1985 722,1973 739,1990 770,1996 793,1979 808,1993 848,1996 899,1967 931,1985 942,1976 974,1982 974,1930 956,1933 876,1884 833,1881 785,1910 733,1902 699,1876 667,1887"/>
                <Baseline points="683,1964 728,1961 773,1961 818,1961 862,1961 907,1961 952,1964 982,1967"/>
                <TextEquiv>
                    <Unicode>lebte.</Unicode>
                </TextEquiv>
            </TextLine>
            <TextLine id="tr_1_tl_9" custom="readingOrder {index:8;}">
                <Coords points="1578,2019 1758,2036 1836,2016 1850,2028 1881,2007 2013,2045 2019,1944 1979,1947 1944,1919 1922,1939 1836,1942 1813,1959 1727,1927 1667,1962 1650,1944 1618,1959 1581,1942"/>
                <Baseline points="1594,2015 1618,2018 1663,2021 1707,2018 1752,2018 1797,2015 1842,2012 1887,2006 1931,2003 1976,2000 2021,2003"/>
                <TextEquiv>
                    <Unicode>in Zestber</Unicode>
                </TextEquiv>
            </TextLine>
            <TextLine id="tr_1_tl_10" custom="readingOrder {index:9;}">
                <Coords points="2231,2010 2262,2005 2302,2033 2325,2025 2360,2039 2394,2016 2423,2030 2454,2013 2566,2039 2592,2028 2589,1919 2526,1942 2506,1922 2446,1930 2394,1907 2337,1930 2285,1919 2262,1942 2228,1942"/>
                <Baseline points="2248,2003 2293,2000 2337,2000 2382,2000 2427,2000 2472,2003 2517,2003 2561,2006 2600,2006"/>
                <TextEquiv>
                    <Unicode>todle</Unicode>
                </TextEquiv>
            </TextLine>
            <TextLine id="tr_1_tl_11" custom="readingOrder {index:10;}">
                <Coords points="676,2125 2609,2179 2706,2174 2709,2022 676,2048"/>
                <Baseline points="692,2119 698,2116 743,2116 788,2116 833,2119 877,2116 922,2113 967,2116 1012,2113 1056,2116 1101,2116 1146,2113 1191,2110 1236,2110 1280,2108 1325,2110 1370,2108 1415,2108 1460,2108 1504,2108 1549,2110 1594,2108 1639,2105 1684,2108 1728,2105 1773,2105 1818,2102 1863,2099 1907,2099 1952,2099 1997,2099 2042,2099 2087,2096 2131,2096 2176,2099 2221,2096 2266,2096 2311,2096 2355,2096 2400,2096 2445,2096 2490,2093 2534,2093 2579,2093 2624,2093 2669,2093 2714,2099"/>
                <TextEquiv>
                    <Unicode>Gespräch. Darf man einen Kranken umbringen?</Unicode>
                </TextEquiv>
            </TextLine>
            <TextLine id="tr_1_tl_12" custom="readingOrder {index:11;}">
                <Coords points="673,2291 2726,2271 2978,2202 673,2202"/>
                <Baseline points="689,2275 695,2272 740,2272 785,2272 830,2275 874,2275 919,2272 964,2269 1009,2266 1054,2266 1098,2266 1143,2266 1188,2263 1233,2263 1277,2263 1322,2263 1367,2260 1412,2260 1457,2257 1501,2257 1546,2257 1591,2254 1636,2254 1681,2254 1725,2254 1770,2254 1815,2251 1860,2251 1904,2251 1949,2251 1994,2251 2039,2248 2084,2248 2128,2248 2173,2248 2218,2248 2263,2248 2308,2245 2352,2242 2397,2242 2442,2239 2487,2242 2531,2239 2576,2239 2621,2239 2666,2236 2711,2236 2755,2236 2800,2236 2845,2236 2890,2233 2935,2239 2979,2242"/>
                <TextEquiv>
                    <Unicode>Den Ball heuer im Winter wirft nun der Vater vor.</Unicode>
                </TextEquiv>
            </TextLine>
            <TextLine id="tr_1_tl_13" custom="readingOrder {index:12;}">
                <Coords points="684,2437 770,2474 902,2428 1710,2428 1735,2357 1535,2317 1363,2365 856,2371 687,2331"/>
                <Baseline points="701,2418 713,2418 758,2421 803,2421 847,2421 892,2421 937,2421 982,2418 1027,2418 1071,2418 1116,2418 1161,2418 1206,2418 1251,2415 1295,2415 1340,2415 1385,2412 1430,2412 1475,2409 1519,2409 1564,2409 1609,2412 1654,2409 1698,2409 1743,2412"/>
                <TextEquiv>
                    <Unicode>“Du lässt mich allein.“</Unicode>
                </TextEquiv>
            </TextLine>
            <TextLine id="tr_1_tl_14" custom="readingOrder {index:13;}">
                <Coords points="673,2612 1223,2580 1369,2652 1549,2577 2282,2557 2474,2609 2806,2586 2809,2474 673,2503"/>
                <Baseline points="689,2588 710,2585 755,2582 800,2579 844,2582 889,2579 934,2579 979,2576 1024,2576 1068,2573 1113,2573 1158,2570 1203,2570 1248,2573 1292,2570 1337,2570 1382,2570 1427,2570 1472,2570 1516,2567 1561,2564 1606,2564 1651,2564 1695,2564 1740,2564 1785,2564 1830,2564 1875,2561 1919,2561 1964,2561 2009,2558 2054,2558 2099,2555 2143,2555 2188,2555 2233,2555 2278,2552 2322,2549 2367,2549 2412,2549 2457,2549 2502,2549 2546,2546 2591,2543 2636,2543 2681,2540 2726,2537 2770,2537 2815,2540"/>
                <TextEquiv>
                    <Unicode>Der Vater: Beklagt Sie sich über mich? Nimmer</Unicode>
                </TextEquiv>
            </TextLine>
            <TextLine id="tr_1_tl_15" custom="readingOrder {index:14;}">
                <Coords points="687,2812 727,2801 793,2827 882,2827 919,2806 971,2809 1054,2752 1074,2755 1074,2692 1025,2709 977,2680 934,2689 902,2660 848,2655 753,2695 687,2652"/>
                <Baseline points="704,2746 722,2743 767,2740 812,2740 856,2743 901,2746 946,2743 991,2740 1036,2740 1080,2740"/>
                <TextEquiv>
                    <Unicode>lang...</Unicode>
                </TextEquiv>
            </TextLine>
            <TextLine id="tr_1_tl_16" custom="readingOrder {index:15;}">
                <Coords points="670,2930 2343,2858 2964,2912 2967,2795 673,2815"/>
                <Baseline points="689,2896 731,2896 776,2893 821,2893 865,2890 910,2887 955,2887 1000,2884 1045,2884 1089,2881 1134,2878 1179,2875 1224,2875 1268,2872 1313,2872 1358,2869 1403,2869 1448,2866 1492,2866 1537,2866 1582,2866 1627,2863 1672,2863 1716,2863 1761,2863 1806,2863 1851,2863 1896,2860 1940,2860 1985,2860 2030,2860 2075,2863 2119,2863 2164,2866 2209,2860 2254,2857 2299,2860 2343,2857 2388,2854 2433,2851 2478,2851 2523,2851 2567,2851 2612,2851 2657,2848 2702,2848 2746,2845 2791,2845 2836,2842 2881,2842 2926,2842 2970,2845"/>
                <TextEquiv>
                    <Unicode>Der Arzt zum Vater: Wahrhaftig, Sie haben keinen</Unicode>
                </TextEquiv>
            </TextLine>
            <TextLine id="tr_1_tl_17" custom="readingOrder {index:16;}">
                <Coords points="722,3110 1355,3030 2010,3067 2156,3033 2159,2910 2088,2878 1853,2961 1254,2984 727,2953"/>
                <Baseline points="740,3039 776,3039 821,3039 865,3039 910,3039 955,3042 1000,3042 1045,3039 1089,3036 1134,3033 1179,3033 1224,3030 1268,3030 1313,3030 1358,3027 1403,3027 1448,3027 1492,3024 1537,3024 1582,3021 1627,3021 1672,3024 1716,3021 1761,3021 1806,3018 1851,3018 1896,3015 1940,3012 1985,3015 2030,3015 2075,3012 2119,3015 2164,3024"/>
                <TextEquiv>
                    <Unicode>Grund. Ihre Tochter ein Engel.</Unicode>
                </TextEquiv>
            </TextLine>
            <TextLine id="tr_1_tl_18" custom="readingOrder {index:17;}">
                <Coords points="733,3213 2537,3159 2786,3233 2827,3056 736,3127"/>
                <Baseline points="752,3200 770,3200 815,3197 859,3197 904,3194 949,3191 994,3191 1039,3188 1083,3188 1128,3188 1173,3188 1218,3188 1263,3185 1307,3185 1352,3185 1397,3188 1442,3185 1486,3182 1531,3179 1576,3179 1621,3179 1666,3176 1710,3176 1755,3176 1800,3173 1845,3173 1890,3170 1934,3170 1979,3167 2024,3167 2069,3167 2113,3167 2158,3167 2203,3164 2248,3162 2293,3159 2337,3159 2382,3159 2427,3159 2472,3159 2517,3156 2561,3156 2606,3156 2651,3159 2696,3156 2740,3156 2785,3156 2830,3164"/>
                <TextEquiv>
                    <Unicode>Vater: Leicht, ein Engel sein, wenn man jung</Unicode>
                </TextEquiv>
            </TextLine>
            <TextLine id="tr_1_tl_19" custom="readingOrder {index:18;}">
                <Coords points="684,3394 733,3419 888,3353 974,3391 1105,3353 1363,3376 1363,3313 1289,3273 1229,3296 1206,3270 1123,3273 1088,3247 971,3293 684,3319"/>
                <Baseline points="701,3365 743,3362 788,3359 833,3359 877,3356 922,3353 967,3350 1012,3350 1056,3350 1101,3347 1146,3347 1191,3347 1236,3344 1280,3344 1325,3347 1370,3347"/>
                <TextEquiv>
                    <Unicode>und schön ist.</Unicode>
                </TextEquiv>
            </TextLine>
            <TextLine id="tr_1_tl_20" custom="readingOrder {index:19;}">
                <Coords points="682,3557 725,3571 842,3514 1329,3520 1366,3508 1369,3462 1269,3428 1117,3459 1060,3436 965,3454 848,3431 684,3462"/>
                <Baseline points="698,3523 743,3517 788,3514 833,3511 877,3511 922,3508 967,3508 1012,3505 1056,3505 1101,3505 1146,3505 1191,3502 1236,3499 1280,3499 1325,3499 1370,3502"/>
                <TextEquiv>
                    <Unicode>Der Arzt geht.</Unicode>
                </TextEquiv>
            </TextLine>
            <TextLine id="tr_1_tl_21" custom="readingOrder {index:20;}">
                <Coords points="676,3697 1747,3646 2162,3757 2884,3731 2892,3520 876,3628 682,3557"/>
                <Baseline points="695,3672 701,3672 746,3669 791,3666 836,3666 880,3666 925,3663 970,3660 1015,3660 1059,3660 1104,3657 1149,3660 1194,3657 1239,3654 1283,3654 1328,3651 1373,3648 1418,3648 1463,3645 1507,3645 1552,3645 1597,3642 1642,3642 1686,3639 1731,3636 1776,3636 1821,3636 1866,3633 1910,3636 1955,3633 2000,3633 2045,3636 2090,3633 2134,3630 2179,3627 2224,3627 2269,3627 2314,3624 2358,3618 2403,3621 2448,3618 2493,3618 2537,3615 2582,3615 2627,3615 2672,3612 2717,3609 2761,3609 2806,3606 2851,3606 2896,3609"/>
                <TextEquiv>
                    <Unicode>Der Vater will keine Wärterin; er hat sie auch</Unicode>
                </TextEquiv>
            </TextLine>
            <TextLine id="tr_1_tl_22" custom="readingOrder {index:21;}">
                <Coords points="696,3863 1037,3889 1177,3826 1538,3803 1979,3840 2010,3737 1589,3711 1146,3783 1082,3743 699,3763"/>
                <Baseline points="713,3842 716,3842 761,3839 806,3836 850,3830 895,3827 940,3824 985,3824 1030,3827 1074,3824 1119,3824 1164,3818 1209,3815 1254,3812 1298,3812 1343,3812 1388,3809 1433,3809 1477,3806 1522,3803 1567,3803 1612,3800 1657,3797 1701,3797 1746,3797 1791,3797 1836,3794 1881,3792 1925,3792 1970,3792 2015,3794"/>
                <TextEquiv>
                    <Unicode>gepflegt, wie sie krank war.</Unicode>
                </TextEquiv>
            </TextLine>
        </TextRegion>
    </Page>
</PcGts>
