6600 4312
355 330 1870 595 2. - Der Arst.- die Tante -
250 441 2379 808 Daswie sich einmal sehr lassen.
327 691 1539 916 Seit ihm Tag it toits.
420 858 1379 1111 Ich kam zu spät.
469 984 1870 1274 Majestr dt harn...
457 1135 2366 1435 Ich in auf vier Tn pmaustries
466 1302 2141 1641 diesen herrliche Regiment! -
481 1613 2480 1870 Ratharine kommt an - sich kernk -
497 1823 2554 2064 will bei Mutter storben... Maß leichten.-
105 1934 629 2193 Ass. Admitt
83 2129 491 2323 Huill sie
568 2085 1910 2379 Marie Knut zurück.
108 2264 500 2434 nicht sehen.
126 2366 1342 2588 niet sich an learis Cap -
142 2514 515 2733 verwahrte
555 2446 2412 2767 Oagt. H hiege Thec prist.. von Adg. -
583 2662 2687 2928 Dieu. Der glaub ich nicht. a ich ihr in uns
614 2881 2030 3202 fort.- Aber ich nachsah es. -
568 3014 2665 3390 Ergl. -  I send to which know. J. sat on
561 3233 2610 3532 lerie. voortsmerzt. Er will Sie noch
648 3495 1515 3742 einmal sehen.
651 3665 824 3832 a
3511 253 4726 512 Marie Adjunkt. -
3464 478 5883 759 Adj. die fehle sich möste. In Freude der Freunde.
3511 676 5488 861 Qr learie. Sie marit jhutlich worden.
3437 824 5747 1114 Marie. Die soll kein selbste Bild er uns haben.
5519 996 5723 1111 G.C.P.
3523 1009 5578 1262 Ich sch einmals ermacht. - Ich man
3452 1191 5572 1468 in dieser Nacht auch bei der Aar it ist
3437 1333 5713 1635 liebte; nu wie sel ich alle edelte... Tilsen
3421 1595 4165 1783 im Zänner:
3480 1715 5738 1971 Ad. Ich erwartete.. Dich ich schön die werde..
3461 1888 5945 2203 liarie. Un ein erselmoes ich habe kein Krei¬
3514 2107 5803 2400 keine. Ich hat gehbt! - - soll ich nach der
3424 2354 4603 2638 gericht erzeigen.
3566 2669 5939 2965 Vielleicht kunde der Eid, zum partd Kalserins.
5004 2931 6158 3156 Admilt ab...    4 m
5103 3110 5448 3301 marta
3579 3104 4806 3403 der Ärzt wußt alles
3637 3258 5911 3545 Er muss sich G. vor Nachts aber, sand¬
3650 3480 4504 3739 die Plath leer.
