<?xml version="1.0" encoding="UTF-8" standalone="yes"?>
<PcGts xmlns="http://schema.primaresearch.org/PAGE/gts/pagecontent/2013-07-15" xmlns:xsi="http://www.w3.org/2001/XMLSchema-instance" xsi:schemaLocation="http://schema.primaresearch.org/PAGE/gts/pagecontent/2013-07-15 http://schema.primaresearch.org/PAGE/gts/pagecontent/2013-07-15/pagecontent.xsd">
    <Metadata>
        <Creator>prov=READ-COOP:name=TrHtr:version=2.1.0:model_id=51170:date=29_07_2023_10:10</Creator>
        <Created>2023-05-10T12:30:37.254+02:00</Created>
        <LastChange>2023-07-29T10:10:23.399+02:00</LastChange>
        <TranskribusMetadata docId="1428204" pageId="55403541" pageNr="73" tsid="131406783" status="IN_PROGRESS" userId="64420" imgUrl="https://files.transkribus.eu/Get?id=MNBQOLTMOAEWWSNGYJAVCDYA&amp;fileType=view" xmlUrl="https://files.transkribus.eu/Get?id=KGTTFRFQAYYGHEVNEZIUJZLV" imageId="44678362"/>
    </Metadata>
    <Page imageFilename="1428204_0073.jpg" imageWidth="3240" imageHeight="6072">
        <ReadingOrder>
            <OrderedGroup id="ro_1711795861984" caption="Regions reading order">
                <RegionRefIndexed index="0" regionRef="tr_2"/>
                <RegionRefIndexed index="1" regionRef="tr_3"/>
                <RegionRefIndexed index="2" regionRef="tr_1"/>
            </OrderedGroup>
        </ReadingOrder>
        <TextRegion id="tr_2" custom="readingOrder {index:0;}">
            <Coords points="982,1191 2493,1191 2493,2751 982,2751"/>
            <TextLine id="tr_2_tl_1" custom="readingOrder {index:0;}">
                <Coords points="1613,1276 1638,1276 1651,1287 1673,1278 1704,1290 1742,1279 1748,1285 1761,1279 1771,1289 1806,1287 1812,1161 1771,1154 1753,1139 1746,1146 1724,1141 1711,1154 1689,1157 1677,1150 1662,1163 1655,1155 1644,1163 1618,1154"/>
                <Baseline points="1624,1252 1651,1246 1732,1246 1813,1241"/>
                <TextEquiv>
                    <Unicode>72</Unicode>
                </TextEquiv>
            </TextLine>
            <TextLine id="tr_2_tl_2" custom="readingOrder {index:1;}">
                <Coords points="1538,1400 1664,1369 1689,1378 1737,1371 1751,1381 1770,1369 1810,1372 1812,1318 1759,1301 1715,1312 1669,1281 1604,1307 1587,1289 1564,1290 1542,1278"/>
                <Baseline points="1549,1370 1570,1365 1651,1365 1732,1360 1813,1360"/>
                <TextEquiv>
                    <Unicode>Der Arzt.</Unicode>
                </TextEquiv>
            </TextLine>
            <TextLine id="tr_2_tl_3" custom="readingOrder {index:2;}">
                <Coords points="1063,1504 1713,1469 1852,1425 2400,1429 2404,1354 2304,1309 1946,1381 1068,1398"/>
                <Baseline points="1074,1473 1111,1468 1192,1468 1273,1462 1354,1457 1435,1446 1516,1441 1597,1435 1678,1435 1759,1430 1840,1424 1921,1414 2002,1414 2083,1408 2164,1403 2245,1397 2326,1392 2407,1392"/>
                <TextEquiv>
                    <Unicode>Es wird vielleicht der einzige von allen sein, dessen</Unicode>
                </TextEquiv>
            </TextLine>
            <TextLine id="tr_2_tl_4" custom="readingOrder {index:3;}">
                <Coords points="970,1578 2287,1505 2408,1482 2411,1429 973,1507"/>
                <Baseline points="982,1554 1036,1554 1117,1549 1198,1543 1279,1538 1360,1532 1441,1527 1522,1516 1603,1511 1683,1505 1764,1500 1845,1495 1926,1489 2007,1484 2088,1484 2169,1478 2250,1473 2331,1468 2412,1468"/>
                <TextEquiv>
                    <Unicode>Name bleiben wird, weil er nicht nur ein Held, sondern</Unicode>
                </TextEquiv>
            </TextLine>
            <TextLine id="tr_2_tl_5" custom="readingOrder {index:4;}">
                <Coords points="970,1666 1356,1607 2417,1564 2422,1498 975,1576"/>
                <Baseline points="982,1629 1047,1629 1128,1624 1209,1613 1289,1608 1370,1603 1451,1597 1532,1592 1613,1586 1694,1581 1775,1576 1856,1570 1937,1565 2018,1554 2099,1554 2180,1549 2261,1549 2342,1543 2423,1538"/>
                <TextEquiv>
                    <Unicode>auch eine Art von Narr gewesen ist. Solche Launen</Unicode>
                </TextEquiv>
            </TextLine>
            <TextLine id="tr_2_tl_6" custom="readingOrder {index:5;}">
                <Coords points="981,1739 1850,1651 2411,1651 2417,1558 986,1658"/>
                <Baseline points="993,1705 1041,1705 1122,1700 1203,1689 1284,1683 1365,1678 1446,1673 1527,1656 1608,1656 1689,1651 1770,1651 1851,1640 1932,1635 2013,1629 2094,1629 2175,1624 2256,1619 2337,1619 2418,1619"/>
                <TextEquiv>
                    <Unicode>hat der Ruhm. Und dabei wäre es wohl möglich, daß</Unicode>
                </TextEquiv>
            </TextLine>
            <TextLine id="tr_2_tl_7" custom="readingOrder {index:6;}">
                <Coords points="981,1801 2393,1722 2431,1640 984,1739"/>
                <Baseline points="993,1775 1057,1781 1138,1770 1219,1764 1300,1759 1381,1743 1462,1743 1543,1743 1624,1732 1705,1727 1786,1721 1867,1716 1948,1710 2029,1705 2110,1700 2191,1700 2272,1694 2353,1689 2434,1683"/>
                <TextEquiv>
                    <Unicode>auch das nichts ist als eine Legende wie sie von der</Unicode>
                </TextEquiv>
            </TextLine>
            <TextLine id="tr_2_tl_8" custom="readingOrder {index:7;}">
                <Coords points="986,1890 1365,1843 1575,1886 1682,1830 1833,1868 2165,1784 2426,1815 2433,1717 1762,1771 1617,1740 991,1815"/>
                <Baseline points="998,1851 1057,1851 1138,1845 1219,1840 1300,1835 1381,1829 1462,1818 1543,1813 1624,1813 1705,1808 1786,1797 1867,1791 1948,1791 2029,1786 2110,1781 2191,1775 2272,1770 2353,1764 2434,1759"/>
                <TextEquiv>
                    <Unicode>wunderlichen Art., die sich in solchen Zeiten zu bilden</Unicode>
                </TextEquiv>
            </TextLine>
            <TextLine id="tr_2_tl_9" custom="readingOrder {index:8;}">
                <Coords points="986,1966 1092,1954 1114,1970 1132,1970 1157,1954 1177,1959 1190,1976 1203,1976 1210,1886 1188,1883 1159,1859 1134,1870 1108,1861 1061,1875 1041,1868 1019,1883 991,1888"/>
                <Baseline points="998,1937 1047,1932 1128,1926 1209,1921"/>
                <TextEquiv>
                    <Unicode>pflegen.</Unicode>
                </TextEquiv>
            </TextLine>
            <TextLine id="tr_2_tl_10" custom="readingOrder {index:9;}">
                <Coords points="1536,1999 1578,1988 1626,1997 1651,1985 1679,2001 1722,1974 1757,1987 1768,1977 1801,1985 1835,1970 1853,1979 1872,1965 1894,1968 1897,1895 1874,1886 1812,1908 1773,1895 1759,1906 1733,1890 1704,1892 1658,1859 1631,1879 1606,1875 1542,1895"/>
                <Baseline points="1549,1970 1576,1970 1656,1970 1737,1964 1818,1959 1899,1953"/>
                <TextEquiv>
                    <Unicode>Der Adjunkt.</Unicode>
                </TextEquiv>
            </TextLine>
            <TextLine id="tr_2_tl_11" custom="readingOrder {index:10;}">
                <Coords points="1083,2087 1192,2114 1252,2085 1301,2114 1431,2069 1507,2125 1668,2058 1966,2067 2092,2048 2098,1956 1531,2008 1314,1966 1090,1977"/>
                <Baseline points="1095,2077 1128,2072 1209,2072 1289,2067 1370,2061 1451,2056 1532,2050 1613,2045 1694,2040 1775,2034 1856,2029 1937,2024 2018,2018 2099,2013"/>
                <TextEquiv>
                    <Unicode>Warum sollte das eine Legende sein?</Unicode>
                </TextEquiv>
            </TextLine>
            <TextLine id="tr_2_tl_12" custom="readingOrder {index:11;}">
                <Coords points="1591,2165 1631,2154 1658,2163 1699,2145 1735,2161 1779,2145 1792,2156 1866,2149 1870,2092 1804,2067 1746,2059 1711,2083 1669,2089 1638,2074 1609,2098 1595,2094"/>
                <Baseline points="1603,2142 1629,2137 1710,2131 1791,2131 1872,2121"/>
                <TextEquiv>
                    <Unicode>Der Arzt.</Unicode>
                </TextEquiv>
            </TextLine>
            <TextLine id="tr_2_tl_13" custom="readingOrder {index:12;}">
                <Coords points="1099,2271 1325,2271 1361,2245 1536,2231 1584,2265 1679,2231 1813,2233 1926,2211 1932,2136 1700,2143 1622,2176 1432,2147 1217,2202 1106,2156"/>
                <Baseline points="1111,2245 1122,2239 1203,2245 1284,2239 1365,2229 1446,2223 1527,2218 1608,2218 1689,2212 1770,2207 1851,2196 1932,2191"/>
                <TextEquiv>
                    <Unicode>Wie manches andere vielleicht.</Unicode>
                </TextEquiv>
            </TextLine>
            <TextLine id="tr_2_tl_14" custom="readingOrder {index:13;}">
                <Coords points="1560,2335 1611,2342 1646,2320 1782,2335 1815,2316 1872,2322 1883,2313 1915,2333 1919,2265 1846,2227 1819,2245 1733,2234 1706,2243 1689,2233 1640,2264 1613,2253 1584,2265 1564,2258"/>
                <Baseline points="1570,2310 1597,2310 1678,2310 1759,2304 1840,2299 1921,2293"/>
                <TextEquiv>
                    <Unicode>Der Adjunkt.</Unicode>
                </TextEquiv>
            </TextLine>
            <TextLine id="tr_2_tl_15" custom="readingOrder {index:14;}">
                <Coords points="1114,2444 1165,2457 1214,2426 1250,2433 1325,2409 1440,2433 1540,2397 1651,2402 1655,2335 1538,2327 1484,2349 1407,2329 1279,2373 1210,2375 1121,2333"/>
                <Baseline points="1128,2407 1171,2407 1252,2412 1333,2407 1414,2401 1495,2391 1576,2385 1656,2380"/>
                <TextEquiv>
                    <Unicode>Woran denken Sie?</Unicode>
                </TextEquiv>
            </TextLine>
            <TextLine id="tr_2_tl_16" custom="readingOrder {index:15;}">
                <Coords points="1624,2499 1651,2504 1677,2490 1699,2499 1746,2482 1806,2499 1822,2490 1835,2495 1852,2479 1892,2480 1895,2429 1875,2428 1859,2411 1808,2420 1775,2402 1700,2435 1680,2420 1646,2428 1629,2418"/>
                <Baseline points="1635,2477 1656,2477 1737,2471 1818,2471 1899,2461"/>
                <TextEquiv>
                    <Unicode>Der Arzt.</Unicode>
                </TextEquiv>
            </TextLine>
            <TextLine id="tr_2_tl_17" custom="readingOrder {index:16;}">
                <Coords points="1134,2593 2469,2533 2493,2429 2433,2400 2273,2464 2016,2440 1777,2510 1137,2528"/>
                <Baseline points="1144,2579 1198,2579 1279,2574 1360,2569 1441,2563 1522,2563 1603,2558 1683,2547 1764,2542 1845,2536 1926,2531 2007,2525 2088,2520 2169,2515 2250,2509 2331,2504 2412,2498 2493,2488"/>
                <TextEquiv>
                    <Unicode>Sie haben doch gewiß auch davon gehört, daß in</Unicode>
                </TextEquiv>
            </TextLine>
            <TextLine id="tr_2_tl_18" custom="readingOrder {index:17;}">
                <Coords points="1026,2670 2473,2608 2491,2526 1489,2604 1032,2592"/>
                <Baseline points="1036,2660 1117,2666 1198,2655 1279,2650 1360,2644 1441,2639 1522,2633 1603,2628 1683,2623 1764,2612 1845,2612 1926,2606 2007,2596 2088,2590 2169,2585 2250,2585 2331,2579 2412,2574 2493,2574"/>
                <TextEquiv>
                    <Unicode>der Nacht vor dem Abmarsch des Regiments ein junger</Unicode>
                </TextEquiv>
            </TextLine>
            <TextLine id="tr_2_tl_19" custom="readingOrder {index:18;}">
                <Coords points="1035,2756 1352,2781 1897,2690 2395,2692 2482,2675 2488,2604 1245,2695 1041,2670"/>
                <Baseline points="1047,2741 1111,2741 1192,2731 1273,2725 1354,2720 1435,2720 1516,2709 1597,2704 1678,2698 1759,2693 1840,2687 1921,2682 2002,2677 2083,2671 2164,2666 2245,2655 2326,2655 2407,2650 2488,2650"/>
                <TextEquiv>
                    <Unicode>Offizier die Frau des Oberst und dann sich selbst erschoß.</Unicode>
                </TextEquiv>
            </TextLine>
        </TextRegion>
        <TextRegion id="tr_3" custom="readingOrder {index:1;}">
            <Coords points="1090,2735 2569,2735 2569,3869 1090,3869"/>
            <TextLine id="tr_3_tl_1" custom="readingOrder {index:0;}">
                <Coords points="1604,2819 1642,2827 1730,2803 1793,2832 1837,2810 1870,2825 1886,2810 1906,2827 1937,2808 1957,2812 1961,2728 1899,2730 1853,2750 1797,2745 1775,2726 1702,2763 1649,2761 1607,2743"/>
                <Baseline points="1613,2795 1640,2801 1721,2795 1802,2790 1883,2785 1964,2785"/>
                <TextEquiv>
                    <Unicode>Der Adjunkt.</Unicode>
                </TextEquiv>
            </TextLine>
            <TextLine id="tr_3_tl_2" custom="readingOrder {index:1;}">
                <Coords points="1148,2912 1232,2936 1350,2918 1438,2949 1564,2901 1629,2920 1711,2880 1757,2889 1762,2816 1713,2829 1668,2812 1436,2810 1274,2858 1154,2847"/>
                <Baseline points="1160,2903 1198,2903 1279,2903 1360,2892 1441,2887 1522,2882 1603,2876 1683,2871 1764,2865"/>
                <TextEquiv>
                    <Unicode>Davon hab ich gehört.</Unicode>
                </TextEquiv>
            </TextLine>
            <TextLine id="tr_3_tl_3" custom="readingOrder {index:2;}">
                <Coords points="1646,2983 1691,2982 1702,2993 1757,2972 1792,2983 1821,2971 1830,2982 1857,2985 1901,2965 1926,2978 1930,2912 1912,2907 1894,2916 1872,2898 1824,2887 1795,2912 1750,2912 1737,2923 1648,2909"/>
                <Baseline points="1656,2968 1689,2963 1770,2963 1851,2957 1932,2957"/>
                <TextEquiv>
                    <Unicode>Der Arzt.</Unicode>
                </TextEquiv>
            </TextLine>
            <TextLine id="tr_3_tl_4" custom="readingOrder {index:3;}">
                <Coords points="1170,3095 2433,3013 2528,2994 2533,2920 1617,3016 1177,3007"/>
                <Baseline points="1182,3071 1235,3071 1316,3065 1397,3060 1478,3054 1559,3049 1640,3038 1721,3033 1802,3033 1883,3027 1964,3022 2045,3011 2126,3006 2207,3006 2288,3000 2369,2995 2450,2990 2531,2984"/>
                <TextEquiv>
                    <Unicode>Nun wird diese Geschichte schon in einer seltsam</Unicode>
                </TextEquiv>
            </TextLine>
            <TextLine id="tr_3_tl_5" custom="readingOrder {index:4;}">
                <Coords points="1079,3173 2356,3100 2524,3067 2528,3020 1086,3082"/>
                <Baseline points="1090,3152 1155,3152 1235,3146 1316,3135 1397,3130 1478,3130 1559,3125 1640,3119 1721,3108 1802,3103 1883,3098 1964,3092 2045,3087 2126,3081 2207,3076 2288,3071 2369,3065 2450,3060 2531,3054"/>
                <TextEquiv>
                    <Unicode>ormanhaften Weise gedeutet und herumgetragen. Dem</Unicode>
                </TextEquiv>
            </TextLine>
            <TextLine id="tr_3_tl_6" custom="readingOrder {index:5;}">
                <Coords points="1084,3240 1604,3235 2371,3135 2455,3164 2541,3151 2546,3069 1088,3166"/>
                <Baseline points="1095,3222 1171,3222 1252,3211 1333,3206 1414,3206 1495,3195 1576,3195 1656,3184 1737,3179 1818,3173 1899,3168 1980,3157 2061,3157 2142,3152 2223,3146 2304,3141 2385,3130 2466,3130 2547,3125"/>
                <TextEquiv>
                    <Unicode>Oberst, der sein eheliches Unglück längst geehnt — so</Unicode>
                </TextEquiv>
            </TextLine>
            <TextLine id="tr_3_tl_7" custom="readingOrder {index:6;}">
                <Coords points="1090,3306 2451,3235 2530,3208 2533,3155 1095,3240"/>
                <Baseline points="1101,3292 1160,3292 1241,3281 1322,3276 1403,3270 1484,3270 1565,3259 1646,3259 1727,3249 1808,3243 1889,3238 1970,3233 2050,3227 2131,3222 2212,3216 2293,3216 2374,3206 2455,3200 2536,3189"/>
                <TextEquiv>
                    <Unicode>sagen die Leute — wäre es keineswegs darauf ange¬</Unicode>
                </TextEquiv>
            </TextLine>
            <TextLine id="tr_3_tl_8" custom="readingOrder {index:7;}">
                <Coords points="1104,3379 2440,3304 2546,3290 2552,3204 1108,3319"/>
                <Baseline points="1117,3362 1176,3362 1257,3357 1338,3351 1419,3346 1500,3340 1581,3335 1662,3330 1743,3324 1824,3319 1905,3313 1986,3303 2067,3297 2148,3297 2229,3286 2310,3281 2391,3276 2471,3276 2552,3270"/>
                <TextEquiv>
                    <Unicode>kommen, die Fahne des Regiments zu entsühnen, sondern</Unicode>
                </TextEquiv>
            </TextLine>
            <TextLine id="tr_3_tl_9" custom="readingOrder {index:8;}">
                <Coords points="1101,3454 2420,3383 2541,3366 2546,3291 1536,3386 1106,3379"/>
                <Baseline points="1111,3443 1171,3438 1252,3432 1333,3427 1414,3427 1495,3421 1576,3411 1656,3405 1737,3400 1818,3389 1899,3389 1980,3384 2061,3378 2142,3367 2223,3362 2304,3357 2385,3351 2466,3346 2547,3346"/>
                <TextEquiv>
                    <Unicode>aus Verzweiflung über die Untreue seiner Frau hätte</Unicode>
                </TextEquiv>
            </TextLine>
            <TextLine id="tr_3_tl_10" custom="readingOrder {index:9;}">
                <Coords points="1110,3530 2375,3470 2552,3450 2557,3372 1115,3454"/>
                <Baseline points="1122,3508 1182,3513 1262,3508 1343,3502 1424,3497 1505,3492 1586,3486 1667,3481 1748,3475 1829,3470 1910,3459 1991,3459 2072,3448 2153,3448 2234,3438 2315,3432 2396,3427 2477,3427 2558,3421"/>
                <TextEquiv>
                    <Unicode>er den Schwur getan, sich und die Seinen in den Tod</Unicode>
                </TextEquiv>
            </TextLine>
            <TextLine id="tr_3_tl_11" custom="readingOrder {index:10;}">
                <Coords points="1092,3612 1163,3627 1185,3609 1199,3618 1236,3609 1254,3625 1290,3605 1301,3614 1316,3605 1330,3618 1371,3627 1376,3565 1314,3525 1279,3534 1252,3525 1234,3539 1201,3532 1174,3552 1132,3545 1121,3532 1097,3536"/>
                <Baseline points="1101,3600 1133,3600 1214,3589 1295,3583 1376,3583"/>
                <TextEquiv>
                    <Unicode>zu führen.</Unicode>
                </TextEquiv>
            </TextLine>
            <TextLine id="tr_3_tl_12" custom="readingOrder {index:11;}">
                <Coords points="1668,3630 1799,3619 1850,3634 1888,3619 1903,3627 1928,3609 2012,3627 2018,3543 1985,3527 1908,3554 1819,3548 1757,3576 1671,3568"/>
                <Baseline points="1678,3610 1694,3610 1775,3605 1856,3600 1937,3594 2018,3589"/>
                <TextEquiv>
                    <Unicode>Der Adjunkt.</Unicode>
                </TextEquiv>
            </TextLine>
            <TextLine id="tr_3_tl_13" custom="readingOrder {index:12;}">
                <Coords points="1206,3736 2258,3663 2386,3696 2562,3654 2570,3545 2316,3609 2203,3578 1992,3630 1214,3645"/>
                <Baseline points="1219,3713 1273,3713 1354,3707 1435,3702 1516,3697 1597,3691 1678,3686 1759,3680 1840,3675 1921,3670 2002,3664 2083,3659 2164,3653 2245,3648 2326,3643 2407,3637 2488,3632 2569,3632"/>
                <TextEquiv>
                    <Unicode>Und die alte Schuld der blauen Kürassiere... auch</Unicode>
                </TextEquiv>
            </TextLine>
            <TextLine id="tr_3_tl_14" custom="readingOrder {index:13;}">
                <Coords points="1128,3804 1236,3816 1283,3844 1347,3811 1411,3804 1449,3825 1505,3794 1545,3822 1591,3827 1622,3805 1673,3820 1682,3711 1607,3701 1453,3742 1405,3727 1358,3758 1292,3736 1254,3753 1188,3745 1134,3723"/>
                <Baseline points="1138,3799 1198,3794 1279,3788 1360,3783 1441,3783 1522,3772 1603,3767 1683,3756"/>
                <TextEquiv>
                    <Unicode>das nur eine Fabel?</Unicode>
                </TextEquiv>
            </TextLine>
            <TextLine id="tr_3_tl_15" custom="readingOrder {index:14;}">
                <Coords points="1717,3860 1740,3869 1801,3860 1826,3878 1874,3867 1886,3873 1910,3856 1930,3875 1956,3864 1974,3875 1990,3869 1994,3789 1935,3793 1923,3778 1895,3771 1844,3780 1813,3758 1779,3776 1762,3765 1722,3778"/>
                <Baseline points="1727,3859 1754,3853 1835,3848 1916,3842 1997,3842"/>
                <TextEquiv>
                    <Unicode>Der Arzt.</Unicode>
                </TextEquiv>
            </TextLine>
        </TextRegion>
        <TextRegion id="tr_1" custom="readingOrder {index:2;}">
            <Coords points="1155,3814 2655,3814 2655,5553 1155,5553"/>
            <TextLine id="tr_1_tl_1" custom="readingOrder {index:0;}">
                <Coords points="1228,3980 2510,3897 2579,3886 2582,3831 2380,3798 2098,3867 2014,3825 1941,3876 1234,3884"/>
                <Baseline points="1241,3950 1289,3956 1370,3950 1451,3945 1532,3945 1613,3934 1694,3934 1775,3923 1856,3918 1937,3913 2018,3907 2099,3902 2180,3896 2261,3891 2342,3886 2423,3880 2504,3875 2585,3864"/>
                <TextEquiv>
                    <Unicode>Damit hat's jedenfalls eine besondere Bewandtnis.</Unicode>
                </TextEquiv>
            </TextLine>
            <TextLine id="tr_1_tl_2" custom="readingOrder {index:1;}">
                <Coords points="1143,4051 2413,3999 2595,3964 2603,3882 1575,3984 1150,3949"/>
                <Baseline points="1155,4031 1225,4037 1306,4031 1387,4031 1468,4026 1549,4015 1629,4010 1710,4004 1791,3999 1872,3988 1953,3988 2034,3977 2115,3977 2196,3967 2277,3961 2358,3956 2439,3950 2520,3945 2601,3945"/>
                <TextEquiv>
                    <Unicode>Sicher ist, daß von dieser Schuld in keiner Geschichte</Unicode>
                </TextEquiv>
            </TextLine>
            <TextLine id="tr_1_tl_3" custom="readingOrder {index:2;}">
                <Coords points="1145,4122 1369,4143 1926,4075 2586,4119 2597,3964 1148,4055"/>
                <Baseline points="1155,4112 1219,4112 1300,4107 1381,4101 1462,4096 1543,4091 1624,4085 1705,4080 1786,4074 1867,4069 1948,4064 2029,4064 2110,4053 2191,4048 2272,4042 2353,4037 2434,4026 2515,4021 2596,4021"/>
                <TextEquiv>
                    <Unicode>des damaligen Krieges ein Wort zu lesen steht. Ach</Unicode>
                </TextEquiv>
            </TextLine>
            <TextLine id="tr_1_tl_4" custom="readingOrder {index:3;}">
                <Coords points="1146,4232 1197,4237 1263,4214 1327,4246 1453,4190 1516,4203 1555,4179 1604,4175 1607,4137 1567,4119 1509,4130 1484,4113 1460,4126 1398,4122 1369,4143 1321,4130 1243,4148 1216,4126 1174,4137 1154,4122"/>
                <Baseline points="1160,4188 1203,4188 1284,4182 1365,4172 1446,4166 1527,4166 1608,4172"/>
                <TextEquiv>
                    <Unicode>Das ist seltsam.</Unicode>
                </TextEquiv>
            </TextLine>
            <TextLine id="tr_1_tl_5" custom="readingOrder {index:4;}">
                <Coords points="1773,4261 1790,4263 1802,4250 1815,4256 1855,4241 1884,4248 1899,4261 1921,4252 1943,4268 1957,4257 1990,4254 1994,4192 1981,4194 1972,4186 1950,4197 1912,4174 1879,4197 1857,4201 1813,4172 1777,4177"/>
                <Baseline points="1786,4236 1835,4231 1916,4226 1997,4226"/>
                <TextEquiv>
                    <Unicode>Marie.</Unicode>
                </TextEquiv>
            </TextLine>
            <TextLine id="tr_1_tl_6" custom="readingOrder {index:5;}">
                <Coords points="1248,4381 1347,4367 1383,4336 1467,4336 1531,4378 1589,4348 1642,4363 1728,4328 1759,4350 1833,4327 1879,4343 1884,4245 1697,4287 1644,4245 1586,4239 1505,4279 1256,4279"/>
                <Baseline points="1262,4339 1316,4339 1397,4334 1478,4334 1559,4328 1640,4317 1721,4312 1802,4312 1883,4307"/>
                <TextEquiv>
                    <Unicode>Und doch ist sie wahr.</Unicode>
                </TextEquiv>
            </TextLine>
            <TextLine id="tr_1_tl_7" custom="readingOrder {index:6;}">
                <Coords points="1711,4423 1797,4436 1894,4412 1917,4430 1954,4432 2003,4407 2059,4412 2065,4338 2010,4321 1970,4318 1945,4332 1903,4318 1868,4334 1790,4328 1761,4350 1715,4350"/>
                <Baseline points="1721,4404 1743,4409 1824,4404 1905,4398 1986,4393 2067,4382"/>
                <TextEquiv>
                    <Unicode>Der Adjunkt.</Unicode>
                </TextEquiv>
            </TextLine>
            <TextLine id="tr_1_tl_8" custom="readingOrder {index:7;}">
                <Coords points="1241,4522 1463,4551 1786,4487 2182,4489 2305,4461 2309,4381 2098,4383 1954,4432 1697,4418 1518,4461 1247,4432"/>
                <Baseline points="1252,4506 1257,4506 1338,4506 1419,4506 1500,4501 1581,4495 1662,4490 1743,4485 1824,4479 1905,4474 1986,4468 2067,4468 2148,4458 2229,4452 2310,4442"/>
                <TextEquiv>
                    <Unicode>Wie?... Woher wissen Sie, Marie?</Unicode>
                </TextEquiv>
            </TextLine>
            <TextLine id="tr_1_tl_9" custom="readingOrder {index:8;}">
                <Coords points="1817,4593 1864,4595 1879,4584 1908,4584 1919,4593 1948,4580 1988,4589 1996,4516 1965,4500 1946,4509 1928,4498 1908,4500 1890,4511 1846,4489 1826,4492"/>
                <Baseline points="1829,4576 1835,4576 1916,4571 1997,4560"/>
                <TextEquiv>
                    <Unicode>Marie.</Unicode>
                </TextEquiv>
            </TextLine>
            <TextLine id="tr_1_tl_10" custom="readingOrder {index:9;}">
                <Coords points="1274,4693 2092,4682 2302,4629 2634,4669 2643,4513 1853,4605 1684,4571 1374,4622 1281,4578"/>
                <Baseline points="1284,4674 1343,4679 1424,4674 1505,4668 1586,4663 1667,4657 1748,4652 1829,4647 1910,4647 1991,4641 2072,4641 2153,4630 2234,4625 2315,4620 2396,4614 2477,4609 2558,4598 2639,4598"/>
                <TextEquiv>
                    <Unicode>Von meinem Vater weiß ich es, der es mir erzählte,</Unicode>
                </TextEquiv>
            </TextLine>
            <TextLine id="tr_1_tl_11" custom="readingOrder {index:10;}">
                <Coords points="1181,4777 1372,4768 1403,4791 1518,4755 1633,4786 1762,4762 1881,4782 1961,4768 1968,4677 1815,4660 1726,4695 1560,4677 1478,4708 1186,4686"/>
                <Baseline points="1192,4760 1241,4765 1322,4760 1403,4755 1484,4755 1565,4749 1646,4738 1727,4733 1808,4728 1889,4722 1970,4717"/>
                <TextEquiv>
                    <Unicode>in der Stunde, ehe er starb.</Unicode>
                </TextEquiv>
            </TextLine>
            <TextLine id="tr_1_tl_12" custom="readingOrder {index:11;}">
                <Coords points="1624,4986 1675,4999 1715,4975 1777,4988 1934,4955 2007,4975 2056,4954 2083,4979 2169,4944 2243,4968 2249,4877 2143,4895 1987,4877 1824,4915 1757,4882 1629,4897"/>
                <Baseline points="1635,4965 1683,4965 1764,4960 1845,4954 1926,4949 2007,4943 2088,4943 2169,4933 2250,4922"/>
                <TextEquiv>
                    <Unicode>Siebente Szene.</Unicode>
                </TextEquiv>
            </TextLine>
            <TextLine id="tr_1_tl_13" custom="readingOrder {index:12;}">
                <Coords points="1186,5096 1391,5123 1527,5072 1779,5090 1890,5036 2156,5061 2351,5021 2575,5054 2646,5032 2655,4903 2360,4897 2205,4968 1972,4964 1884,5008 1720,4972 1618,5021 1196,4963"/>
                <Baseline points="1198,5073 1279,5073 1360,5068 1441,5068 1522,5062 1603,5051 1683,5051 1764,5041 1845,5041 1926,5035 2007,5030 2088,5024 2169,5019 2250,5014 2331,5008 2412,4997 2493,4997 2574,4987 2655,4976"/>
                <TextEquiv>
                    <Unicode>Der Adjunkt. Der Arzt. Marie. Kutharina über die</Unicode>
                </TextEquiv>
            </TextLine>
            <TextLine id="tr_1_tl_14" custom="readingOrder {index:13;}">
                <Coords points="1797,5130 1835,5134 1866,5118 1912,5139 1948,5118 2005,5130 2030,5108 2038,5118 2089,5116 2090,5056 2079,5052 2039,5061 2005,5043 1970,5050 1961,5041 1943,5054 1890,5039 1848,5065 1801,5059"/>
                <Baseline points="1808,5105 1851,5105 1932,5100 2013,5100 2094,5089"/>
                <TextEquiv>
                    <Unicode>Wiesen her.</Unicode>
                </TextEquiv>
            </TextLine>
            <TextLine id="tr_1_tl_15" custom="readingOrder {index:14;}">
                <Coords points="1775,5221 1808,5231 1846,5216 1886,5227 1899,5214 1937,5225 1999,5214 2030,5223 2041,5212 2114,5236 2120,5145 2061,5132 2018,5152 1985,5143 1905,5156 1894,5147 1866,5167 1839,5139 1781,5130"/>
                <Baseline points="1786,5208 1797,5208 1878,5208 1959,5203 2040,5197 2121,5186"/>
                <TextEquiv>
                    <Unicode>Der Adjunkt</Unicode>
                </TextEquiv>
            </TextLine>
            <TextLine id="tr_1_tl_16" custom="readingOrder {index:15;}">
                <Coords points="1826,5316 1884,5336 1919,5331 1946,5311 1976,5320 1992,5307 1999,5314 2036,5296 2069,5302 2076,5209 2027,5207 1981,5223 1963,5218 1946,5229 1903,5212 1879,5223 1835,5216"/>
                <Baseline points="1840,5278 1916,5278 1997,5267 2077,5262"/>
                <TextEquiv>
                    <Unicode>(sieht sie.)</Unicode>
                </TextEquiv>
            </TextLine>
            <TextLine id="tr_1_tl_17" custom="readingOrder {index:16;}">
                <Coords points="1316,5407 1367,5416 1400,5440 1491,5422 1502,5431 1522,5416 1553,5416 1567,5429 1598,5416 1642,5426 1651,5294 1582,5307 1544,5300 1491,5325 1454,5325 1447,5314 1409,5331 1385,5307 1354,5311 1323,5296"/>
                <Baseline points="1327,5386 1408,5381 1489,5375 1570,5370 1651,5364"/>
                <TextEquiv>
                    <Unicode>Katharina!</Unicode>
                </TextEquiv>
            </TextLine>
            <TextLine id="tr_1_tl_18" custom="readingOrder {index:17;}">
                <Coords points="1846,5460 1875,5469 1908,5449 1928,5460 1941,5447 1990,5475 2019,5457 2047,5469 2078,5460 2081,5364 2036,5364 2007,5344 1987,5362 1961,5367 1941,5353 1906,5349 1890,5333 1870,5347 1850,5347"/>
                <Baseline points="1856,5440 1921,5440 2002,5435 2083,5435"/>
                <TextEquiv>
                    <Unicode>Marie.</Unicode>
                </TextEquiv>
            </TextLine>
            <TextLine id="tr_1_tl_19" custom="readingOrder {index:18;}">
                <Coords points="1329,5544 1398,5550 1416,5564 1449,5557 1462,5571 1547,5548 1569,5566 1607,5553 1649,5557 1655,5438 1637,5447 1606,5429 1522,5416 1502,5431 1489,5422 1400,5440 1365,5415 1336,5411"/>
                <Baseline points="1338,5543 1414,5537 1495,5537 1576,5532 1656,5526"/>
                <TextEquiv>
                    <Unicode>Katharina!</Unicode>
                </TextEquiv>
            </TextLine>
        </TextRegion>
    </Page>
</PcGts>
