3624 4216
1192 563 2957 811 Katarina: Wie vermag ichs zu sagen?
1211 665 3239 908 Albrecht. Wartet wohl schon einer auf Dich.
1195 869 3230 1079 Aber ich fürchte, er wird Dich jetzt nimmer
1203 988 3288 1167 nehmen..Willst Du Kind, ich lass den Feld
1200 1131 3101 1366 geistlichen kommen, der traut uns und Du
1186 1297 3261 1492 kommst als Offizierswitwe heim aus dem Feld.
1192 1473 3098 1650 Katarina: Ie brauch keinen Trauschein.
1197 1617 3415 1796 Albrecht: Nun aber rat ich Dir, Katarina, lass
1214 1713 3244 1920 es genug sein. Umarm mich noch einmal, dann
1214 1857 3344 2088 setz D ch auf pein Wägelchen und sich dass Du
1214 1992 3195 2215 die Stadt noch erreichst. Die Strasse ist
1630 2135 3299 2328 Von m. OufA de Bon Maise
1217 2196 1561 2359 sicher.
1815 2290 3330 2491 schüttelt den Kopf Ich bleibe
1214 2334 1675 2491 Katarina:
1785 2466 2480 2637 Wie lang denn?
1275 2521 1708 2701 Albrecht:
1752 2577 3228 2789 Bis ich Dich abreiten seh. Ach
1214 2676 1675 2789 Katarina:
1233 2770 2902 2957 könnt ich doch mit Dir ins Getümel.
1250 2866 3247 3131 Albrecht: lachend wie denn? Mit mir im
1280 3040 3451 3242 Sattel, Auf dem Wägelchen hat Dich der Oberst
1264 3206 2017 3424 geduldet. Aber..
1255 3316 3437 3573 Katarina: Hörst nu? Der Oberst. Ich geh noch
1258 3526 3457 3741 rasch auf Dein Zimmer und pack Dir Deine Mantel
