3464 4232
1079 556 3167 816 begehst, das ist über das Recht des Stärkern
1081 734 2692 949 und über das Recht des Betrogenen.
1086 843 3167 1134 Oberst: Des Be rogenen? Ich glaube in keiner
1100 999 3000 1243 Sekunde meines Lebens war ich es weniger
1140 1208 1807 1397 als in diser.
1124 1298 2968 1513 Deine Rolle  in dieser Angelegenheit ist
1677 1333 1818 1402 lung
1132 1434 3085 1685 von geringerer Bedeutung, als Dir ein
1137 1564 2669 1831 bildest. (tennt ich es is al)
631 1630 928 1821 I have a
1155 1720 3283 1969 Max: sich darbietend. Nun an mich Herr Oberst
633 1863 755 2033 feb
1169 1982 1794 2141 Hier bin ich.
1534 2027 2104 2162 Wasserlauhr noch
1190 2019 3037 2290 Oberst; Jetzt wär es vorbedachter Mord,
2003 2133 2843 2287 les kommt et (1).
1192 2284 1863 2430 Herr Leutnant.
840 2231 1065 2462 Mr
1203 2316 3199 2586 Max: Wenn Herr Oberst befehlen, so kann es
1224 2451 3124 2735 ja auch nach den Regeln geschehen. Noch
1230 2655 2653 2873 haben wir Zeit bis zum Morgen.
1243 2748 3156 3018 Oberst. Ich muss mich für anderes aufbe
1847 2777 1972 2881 bin
1264 2896 3106 3161 wahren. Ob auch Sie Harr Leutnant, das
509 2896 983 3048 Sie wird sich
2682 2976 2883 3074 aller
1269 3029 3169 3297 müssen Sie aich wohl mit sich selbst aus
1752 3055 2141 3159 in on the
1481 3124 1595 3209 be
1283 3138 3289 3426 machen.f Das Kommando Ihrer Zuges wird dieres
1309 3249 3249 3575 Albrecht von Holzwart übernehmen. Für Sie
472 3350 1185 3562 Sie weiter, bis ich veel zerpäge
1322 3395 3307 3699 Herr Leutnant führt vom Tor dieser Kaserne
