6488 4104
2947 148 3133 395 6.
3532 158 6152 454 Erinnerung, oder Sie ihr neue Nahrung
344 251 3095 536 Aber wenn man sich dazu zwingt die harte Pflicht
3614 344 6214 543 und wenn sie dann doch dumme und blässer
320 499 2981 688 zu erfüllen weiter zu leben, vielleicht ist
3600 447 6317 719 wird und endlich ganz erlischt, denn gilt es
3614 616 6121 853 für Ihr Ereigewordenes Leben vielleicht
389 581 3036 822 des Bruste. Sie willen begnadigt werden.
3614 732 6248 987 neue Aufgaben. 11ten Außt eigene Schuld
406 750 3050 932 zum Kelen trotz alle und alle dem. Ver¬
3607 846 6369 1066 am besten, wenn man seine Kreß aufwendeten
409 908 3002 1097 urteilen Sie sich zu leben trotz alle und
3659 990 6331 1290 zu verhindern, daß ein Anderer schuldig wir
447 1018 3026 1204 alle dem Verdiennen Sie sich weiter zu leben
3728 1173 6327 1372 Teder von uns hat wol einmal im Leben
481 1169 3016 1431 mit der Erinnerung an das was Sie getan.
3676 1290 6317 1554 Gelegenheit zu sehen wie es finster wird
485 1296 2968 1558 der bieten Sie
3721 1424 6293 1651 um einen 2 Menschen, wie er eben dabei ist
488 1434 2995 1668 sich auch nur einmal den Versuch zu machen ihr
3731 1537 6204 1798 sich aus Leidenschrift und Verblendung
495 1551 3126 1843 zu entfliehen. Warten Sie bis sie sich ausgelebt
3642 1685 6248 1919 ein böser Schicksal zu zimmern. Achtlos
519 1726 2964 1929 hat, bis sie Sie freigelt. – Ich habe als Arzt so oft
3669 1836 6238 2077 oder gleichgiltig gehen alle vorüber – wie
578 1805 3081 2087 Gelegenheit zu sehen wie man hinterbleiben
571 1936 3167 2194 zu zerstreuen, ihnen ihren Schmerz zu unkünden.
3686 1929 6121 2225 haben zu Pflegereien um den Körper
3700 2098 6076 2342 zu heilen und Missive eine die
602 2105 2871 2304 trachtet und immer wollte ich den eisigen
3755 2235 6248 2452 Seele zu retten. - Versuchen Sie es einen
499 2256 2947 2424 Trößern sagen. „Hör 1 doch auch mit Euren Be¬
3728 2338 6179 2586 1 Menschen vor Reine zu bewahren, denn
564 2383 3105 2576 mühungen. Was Ihr abzukürzen trachtet, ist das
3762 2497 6152 2710 dürfen Sie auf hören zu bereuen und
571 2521 3081 2737 einzige Totenopfer, das wir bringen können.
3762 2648 6169 2861 wenn es Ihnen ein mal gelungen
585 2651 3153 2871 hier hat sich einer die Mühe genommen zu sterben,
3783 2796 6193 3026 ist Unglück zu bauern, dann haben Sie
561 2827 3002 2981 es ist wirklich nicht zu viel verlangt, daß die
3848 2885 6090 3174 das Recht erworben wieder Glück
561 2933 3040 3126 Andern sich durch ihren Schmerz etwas lange:
540 3071 3050 3232 in ihrer Behaglichkeit stören lassen. Wer sein
3845 3112 4728 3329 zu begehren.
540 3171 3057 3394 Tiele für zeigen will, soll nicht
554 3318 3078 3497 und wer beisten will darf kein Mitleid mit
554 3428 3119 3669 sich hoden. Zweÿen Sie sich nicht zu vergessen.
585 3556 3105 3820 len Sie als Gesungen ihrer aus schtlichen
