3320 4152
1012 240 2027 513 Admitt here.
279 418 2674 739 xx barie.. Vor it tach wort ich wech als
297 623 1991 961 wo ein bonsch auf Erde.
294 742 2668 1151 H. daß er nur den Ambt den ertheile.. Ich in
941 994 2775 1297 verborgen.... den jesch.s. Z.
647 1160 754 1318 De'
279 1122 614 1326 in ye
270 1264 401 1341 pour vous.
362 1240 1686 1493 D Uul enthof bis auf.
525 1481 973 1620 moi?
404 1519 2706 1846 I jähr. Ich weit nicht meinem Ich war
380 1748 1537 2006 nicht mehr dabei.
567 1905 1881 2181 Adt. xxx bei
395 2125 1071 2365 herie. Jan.
745 2220 1677 2490 - Und Sie mögte mit
614 2276 2855 2644 hierie sich mehr noch mehr... hat habe im Kel
561 2338 745 2546 Ag
504 2576 1697 2864 gebödtet. At. 11 Volx
688 2819 1350 3009 Marie J. -
733 2944 2181 3285 So wäre Sie — entschlossen
490 3027 2579 3374 Es ist gelbten.. Jahr souerstraße aus....
561 3249 2941 3537 Sie mannäen unheimlich heres sollig ist
585 3430 2751 3677 dicht... ou cera unzahlt....... hi ist xxx
602 3606 2896 3887 det sie im jetzt auf sind... Ih am möglich
