3448 4184
270 372 406 508 r
2824 322 2934 601 2
734 575 3065 743 sie hat es bitter bussen müssen. Onkel, Tante und
845 755 990 856 the
743 763 2856 908 Cousine haben sie auf einen Ball mitgenommen.
743 908 3004 1054 Dort hat sie jemanden kennen gelernt, einen jun-
2235 984 2850 1109 de cet été fort
752 1077 2789 1222 gen Arzt, der sie entzückt hat. Er wohnt im
760 1219 2943 1393 Krankenhause. Er hat ihr gesagt: Kommen Sie zu
749 1384 3036 1533 mir, ich werde immer auf Sie warten. Sie hat ihn
1994 1463 2633 1617 avec touté.
763 1556 3027 1742 auch noch einige Mal unten vorübergehen gesehen.
752 1692 2569 1834 Vielleicht war er auch einmal heroben.
781 1849 2958 2000 Wie lang soll das noch dauern? - Heute sagte der
2583 1910 2952 2023 Ihr unter
781 2003 3062 2171 Doktor: es wäre eine Erlösung für den Mann, wenn
792 2154 2920 2319 er endlich stürbe. - Sie weiss auch, dass der
804 2325 2537 2482 Doktor ihm Morphiuminjektionen macht.
813 2432 3100 2691 Ihr Vater stöhnt; er verlangt Morphium. Sie gibt
821 2638 2752 2795 ihm mehr, als er verlangt, und er stirbt.
819 2798 3135 2946 Sie sieht, dass er tot ist. Sie empfindet nichts.
816 2937 3036 3138 Keine Spur von Schmerz. Endlich die Empfindung:
833 3088 2902 3289 Ich bin frei! ich kann machen, was ich will!
879 3260 3146 3474 :Sie hat durch Nächte beinah gar nicht geschla¬
845 3358 3138 3576 fen, ist in einem fiebrigen Zustand: Was hilft
868 3532 3149 3852 es ihr, dass sie hier sitzen bleibt? Es ist kaum
