3480 4216
1376 469 2112 669 V. und seit fort
1388 637 2396 785 Frägt sich nur wohin.
881 658 1339 855 Albrecht:
1915 820 2078 930 P.S.
936 803 1689 942 Max: Albrecht.
898 907 3071 1159 Albrecht: Verzeih. Für Dich gibts ja jetzt na
904 1078 2133 1260 tärlich nur das eine Ziel
907 1202 2422 1368 Max: Gäbs für Dich ein anderes
913 1310 3077 1573 Albrecht: Ich glaube nein. Ich kann mir frei
924 1492 2898 1695 lich Leute denken aber die missen¬ aus s
936 1628 3092 1817 schlechterm Stoff gemacht sein, als Du und ich.
933 1718 2987 1979 Oder nurmaus einem andern. Nun, mas tuts am
942 1883 3170 2080 Ende. Du musst eben weniger lang warten als wir
930 2005 3225 2248 (Nur ein paar Minuten Kugelfrist. Es ist immerhin
959 2150 3179 2370 vornehmer als Galgenfrist. Nachher kommts wohl
968 2359 1907 2556 aufs selbe heraus.)
1970 2379 2616 2532 Ich benend dich
974 2472 2958 2663 Max: Albrecht! Du verstehst es niet. Wie
985 2643 2831 2828 glücklich war ich vor einer Stunde noch.
1040 2758 3126 2999 Albrecht Und sahst doch auch vor einer Stunde
1003 2941 2272 3103 nichts vor Dir als den Tod.
1005 2961 3315 3292 Max: Tod. der Tod ist vielfältig wie das Leben.
1011 3202 3115 3445 Meiner ist kläglich, herrlich der Deine. Ich
1014 3254 3347 3547 sterbe füreine Lüge. Für eine Torheit vielleicht
