3192 5816
1536 357 1754 522 77
1508 505 1705 626 Marte.
988 564 2354 746 Gehen Sie zu ihr, Ihr Platz ist da drin — der
905 702 1237 801 meine nicht.
1437 737 1795 861 Der Adjunkt.
990 784 2364 937 Denken Sie doch jetzt der Stunde nicht, in der wir
905 895 2358 1012 voneinander schieden. Auch ich denke ihrer nicht mehr.
1005 996 2344 1085 Ja, es ist wahr, ich bin damals schaudernd von
926 1043 2354 1164 Ihnen fortgegangen, und hier hab' ich Ihre Nähe ge¬
926 1149 2362 1233 flohen.... Aber nun, da ich Sie wiedergesehen und
926 1211 2354 1308 Ihre Stimme wieder gehört habe, bin ich sehr froh,
914 1286 2364 1393 daß ich Ihnen noch einmal begegnet bin. Ich werde
916 1351 2183 1495 ruhiger von hier scheiden können, als ich dachte.
1508 1441 1736 1578 Marie.
990 1523 1282 1649 Ruhiger?
1443 1594 1800 1722 Der Adjunkt.
1007 1643 2360 1795 Ja. Es ist seltsam. Wie eine, die aus tiefen Fer¬
919 1747 2364 1849 nen zurückgekehrt ist, erscheinen Sie mir. Ihre Stimme
916 1818 2362 1926 klingt mir wieder, wie sie mir früher einmal klang,
916 1897 2371 1999 und Ihre Stirne ist rein, wie sie gewesen. Alles, alles
921 1970 2371 2086 was mich mit sangen vor Ihnen erfüllt hat, scheint
926 2044 2371 2159 mir fort. In Frieden werd’ ich von Ihnen gehn. Ich
926 2110 2389 2232 fühl' es: die dunklen Wünsche jenes furchtbaren Tags,
921 2198 2385 2334 im gesegneten Frieden dieses Tals sind sie verhaucht
916 2292 1288 2387 und verweht.
1543 2313 1731 2440 Marie
1382 2424 1897 2515 (nach kurzem Besinnen.)
1016 2462 2302 2635 Nicht verhaucht, meine Wünsche — nein, erfüllt,
