3384 4072
2857 323 2991 490 14
1138 469 2981 623 Die Scene leer, nach ei iger Zeit kommt
1105 636 2973 830 Marie, vielleicht von einem Soldaten ge
1100 825 1454 926 leitet.
1103 898 3129 1055 Sie sieht vom fenster aus, hinter dem Vor -
1100 1037 3124 1224 hang verborgen wie die Soldaten fortziehen,
1166 1174 3170 1403 erfährt irgendwie, dass Max schon fort ist,
1105 1373 2673 1570 sinkt zu Boden oder stürzt davon.
1320 1492 2875 1686 Hier ist de Gwartier de Hen Sturto.
1141 1658 3039 1885 Wo ist er - : - kann die ih eilteufen Essen.
1451 1827 2181 2027 Not in wll. d. -?
