3464 4264
2669 89 2833 164 Immeuble
2358 259 2626 447 203
804 847 2378 1006 Die Tante und die Cousine kommen,
767 977 3079 1162 Sind wieder da, waren übern Sonntag in Wien, weil
775 1150 1392 1335 ein Ball war.
778 1303 2753 1464 Wohnen sonst in einem Forsthaus bei Tulln.
810 1450 3015 1611 Die Cousine erzählt : Weisst du, wen ich wieder-
816 1623 2969 1767 gesehn habe? Den Leutnant M. Er wird versetzt,
813 1796 2098 1931 Er hat sich sehr erkundigt.
775 1891 2868 2070 Da die Tochter blass wird: Was giebt's denn?
773 2090 2911 2266 Die Tochter erzählt dann: Auf dem Rall hat er
781 2271 1407 2410 mich geküsst.
781 2326 3099 2571 Ueber den jungen Mann, der vielleicht die Tochter
784 2574 1467 2727 heiraten wird.
787 2695 3018 2865 Ueber den Vater sprechen die Leute, wie wenn er
790 2859 1519 3055 schon tot wäre.
801 2995 1920 3159 Die Tante und der Vater,
793 3087 2952 3332 Der Vater: Wenn ich tot bin, nehmt ihr sie zu
807 3341 1067 3494 euch.
801 3413 2940 3632 Die Tochter denkt sich: Es kann noch ein Jahr
853 3641 2744 3790 dauern, und ich sitze da an seinem Bett,
