3496 4232
869 521 2674 780 wenns nicht gar für eine Feigheit ist.
880 664 2866 980 Albrecht: Und weisst Du ganz genau, wofür
899 931 1444 1069 wir es tun?
904 966 2974 1225 Max: Albrecht, ich hab Dica anders gekannt.
912 1112 2944 1366 Du hassest den Oberst und das macht Dich so
302 1201 834 1463 Le' wacht, lea
318 1349 750 1565 ve to be pon
934 1368 3087 1733 Albrecht: (Weil ich ihn erkannt habe, hass ich
928 1398 1239 1514 reden.
942 1538 2907 1835 ihn weil er sich über uns allen fühlt
459 1565 594 1665 e
335 1554 456 1787 7
966 1671 3058 1967 hass ich ihn. Weil er uns nicht als Menschen
982 1846 3066 2108 nimmt, oder sich als eine Art von Gott. Weil
988 1965 3077 2262 er imstande wäre um eines Einfalls willenuns
1001 2116 3174 2394 zu Affen zu machen so gut wie zu Helden. Weil
1020 2310 2788 2537 er mit uns spielt, darum hass ichihn.
1026 2426 2942 2734 Max: Partner am Spieltisch, sagte einl.
1042 2561 2898 2893 Albrecht: Partner! Ein übler Vergleich.
1058 2712 3066 2990 Figuren, die er hin und herrückt, wies ihm
1071 2844 3077 3190 passt, untern Tisch wirft, wenn es ihm be
1080 2982 3168 3290 hagt, so wie jetzt Dich.) Gehorehen...meinet
1093 3082 3236 3406 halben. Das ist unser Beruf. Aber uns die See
1115 3303 2545 3573 le aus dem Leib lügen lassen.
