3416 4136
1637 680 2754 900 sitzt nachts am Bett ihr
1565 856 2305 1047 Jahren krank ist
2337 891 2739 1177 Markburger
949 1033 2103 1290 ssen die Frühlingsnacht.
752 1174 2953 1406 Das Mädchen ist gefühllos, stumpf; sie hasst den
769 1299 2976 1547 Sterbenden beinahe, sie sehnt sich, dass er end
772 1539 1325 1741 lich stirbt
781 1628 2887 1869 Ihr Leben: Vor zwei Jahren ist die Mutter ge-
793 1796 2976 2019 storben. Der Vater grimmig, schmutzig, beinahe
795 1955 3075 2221 taub; nie ein gütiges Wort zu ihr; sie kann kaum
2699 2039 2965 2146 them
793 2126 3008 2386 mehr einen Schritt allein aus dem Hause machen.
813 2268 2930 2516 Wenn sie nach Hause kommt, beschimpft er sie.
821 2418 3138 2632 In früherer Zeit hat sie doch wenigstens noch mit
827 2600 3141 2817 ihrer C### verkehrt, ist mit ihrer Mutter spa-
1171 2600 1429 2704 Bon
833 2710 3164 2976 zieren gegangen; im Sommer haben sie auf dem Land
848 2910 2991 3138 gewohnt. Auch das ist nun seit einigen Jahren
1675 3023 1895 3127 is to
848 3020 3092 3271 nicht mehr der Fall gewesen. Sie müssen von der
868 3141 3144 3402 kärglichen Pension leben; sie wohnen in einem al
897 3404 2213 3601 ten Haus in der Naglergasse.
2331 3373 2722 3558 Aus d Herz
876 3511 3020 3752 Nur einmal ist sie heuer im Winter fortgekommen.
