3560 4248
2873 362 3002 527 is
1767 468 2081 632 soll. is
908 546 2973 851 Max: Narretei., Wart ich wirklich? Warum?
2478 640 2838 746 al. Sdsce
930 686 3035 962 Lockt es mich wirkich so sehr (vor den Feind
954 824 3132 1113 zu kommen? Ists nicht am Ende nur, um Zeit zu
962 970 3102 1240 gewinnen? Ein paar Tage länger die Sonne zu
976 1111 3013 1373 sehene... Ueber Feld zu sprengen in lichter
989 1235 3124 1530 Früh den Himmel überm Haupt... Ist es ach Tod
1003 1405 3102 1676 wonach ich mich sehne..Ruft nicht andres in
1011 1559 3073 1808 mir..“Strock ich mich nicht immer tiefer in
1024 1619 3140 2000 Selbstbetrug.. bn ich noch wert..)
1076 1824 2735 2092 eil ich die vier aufspriesse Leben kr.
