<?xml version="1.0" encoding="UTF-8" standalone="yes"?>
<PcGts xmlns="http://schema.primaresearch.org/PAGE/gts/pagecontent/2013-07-15" xmlns:xsi="http://www.w3.org/2001/XMLSchema-instance" xsi:schemaLocation="http://schema.primaresearch.org/PAGE/gts/pagecontent/2013-07-15 http://schema.primaresearch.org/PAGE/gts/pagecontent/2013-07-15/pagecontent.xsd">
    <Metadata>
        <Creator>prov=READ-COOP:name=TrHtr:version=2.1.0:model_id=51170:date=29_07_2023_10:10</Creator>
        <Created>2023-05-10T12:30:42.498+02:00</Created>
        <LastChange>2023-07-29T10:10:33.193+02:00</LastChange>
        <TranskribusMetadata docId="1428204" pageId="55403795" pageNr="109" tsid="131406840" status="IN_PROGRESS" userId="64420" imgUrl="https://files.transkribus.eu/Get?id=UJLTPKWCRAWIHCWCVKVZEOUV&amp;fileType=view" xmlUrl="https://files.transkribus.eu/Get?id=ZCMXMKFJZDTMBHCIZIPWLWVK" imageId="44678599"/>
    </Metadata>
    <Page imageFilename="1428204_0109.jpg" imageWidth="6552" imageHeight="4360">
        <ReadingOrder>
            <OrderedGroup id="ro_1711795908122" caption="Regions reading order">
                <RegionRefIndexed index="0" regionRef="tr_2"/>
                <RegionRefIndexed index="1" regionRef="tr_1"/>
            </OrderedGroup>
        </ReadingOrder>
        <TextRegion id="tr_2" custom="readingOrder {index:0;}">
            <Coords points="256,254 2209,254 2209,762 256,762"/>
            <TextLine id="tr_2_tl_1" custom="readingOrder {index:0;}">
                <Coords points="234,364 263,370 275,361 285,367 317,355 329,370 351,358 396,370 402,196 313,193 301,206 288,196 269,206 241,203"/>
                <Baseline points="256,310 316,304 406,304"/>
                <TextEquiv>
                    <Unicode>be</Unicode>
                </TextEquiv>
            </TextLine>
            <TextLine id="tr_2_tl_2" custom="readingOrder {index:1;}">
                <Coords points="820,614 874,617 912,640 982,614 1023,636 1089,595 1134,602 1146,421 1045,450 975,446 959,431 833,450"/>
                <Baseline points="836,597 872,597 961,585 1051,579 1140,579"/>
                <TextEquiv>
                    <Unicode>Nun</Unicode>
                </TextEquiv>
            </TextLine>
            <TextLine id="tr_2_tl_3" custom="readingOrder {index:2;}">
                <Coords points="830,760 1159,801 1254,883 1776,820 1871,747 1992,820 2201,757 2207,579 1783,560 1498,681 1273,646 1083,697 959,621 833,668"/>
                <Baseline points="848,752 866,752 955,752 1045,752 1134,752 1224,752 1313,752 1403,746 1493,752 1582,746 1672,740 1761,734 1851,728 1941,722 2030,716 2120,710 2209,698"/>
                <TextEquiv>
                    <Unicode>Wiele im Pfeifen</Unicode>
                </TextEquiv>
            </TextLine>
        </TextRegion>
        <TextRegion id="tr_1" custom="readingOrder {index:1;}">
            <Coords points="3362,475 6175,475 6175,3934 3362,3934"/>
            <TextLine id="tr_1_tl_1" custom="readingOrder {index:0;}">
                <Coords points="3879,602 4138,617 4198,655 4423,589 4759,560 4772,336 4306,396 4246,367 3993,469 3888,469"/>
                <Baseline points="3900,573 3959,579 4049,579 4139,579 4228,579 4318,573 4407,567 4497,555 4586,549 4676,531 4766,525"/>
                <TextEquiv>
                    <Unicode>Witte Abl. -</Unicode>
                </TextEquiv>
            </TextLine>
            <TextLine id="tr_1_tl_2" custom="readingOrder {index:1;}">
                <Coords points="3818,852 4122,785 4328,849 4487,788 4588,845 4711,788 4797,820 5069,779 5079,519 4756,624 4623,576 4338,750 4069,614 3828,633"/>
                <Baseline points="3840,782 3912,782 4001,776 4091,776 4180,770 4270,776 4360,776 4449,770 4539,764 4628,758 4718,752 4807,752 4897,746 4987,740 5076,740"/>
                <TextEquiv>
                    <Unicode>Sieur der ersten</Unicode>
                </TextEquiv>
            </TextLine>
            <TextLine id="tr_1_tl_3" custom="readingOrder {index:2;}">
                <Coords points="3344,1137 5566,1058 5782,1004 5788,893 5474,839 5357,912 5253,820 4892,931 3920,871 3353,944"/>
                <Baseline points="3362,1122 3374,1116 3464,1110 3553,1104 3643,1092 3732,1087 3822,1081 3912,1075 4001,1069 4091,1057 4180,1057 4270,1051 4360,1051 4449,1045 4539,1045 4628,1039 4718,1039 4807,1027 4897,1027 4987,1027 5076,1015 5166,1003 5255,1003 5345,997 5435,991 5524,985 5614,985 5703,979 5793,985"/>
                <TextEquiv>
                    <Unicode>den todt kals liegt auf den Stift¬</Unicode>
                </TextEquiv>
            </TextLine>
            <TextLine id="tr_1_tl_4" custom="readingOrder {index:3;}">
                <Coords points="3521,1365 4651,1349 5297,1216 5604,1270 5975,1203 5984,1064 5129,1020 4331,1197 3932,1096 3534,1159"/>
                <Baseline points="3541,1308 3565,1308 3655,1308 3744,1296 3834,1290 3924,1290 4013,1284 4103,1278 4192,1272 4282,1260 4371,1254 4461,1248 4551,1242 4640,1242 4730,1236 4819,1230 4909,1224 4999,1218 5088,1206 5178,1200 5267,1200 5357,1188 5447,1188 5536,1176 5626,1170 5715,1170 5805,1170 5894,1176 5984,1176"/>
                <TextEquiv>
                    <Unicode>Drucke zweile schreihen, klugender spät.</Unicode>
                </TextEquiv>
            </TextLine>
            <TextLine id="tr_1_tl_5" custom="readingOrder {index:4;}">
                <Coords points="3439,1719 4192,1596 4692,1662 5177,1529 5392,1627 5744,1589 5978,1529 5994,1342 3451,1570"/>
                <Baseline points="3458,1684 3482,1684 3571,1666 3661,1660 3750,1648 3840,1636 3929,1630 4019,1618 4109,1606 4198,1594 4288,1582 4377,1576 4467,1570 4557,1564 4646,1558 4736,1552 4825,1540 4915,1528 5005,1523 5094,1517 5184,1505 5273,1505 5363,1499 5452,1499 5542,1493 5632,1493 5721,1487 5811,1487 5900,1481 5990,1481"/>
                <TextEquiv>
                    <Unicode>die Tochter kommt. - Zeistät am beseitigt.</Unicode>
                </TextEquiv>
            </TextLine>
            <TextLine id="tr_1_tl_6" custom="readingOrder {index:5;}">
                <Coords points="3486,1862 3828,1950 4012,1849 4173,1884 4376,1779 4689,1833 4860,1735 5025,1738 5034,1665 4829,1596 4477,1688 4319,1621 3803,1760 3502,1729"/>
                <Baseline points="3505,1857 3517,1857 3607,1851 3697,1839 3786,1833 3876,1827 3965,1821 4055,1803 4144,1791 4234,1779 4324,1767 4413,1761 4503,1749 4592,1744 4682,1738 4772,1732 4861,1720 4951,1702 5040,1690"/>
                <TextEquiv>
                    <Unicode>Sie geht im Feiner mehr. -</Unicode>
                </TextEquiv>
            </TextLine>
            <TextLine id="tr_1_tl_7" custom="readingOrder {index:6;}">
                <Coords points="3439,2137 4680,1928 5338,2036 5623,1969 5649,1738 5452,1697 4721,1852 4423,1795 4243,1912 4021,1865 3825,1950 3470,1865"/>
                <Baseline points="3464,2060 3493,2054 3583,2054 3673,2048 3762,2042 3852,2036 3941,2024 4031,2012 4121,2000 4210,1988 4300,1970 4389,1953 4479,1947 4569,1935 4658,1929 4748,1917 4837,1911 4927,1905 5016,1893 5106,1887 5196,1881 5285,1869 5375,1869 5464,1863 5554,1851 5644,1851"/>
                <TextEquiv>
                    <Unicode>Endlich setzt sie sich sei, wie jemöhnlich.-</Unicode>
                </TextEquiv>
            </TextLine>
            <TextLine id="tr_1_tl_8" custom="readingOrder {index:7;}">
                <Coords points="3492,2422 5088,2280 5107,2128 4867,2087 4417,2216 4227,2172 4034,2251 3799,2204 3515,2254"/>
                <Baseline points="3517,2389 3583,2383 3673,2377 3762,2365 3852,2365 3941,2359 4031,2341 4121,2335 4210,2323 4300,2311 4389,2299 4479,2287 4569,2275 4658,2263 4748,2257 4837,2239 4927,2227 5016,2209 5106,2209"/>
                <TextEquiv>
                    <Unicode>di Zaulse kommt – kath?</Unicode>
                </TextEquiv>
            </TextLine>
            <TextLine id="tr_1_tl_9" custom="readingOrder {index:8;}">
                <Coords points="3622,2590 3942,2612 4192,2511 4350,2584 4629,2473 4718,2549 4873,2460 5104,2533 5297,2441 5740,2511 5804,2232 5174,2232 4825,2394 4423,2340 4211,2454 3641,2394"/>
                <Baseline points="3643,2568 3732,2556 3822,2556 3912,2544 4001,2538 4091,2526 4180,2514 4270,2502 4360,2490 4449,2490 4539,2478 4628,2472 4718,2466 4807,2454 4897,2442 4987,2430 5076,2430 5166,2424 5255,2406 5345,2400 5435,2389 5524,2383 5614,2371 5703,2365 5793,2365"/>
                <TextEquiv>
                    <Unicode>Was sie an schreitag. Die Glocke laut</Unicode>
                </TextEquiv>
            </TextLine>
            <TextLine id="tr_1_tl_10" custom="readingOrder {index:9;}">
                <Coords points="3720,2764 4221,2799 4525,2720 4645,2793 4930,2666 5041,2691 5050,2561 4867,2514 4154,2656 3730,2637"/>
                <Baseline points="3738,2759 3798,2759 3888,2753 3977,2741 4067,2735 4156,2735 4246,2729 4336,2723 4425,2711 4515,2705 4604,2699 4694,2687 4784,2681 4873,2669 4963,2663 5052,2651"/>
                <TextEquiv>
                    <Unicode>Dm neh lislaft as s...</Unicode>
                </TextEquiv>
            </TextLine>
            <TextLine id="tr_1_tl_11" custom="readingOrder {index:10;}">
                <Coords points="3739,2951 5864,2869 6124,2761 6136,2599 5725,2587 5452,2732 5256,2653 4829,2799 3749,2831"/>
                <Baseline points="3756,2932 3804,2926 3894,2920 3983,2914 4073,2908 4162,2908 4252,2902 4342,2890 4431,2884 4521,2878 4610,2872 4700,2866 4790,2854 4879,2842 4969,2836 5058,2825 5148,2819 5237,2807 5327,2789 5417,2783 5506,2759 5596,2753 5685,2753 5775,2753 5865,2759 5954,2759 6044,2753 6133,2753"/>
                <TextEquiv>
                    <Unicode>Rak. Ma erspesser gehöre. in Rausch.</Unicode>
                </TextEquiv>
            </TextLine>
            <TextLine id="tr_1_tl_12" custom="readingOrder {index:11;}">
                <Coords points="3866,3192 5129,3201 5332,3071 5645,3049 6073,3220 6152,3201 6181,2878 5706,2827 5269,2954 5028,2884 4696,2903 4509,3014 4376,2926 4103,3017 3885,2973"/>
                <Baseline points="3888,3171 3918,3171 4007,3165 4097,3159 4186,3153 4276,3147 4365,3141 4455,3141 4545,3135 4634,3129 4724,3123 4813,3117 4903,3111 4993,3099 5082,3087 5172,3069 5261,3057 5351,3052 5441,3046 5530,3028 5572,3022 5638,3016 5727,3010 5817,3010 5906,3010 5996,3010 6086,3010 6175,3004"/>
                <TextEquiv>
                    <Unicode>des Arzt. komt u. u. f. w. Bruder.</Unicode>
                </TextEquiv>
            </TextLine>
            <TextLine id="tr_1_tl_13" custom="readingOrder {index:12;}">
                <Coords points="3701,3467 3945,3461 4065,3378 4382,3420 4629,3337 5215,3347 5224,3182 4873,3169 4667,3277 4293,3239 4132,3318 3714,3280"/>
                <Baseline points="3726,3380 3792,3386 3882,3380 3971,3380 4061,3374 4150,3374 4240,3368 4330,3362 4419,3356 4509,3344 4598,3338 4688,3332 4778,3326 4867,3314 4957,3308 5046,3302 5136,3290 5226,3284"/>
                <TextEquiv>
                    <Unicode>Er war auch kein Oberstra¬</Unicode>
                </TextEquiv>
            </TextLine>
            <TextLine id="tr_1_tl_14" custom="readingOrder {index:13;}">
                <Coords points="3784,3575 4046,3663 4202,3549 4458,3524 4762,3553 5170,3477 5522,3543 5652,3492 5664,3337 5164,3331 4908,3404 4632,3337 4436,3439 3793,3445"/>
                <Baseline points="3804,3565 3870,3565 3959,3565 4049,3559 4139,3553 4228,3547 4318,3541 4407,3529 4497,3523 4586,3517 4676,3511 4766,3499 4855,3493 4945,3488 5034,3482 5124,3476 5214,3470 5303,3464 5393,3458 5482,3452 5572,3440 5662,3428"/>
                <TextEquiv>
                    <Unicode>Um sie gegen die bei ihn?</Unicode>
                </TextEquiv>
            </TextLine>
            <TextLine id="tr_1_tl_15" custom="readingOrder {index:14;}">
                <Coords points="3698,3815 3875,3790 4024,3891 4243,3739 5807,3679 5918,3556 5199,3496 3711,3648"/>
                <Baseline points="3720,3780 3768,3774 3858,3750 3947,3744 4037,3738 4127,3726 4216,3714 4306,3708 4395,3703 4485,3691 4575,3685 4664,3685 4754,3679 4843,3673 4933,3667 5022,3661 5112,3655 5202,3655 5291,3649 5381,3649 5470,3643 5560,3643 5650,3637 5739,3637 5829,3631 5918,3637"/>
                <TextEquiv>
                    <Unicode>Ich fand dieses bedaillen. Ich</Unicode>
                </TextEquiv>
            </TextLine>
            <TextLine id="tr_1_tl_16" custom="readingOrder {index:15;}">
                <Coords points="3743,3958 3951,3974 4097,3932 4214,3964 4347,3888 4550,3939 4563,3768 4417,3781 4350,3736 4300,3746 4024,3891 3885,3803 3752,3831"/>
                <Baseline points="3762,3924 3846,3918 3935,3912 4025,3912 4115,3894 4204,3888 4294,3882 4383,3882 4473,3876 4563,3870"/>
                <TextEquiv>
                    <Unicode>treuer Ihnen</Unicode>
                </TextEquiv>
            </TextLine>
        </TextRegion>
    </Page>
</PcGts>
