3624 4216
1388 602 1854 857 gengrauen
1304 808 3111 1024 Ibrecht und Katarina aus dem Wirtshaus.
1227 960 3449 1157 Katarina: Komm Liebsten. Setz Dich hier her an
1745 1104 3008 1304 Sieh was ich für Dich habe.
1238 1152 1712 1326 den Tisch.
1745 1249 3333 1451 (Ich glaube doch Du bist eine Zau
1282 1288 1715 1479 Albrecht :
1246 1390 3269 1640 berin. Wo bekamst Du das schmaekhafte Zeug
1246 1573 1487 1751 her?
1232 1573 3422 1826 Katarina: Ich weiss immer noch was zu finden.
1257 1784 3485 1967 Sie wie dort die grauen Wölkchen ziehen. Gleich
1249 1954 3391 2106 wird die Sonne da sein. Dert hinten geht sie
1246 2103 3052 2284 auf. Es wird ein schöner Morgen sein.
1271 2226 2830 2384 Albrecht: Ja, ein schner Morgen,
1260 2345 2645 2531 Katarina: Freuts Dich nicht?
1282 2506 3208 2736 Albrecht: Ick mein immer Du glaubst noch
1276 2667 2276 2850 immer nicht, Katarina.
1276 2830 2001 3000 Katarina: Was?
1282 2889 3444 3208 Albrecht: Dass Du morgen allen beim Frühstück
1296 3177 1929 3294 sitzen wirst.
1271 3255 3077 3499 Katarina: Ach ja, ich weiss es schon.
1282 3419 3494 3660 Albrecht Was wirst Du tun, wenn Du wieder nach
1276 3644 1912 3818 Hause kommst?
