6648 4472
116 285 469 472 Gouvernemental
4334 261 4856 430 3. I
3552 384 6389 705 Mr Augt. (Rantz) - Marie Knet mit Blimor
3721 610 4972 888 Ich mehr die Kirche. -
3594 916 5571 1240 Vagerei.  1 hin die d. keine sind.
3637 1124 5455 1381 H. blick sie ält die nei so ruhig..
3647 1307 5180 1522 Glück in it helein.
3823 1374 5779 1656 schnell schon einen erzähl lierig:
3622 1554 5497 1832 Aagt. Zeit hol ich den Ändzückl. ab.
3753 1593 5723 1942 Moll sie nicht sich mit ihr verspreche?
3732 1804 5969 2164 Ich weiter. Ich nä a jene Frage vor Ihm
3651 2125 4077 2308 es sein.
3672 2146 6114 2583 Ich war u d Messieurs..... Sie wäre muss ich.
3770 2195 4584 2428 Ma Gerst le!
3703 2326 6163 2731 Jh Hale was ledt. Da Flischche war her. Ich habe
3682 2650 5268 2872 nerstellig Mai mit genommen.
4042 2685 6177 3013 Was soll ich thun!... Solte ich mich ihreicht
3785 2967 4391 3189 engangen u.
3785 2967 6346 3284 Nau Fuhl tiefrisscheile mich beruhe, ihr thin das¬
3809 3274 4310 3460 sorbenst
3869 3203 6184 3573 Now I left out wifssfals 'Gell to me
3933 3481 5691 3728 für shur: ich ein einmal so.
3890 3566 6244 3883 Ich kennk nicht nicht lage, ich jetzt
3887 3785 5603 4031 wie ihn sein trach zu leenden.
