3128 6152
1491 1296 1798 1408 Katharina.
1024 1390 2385 1526 O, mir geht es wohl! So wohl ist mir nie gewesen.
1011 1469 2361 1581 Ist die Mutter daheim? Ich komm' nur auf ein
929 1539 2374 1642 Stündchen, ihr sagen, sie soll sich um mich nicht sorgen.
916 1627 2374 1739 Ich führe ein vergnügtes prächtiges Leben. Mein Wagen
921 1688 2383 1817 steht außer dem Dorf; ich wollte kein Aufsehen machen,
905 1769 2361 1881 drum ging ich lieber den Feldweg... die Leute haben
916 1842 2357 1945 gleich was zu reden, und das will die Mutter nicht.
905 1907 2361 2021 Der Wagen wartet draußen auf der Straße am Mutter¬
905 1986 2361 2102 gottesbild. Er wartet eine Stunde — Zeit genug, der
895 2054 2372 2192 Mutter, der Base und den guten Freunden von einst
895 2127 1831 2276 einen guten Tag zu wünschen
1458 2241 1798 2344 Der Adjunkt.
1484 2322 1747 2438 (zum Arzt.)
967 2354 1355 2495 Was ist ihr?
1473 2457 1749 2580 Der Arzt.
980 2521 1633 2655 Suchen Sie die Mutter.
1416 2639 1762 2738 Der Adjunkt
1370 2894 1859 3038 Achte Szene.
1149 3001 2052 3133 Katharina. Marie. Der Arzt.
1506 3109 1699 3210 Marie.
965 3126 1659 3308 Woher kommst du denn?
1440 3267 1750 3380 Katharina.
973 3315 2322 3453 Das darf ich nicht sagen... Und wenn ihr den
862 3418 2317 3525 Kutscher fragen wollt, der wird euch auch nichts ver¬
862 3475 2304 3604 raten.... Der ist stumm und hat einen roten Hut
862 3580 2295 3668 und rote Gamaschen und fährt wie der Teufel...
864 3652 2309 3744 Sind auch sechs Schimmel vorgespannt... — Weißt
862 3712 2311 3817 du noch, Marie, was ich dir von dem Garten erzählt
861 3790 2302 3904 hab... dem Garten mit den verschlungenen Wegen?
859 3856 2304 3970 ... Weißt du noch... damals, als mein Haar von
850 3939 2306 4049 Blüten duftete.... Wann kommt denn die Mutter?
956 4018 2295 4152 Ich hab' ja nicht lange Zeit.... Das Leben
846 4080 1155 4207 ist so kurz.
1473 4156 1666 4273 Marie.
925 4220 2300 4371 Du bist ja ganz bestaubt... deine Schuhe sind
840 4299 1394 4455 zerrissen, Katharina,
