3656 4408
1169 798 2480 1071 Albrecht. Max, aus dem Wald.
1161 963 2723 1191 Max: Guten Morgen Herr-Leutnant,
2676 1007 2996 1169 ment
1180 1119 3426 1356 Albrecht: Lass die Spässe. Wo bist zu gewesen?
1172 1225 3415 1468 Hast Du nicht im Lager geschlafen auf der Wieset
1163 1345 3407 1677 Max: Nein. Es war mir zu unruhig. Nach Sonnen
1180 1534 3384 1783 untergang kam allerlei Weibsvolk aus der Stadt,
1183 1641 3183 1956 Albrecht: Hättest mir auch noch einen ver -
1194 1867 2533 2098 gnügten Abend machen können.
1202 2042 2461 2249 Max: Wann endl ch, wann?
1214 2115 3354 2385 Albrecht: Du wirst nicht lang mehr zu warten
1225 2246 3183 2558 haben. Keine Stunde mehr, und es wird zum
1233 2489 2056 2670 Angriff geblasen.
1247 2634 2341 2849 Mack: Ist die Ordre da?
1275 2692 3418 2977 Albrecht: Sie wird kommen. Der Oberst weiss
1261 2876 3337 3114 es. Sie wird lauten wie der Oberst es will.
1264 3002 2943 3264 Max: So wirds endlich vorbei sein.
1306 3125 3303 3409 Albrecht: Kränkts Dich noch immer, dass der
1283 3295 3451 3535 Oberst Dich nicht sieht', dass Du einer unter
1306 3451 2452 3660 den andern für ihn kist?
1289 3566 3421 3839 Max: Was hätte mirx bessres begegnen können?
