6440 4072
308 232 3133 458 für ihn hatte, das nur noch kurze Zeit gedauert
397 386 3118 587 hätte. Ein sie üll hatten Wochen, vielleicht
358 490 2714 687 in Tagen vollbringen können, was
318 644 2983 837 Marie. So hätte ich den auf diesen Zufall
386 780 2879 1012 warten müssen, um diesen sichale zur
447 958 3068 1152 bitten wie um eine Gnade, das war meine
440 1030 3058 1273 Nacht. Der Recht der Misthandelten. Verstehen
418 1173 2993 1384 Sie mich nur, es ist ja nicht Mitleid mit
404 1309 3093 1516 ihm, es ist ja nicht. Reue, daß ich die sein
486 1459 3000 1652 Vater einige Woche dieses Indens
458 1602 2961 1824 gestohlen habe, oder daß ich getödtet had,
451 1767 3140 1960 ich, ich, daß ich grausamer als irgend
447 1867 2968 2089 ein Verbrecher - ein Räuler tödtet je
386 2006 2933 2232 nicht, wenn er nicht muß, wann er seine
397 2124 3101 2357 Absicht auch anders erreichen kann - und ich
397 2278 3101 2489 ohne Urtwendigkeit, ohne zwang. Hätte
458 2418 3161 2664 ich seine Tod erwartet, ich könnte besonnte mich
486 2582 2950 2789 atmen, freuen dünst ich mich, und mün¬
440 2682 3154 2911 lastet dieser Tod schwerer auf mir, als mich heiml.
433 2836 2933 3072 sein Leben bedrückt hat. Ich habe gelödtet:
468 2961 3208 3233 Und warum! Um eine Strinde in den kommen
465 3101 3108 3347 einer 1 Unter zu liegen, mit dem ich einmal
451 3233 3004 3487 gelangt halte, die ich nicht konnte. Der nie¬
465 3387 3043 3612 mehr an mich gedacht hatte, der für eine
468 3530 3111 3748 Andere gelebt hat und für sie gestroben ist,
483 3641 3161 3923 Um eine Stunde in den Armen eines Neues
472 3834 722 3959 G.C.F.P
3498 204 6101 515 zu leigen, den ich nicht geliebt habe, der mir
3508 401 6276 594 nicht war, nichts, den Herrn Sie auch noch
3573 515 6180 747 das ich betraure ihn nicht, ich beweine ihm
3587 665 6151 880 nicht diesen Geliebten einer Nacht sein
3515 776 6273 1055 Tod verfolgt mich nicht in meinen Träumen
3591 905 6237 1159 - wie ich wie der allem war und wieder
3587 1055 6108 1270 meiner Sie war mächtig, da het ich in mir
3605 1173 6258 1420 noch dieser Liebe gesucht, für die ich ein Ver¬
3587 1302 6072 1552 brechen begangen hatte, geseicht wie eine
3580 1416 6233 1692 Verzweifelte, sie war nicht mehr du, ich habe
3601 1545 6337 1792 sie herauf beschworen wollen, sein Wohnesorben,
3591 1684 6258 1942 seine Blicke, die Erinnerung an seine Küsse
3616 1856 6155 2081 und ich habe immer nur die letzten Worte des
3562 1956 6241 2142 allen 1 kann es gehört, dem ich das Gist gegeben
3612 2106 6144 2353 immer nur gesehen, wie er hin fiel und
3623 2249 4502 2450 mich anstworte.
3430 2371 6305 2586 Arzt. Aber damals, als Sie - das taten & haben
3612 2496 6069 2747 Sie doch geliebt, zu leiden geglaubt —
3383 2618 6169 2890 wäre In. damals - ich kann zu nicht be¬
3498 2789 6223 3054 schreibe, was ich damals gefühlt habe, oder ich glaube,
3587 2918 6294 3176 so wie sich ein Mensch nur nach einem andern
3583 3061 6151 3333 Menschen sehnen kann, so hat ich mich nach
3537 3211 6169 3458 ihm gesehret. Freiheit, Inden, Glück, Theile,
3612 3322 6055 3591 alles war für mich in ihm bei ihm.
3698 3473 6241 3712 Und als Katharina nun sagte, daß es noch
3483 3662 6309 3870 eine Möglichkeit gute ihn in der Nacht zu sehen,
