6600 4296
4266 143 4463 290 35
162 181 608 396 Decembre
6107 175 6425 409 I so
3836 234 5682 511 Garten Mal - Zinsen
3534 312 3696 493 1
2691 362 2844 552 6
3562 483 5982 786 Tante. - Gartnerfrau. (ist nachbarn.)
3558 705 5296 976 Tanke breit zu Kirche zu gehen.
3552 886 4990 1176 Nicht in Retharien?...
3562 1026 4722 1263 kein... kein Schwein
4859 1042 6053 1260 Sie morge hoff - Miss
3568 1173 4843 1419 tre. Es hebt schrift laut...
3602 1216 5951 1587 na, si habe j aam (satz... Ich harei so gut
3621 1556 4217 1728 wo so sie
3658 1712 4223 1884 Mr Malr.
3714 1750 5199 1999 Sie ist so schwerig bin..
3699 1731 6166 2174 und je. A Vala. der ist kein Königkeit.
3792 2189 4956 2430 Marie Kneut mit
3783 2249 6053 2554 vt sel ein Zeit. Haltem Beze. ich sehen
3742 2504 5714 2713 nicht ergethan. Malbeck kommt nun
3702 2688 4332 2907 meistre
3836 2801 5723 3035 zeit geht dem Herr Torstenpunkt fort.
3796 2969 6300 3190 glaube, nicht doch sie der megen. Ich es halten
3796 3125 5358 3334 weil nie laut alt überleg soll.
3808 3265 6138 3499 Um die in vorig Jahr. die hären. Es hören
3742 3437 5445 3643 kreit & ja ja nicht nicht hein.
3842 3599 5732 3827 Zeit war u wohl alsseremen.
