3208 6200
1572 1074 1765 1247 75
1498 1278 1820 1381 Katharina.
1043 1352 2381 1452 Wie schön die Sonne bei euch scheint! Und wie
941 1429 2388 1529 stille di. Wiesen ruhn! — Was macht denn der Wirt
943 1505 2391 1589 vom goldenen Löwen, der immer so lustig war?..
935 1578 2386 1678 Und die Walpurga, die dumme?... — O, wenn ich
932 1662 2381 1754 mehr Zeit hätte, ging' ich hin und besuchte den Wirt,
946 1734 2375 1827 Walpurga... und auch den Pfarrer besucht' ich..
932 1796 2379 1898 und in den Wald ging' ich auch. Und auf die Wiese.
932 1871 2370 1973 Ja, auf die Wiese... weißt du, Marie, wo ich einmal
932 1971 2381 2058 gewein hab'.... weil dir jemand seinen Mantel unter-
935 2044 2350 2128 breitete. Aber dazu ist heute nicht Zeit, das lass
932 2108 2375 2188 ich auf ein andermal! — Wenn die Mutter nur bald
926 2186 2371 2273 da war'! Wißt ihr, sie soll mir nur einen Kuß auf
932 2255 2381 2341 die Surn geben, dann will ich wieder fort. Du
930 2324 2381 2462 bist schön worden, Marie! Aber warum trägst du denn
935 2397 1198 2517 Schwarz?
1540 2441 1762 2588 Marie.
1006 2532 1509 2648 Der Vater ist tot.
1496 2630 1782 2750 Katharine.
1017 2692 2382 2816 Sieh, ich geh' immer ganz weiß — und manchmal
910 2803 2370 2885 hab' ich rote Schleifen im Haar, manchmal blaue. Wenn
919 2883 2364 2974 man jung ist, soll man sich nicht schwarz kleiden, auch
919 2937 2370 3027 wenn Vater, Mutter und Bräutigam sterben. Legt man
932 3019 2370 3105 sich nicht selber ins Grab, so ist doch alle Trauer Lüge...
919 3098 2355 3198 Ach, Marie, warum taunst du nicht fröhlich sein wie
926 3158 2364 3263 ich?... Gib acht, gib acht. daß es nicht zu spät wird!
926 3230 2359 3316 Sieh, ich könnt' es mir nicht verzeihen, wenn ich hier
910 3309 2366 3411 länger bliebe als eine Stunde. (Zieht Marie zu sich.) Es
910 3365 2366 3498 wartet einer auf mich... sie dürfen's nicht wissen,
917 3458 2370 3565 Marie!... Einer mit dunkelrotem Mund und zornigen
919 3534 2366 3635 Augen und einer leuchtenden Stirn.... Und ein andrer
932 3618 2359 3700 hat mich im Wagen hergeleitet. Aber dem hab' ich auf
919 3686 2355 3793 ter Landstraße gesagt: „Fort, ich hab' dich satt! Was
905 3751 2341 3844 willst du? Sieben Nächte bist du bei mir gewesen —
919 3840 2370 3920 ist das nicht genug?" Und da küßte er mir die Hand:
915 3908 2348 4022 „Danke, schönstes Fräulein," und sprang aus dem Wagen
908 3980 2355 4113 und lief übers Feld. — Aber der mit den zornigen
914 4050 1514 4186 Augen reitet mir nach.
