3416 4200
1162 582 1467 711 Pause.
1210 693 3141 905 Irene. Nun (was soll wieder das. Was hast
1165 813 3025 989 Du vor mit uns beiden? Tus gleich, tus
1165 952 3133 1133 gleich. Warum zögerst Du? Du siehst, dass
1168 1160 3109 1307 ich nicht zu fliehen versuche, dass ich
1160 1252 3107 1443 nicht schreie, machs rasch und marter uns
1162 1438 2540 1606 nicht, eh wir sterben missen.
2571 1519 2692 1645 G.C.F.P.
257 1548 1084 1761 Aus in Hr.Leite
1168 1608 2374 1758 Oberst: Misst Ihr das? **
299 1658 984 1800 at dus Chur
1183 1711 3162 1873 Irene: Oder jückt es Duch den Grossmütigen
296 1740 1055 1905 not it of a Red
1183 1860 3201 1986 zu spielen. Zu spieten ja,. denn ich glaubs
296 1850 1039 2005 de Belèvere
310 1986 989 2133 O. In keiner
1170 1994 3162 2144 Dir so wenig wie alles andre. Auch in die
2773 2065 3227 2178 nicht Hoheit
1963 2099 2068 2180 is
220 2120 966 2243 Schrändel
1178 2151 3172 2267 som Augenblicke sitzt in Deiner Seels kein
538 2233 997 2395 wenige.
1175 2264 3104 2422 Zorn, kein Schmerz, nicht einmal Kkel ist
3015 2374 3112 2451 dur
1168 2430 3193 2595 in Dir, nichts..nichts. nicht...Du willst
2689 2537 2949 2611 agire
1170 2563 3190 2744 Deine Rolle mit Anstand zu Ende spielen, das
1170 2689 2973 2899 ist alles. Es wird Dir gelingen. Obö
1162 2842 3070 3020 Du totest, ob Di vergchtest, Du musst ja
1168 2988 3083 3180 Recht behalten, Du bist ja der Stärkere
1160 3141 3264 3343 Was willst Du noch? Uns in Wahnsinn treiben.
1183 3274 3065 3484 eh Du Dein Wort sprichst, oder Deine Tat
