3432 4472
2637 65 2939 202 Fait de la
2749 292 2889 457 a
624 323 1705 640 Hsicht kein Reine.
506 540 2830 783 Ongt. Echl. Keue kommt mir aus Schuld, in
1777 665 2783 916 sich; d. Freiheit.
537 702 1708 941 er gilt mit schuldig.
522 839 3022 1140 es er jeg andre Lüge...  Aucht jez als ande¬
572 1016 2814 1270 aber gegen die mit der schicksal sei
702 1202 2746 1454 zu sein erhängen. Der schütter mit ich
631 1323 2920 1603 nicht zusammenhängl. ...  Frau habe.
655 1500 2976 1792 ob sie nicht sieren. Matheil schalen sind.
606 1749 2879 1982 Senn wenn die liebt. No sie vorübren
540 1938 1479 2205 u ihre sprechen.
