3640 4408
1411 695 2143 903 Albrecht kommt.
1422 885 3262 1032 Albrecht: Herr Oberst ich habe eine Mel
1358 1014 2823 1178 dung privater N tur zu machen.
2607 1121 3085 1288 e moeh land
1386 1150 2497 1329 Oberst: Sie mir?
1368 1273 3192 1470 Er entlässt vielleicht absichtlich die
1342 1391 3187 1596 umstehenden offiziere nicht.
1378 1563 3285 1753 Albrecht. Es haben sich heute Nacht arge
1404 1683 3257 1889 Seenen zugetragen auf der Wiese. Frauen
1396 1866 3249 2040 zimmer sind aus der Stadt gekommen, aus
1432 1958 3269 2168 einem schlechten Haus. Vielleicht nicht
1393 2097 3267 2304 alle. Eine von ihnen fand ich eben dem
1406 2238 3139 2420 Tode nah. Ich weiss nicht wie viele
1404 2351 3316 2574 daran schuld sind. Sie konnte eben noch
1409 2502 3472 2710 sprechen-, und bat mich Ihnen Herrn Oberst
2410 2669 2872 2854 Kugel an
1419 2682 2358 2867 etas zu überbringen.
1406 2843 2074 3033 Oberst: Nun?
1432 2910 3423 3136 Albrecht: Ich weiss nicht, ob ich es wagen
1435 3146 1696 3285 darf.
1435 3231 2453 3421 Oberst: Was ist es -?
1635 3354 3344 3554 recht: Es ist ein Stück von dem persi
1458 3500 3387 3713 sehen Shawl, den die Frau Oberst am Abend
1517 3644 2638 3867 es Abschiedsfestes trug.
