6584 4312
993 189 1197 328 G.
857 306 2987 674 Ich nicht ihr verlassen, weiln
747 551 2660 886 sie noch als zu sammen bin kann. -
640 816 2184 1122 barie Kt Mescheit.
690 952 2647 1305 kath. Ah!... d'ſep.am. soein.
766 1134 2745 1532 alte:.. Man hat d' ihm ik Alte
747 1298 2965 1806 geagt... hat er man Eucht
750 1683 1881 1954 was ungelegen
718 1758 3192 2130 kario. Ich sel ist nicht gesehen, seit her¬
826 2051 2644 2395 E, so noch da? So ist noch die! -
684 2508 1825 2783 Ist d. Mitte de! Last mir
690 2534 2805 2887 der Ad. vorüber, kommt nicht -? - Hützel? -
652 2824 2023 3063 Ihr teilte sass. d sollte nur
1012 2981 1683 3202 7. Eltz. seit in
614 3076 2738 3384 Ich will fort. Leinig nicht. Die zur Mitte -
671 3287 2612 3561 Jetzt Althärs hinaus - sehr auch noch ein
747 3457 2193 3728 unter - gel nicht mein kann.
4859 233 5701 422 Mr Rynl Gal
4957 350 5612 533 ergebte.
3580 394 4418 646 Vater schreit.
3388 555 5480 867 Valen. Der alte will mich verziften.
4973 687 6047 911 Mei an Schreib, macht
5376 804 6299 1002 der sehr bereit. E. schon
3444 889 4125 1141 larie...
4270 911 4497 1062 P.S.
5445 930 6044 1131 i.h. kom schon.
3526 1109 5354 1475 Haler u Katterie Lantz -
3463 1320 5943 1755 Nahr. S. mo ist das?  Fort mit sich.
3533 1680 4891 1998 Me wollt Ihr
3498 1850 5118 2263 kath. Gal Clr Onkel! -
3564 1960 6110 2445 Valer. Ich. da sittf. Rind! Mohe!
3671 2351 4916 2666 Mas trinß die I.¬
3602 2527 5647 2931 Man tochsich wird ein vorlesen...
3690 2909 5278 3239 Rath und Teil ab.
