3464 4200
969 657 1623 850 Max. Albrecht.
1011 790 2122 952 Albrecht: Max, Wohin?
963 966 2031 1158 Max: Lass mich gehen.
983 1108 2637 1280 Albrecht: Was ist Dir geschehenY?
972 1224 3232 1467 Max: Frag mich nicht, leb wohl, lass mich fort,
983 1391 3260 1561 Albrecht: Hängts an der einen Minut? Was kanns
997 1544 1184 1637 ilmoit aa
986 1538 2903 1739 Dir verschlagen mir ###w Rede zu stehen?
2065 1677 2238 1767 my
994 1700 3087 1875 Max: Wozu, Worte sind nur mehr Aufschub und
1006 1912 1357 2042 Schall.
1008 1974 2852 2204 Alfrecht: Mir werden sie sinn haben.
2875 2144 3051 2255 Mir
1008 2269 3232 2481 könnten sie mehr Sinn haben, als Du begreifst.
1071 2436 3119 2614 Ich habe beide gesehen, Max. Sie kamen von
1433 2609 1677 2685 same.
1023 2569 3133 2770 Dir: Zugleich gekommen sind sie nicht. Ich
1082 2753 3085 2892 weiss es. Ahnung trieb mich her. Es hätt
1037 2889 3124 3056 mich nicht allzu sehr verwundert Dich anders
1986 2968 3124 3127 esk y ui & alle verloren ser
1045 3042 2892 3226 hier zu finden... aber da Du noch lebst...
1042 3150 3093 3323 Max: Leben Nennt Ihr auch diesen T trüben
1059 3351 2765 3467 Weg noch mit einem Namen des Lichts!
1175 3456 2903 3674 Gieist de de Sericht die vorh uit de hilze
