3480 4248
2381 227 2679 482 203
831 865 1697 996 verbirgt sie sich.
823 1036 2154 1161 Und nun wohnt sie allem bei.
817 1146 2622 1280 Er: wie kann man so unvorsichtig sein?
823 1294 3101 1453 Die Frau: Ich habe lasterhafte Gedanken. Wenn er
831 1504 1183 1640 fiele -
823 1606 2261 1759 Ich möchte mit dir als Knappe.
831 1762 2313 1898 Um drei Uhr Früh rücken sie aus.
831 1930 2418 2086 Der Oberst kommt: Machen Sie auf!
840 2086 2208 2256 Ich weiss, wer bei Ihnen ist.
865 2196 3133 2466 Vielleicht bricht er einfach durchs Fenster ein.
894 2372 3016 2559 Der Oberst: Es wird sich ein Duell### erfinden
3104 2355 3204 2528 G.C.P.
865 2525 3101 2724 lassen, im Krieg. Ich weiss, ich war alt u.s.w.
304 2537 406 2653 .
533 2517 650 2698 défaut
860 2721 2205 2900 Keiner von uns kommt zurijck.
877 2818 3090 3064 Der Oberst: Seien Sie überzeugt, es kommt ein
874 3030 1856 3246 Anderer, bald, bald.
880 3161 2750 3371 Komm, ich will den Kindern adieu sagen.
942 3292 2483 3564 Der Offizier, das junge Mädchen.
953 3484 2071 3694 Der Off: Du - du - du?
919 3564 2994 3848 Sie sinken sich in die Arme. Sie will fort.
911 3797 1870 3992 Nein, sie bleibt?
