3448 4184
743 476 2944 740 Mitternacht - was soll sie tun? - Sie will ins
796 706 1583 912 Freie. Sie geht.
772 793 2971 1054 Sie läuft durch die Strassen. Eine grosse Sehn-
772 1002 2953 1208 sucht nach Menschen, also natürlich nach jenam
764 1173 2878 1330 Arzt überkommt sie. Sie eilt ins Krankenhaus.
2808 1164 3101 1312 Les Castes
2250 1257 2343 1342 d
775 1312 3063 1466 Sie klingelt, sie fragt nach seiner Wohnung, Sie
671 1449 1463 1580 tres wert ihr der C.
781 1469 3116 1673 geht hin Sie klopft an. Sie weiss nicht, was sie
796 1629 2979 1780 tut. Wie der Arzt ihr öffnet, weiss sie nur zu
790 1765 3026 1957 sagen: "Mein Vater...." Der junge Arzt geht mit
807 1922 3020 2102 ihr fort. Sie gehen schweigend durch die Nacht.
804 2067 3052 2271 Sie kommen zum Hause. Sie gehen hinauf. Sie öff¬
807 2271 2065 2428 net. Der Arzt geht mit ihr
816 2410 2006 2599 Der Arzt: Er ist ja tot,
816 2549 2143 2727 Sie: Ich habe ihn gemordet.
1376 2660 2076 2805 gurfelt in her
825 2657 3159 2886 Der Arzt merkt, dass ei- nicht Eurechnungsfähig
848 2933 1089 3081 ist.
3174 2889 3258 3113 P.
836 2985 3142 3232 Sie lässt es nich t zu, dass er ihr nicht glaubt
842 3174 3145 3403 Sie erzählt ihm die ganze Wahrheit. Sie sagt ihm
854 3365 2047 3514 auch, warum sie es getan.
1066 3467 1545 3586 behabtet
851 3424 3116 3717 Er sieht sie an; sie schaut ganz anders aus als
874 3601 3188 3888 auf dem Ball,- verhärmt, beinahe hässlich. Er er-
