3144 5576
1392 596 1679 734 Der Arzt.
931 658 2273 807 Sie leben, Marie.... Auch seit jener Nacht
838 722 2289 893 und seit jenem Morgen fließen die Tage und Nächte
855 815 2289 960 weiter für Sie hin. Auch daß Sie über Feld und
846 875 2298 1066 Wiesen spazieren gehn, daß Sie Blumen pflücken, das
866 968 2311 1110 einer versöhnt von Ihnen Abschied nahm, daß hinter
857 1044 2311 1206 diesem Fenster eine Freundin für ewig entschwindet, daß
849 1135 2302 1254 Sie hier mit mir reden unter dem leuchtenden Mittags¬
873 1192 2324 1349 himmel, ist Leben. Nicht minder als es jene Nacht
873 1283 2320 1431 gewesen ist, die Sie für den ganzen Inhalt und Sinn
869 1349 2336 1485 Ihres Dascins halten.... Und wer weiß, ob nicht
868 1432 2336 1576 später — viel später einmal ein Tag wie der heutige
869 1509 2335 1646 Ihnen etwas viel Wunderbareres bedeuten wird, als jener
878 1575 2329 1717 andere, an dem Sie Dinge erlebt haben, die so furcht¬
884 1644 2326 1846 bare und glühende Namen tragen wie Mord und Liebe
1270 1857 1990 2023 Dreizehnte Szene.
1208 1959 2054 2134 Der Arzt. Marie. Die Tante.
1485 2063 1790 2187 Die Tante
1443 2143 1821 2247 (aus dem Haus.)
999 2156 2386 2340 Mir ist so angst!... Ich bitte Sie, lieber Doktor!
922 2282 2373 2413 Sie ist vom Diwan aufgestanden, läßt sich nicht halten,
920 2353 2377 2506 weint und lacht... Ich will nur rasch zum Pfarrer
915 2439 1912 2604 kaufen, eh es zu spät ist! (Rasch ab.)
1325 2619 2030 2788 Vierzehnte Szene.
1104 2716 2242 2907 Der Arzt. Marie. Katharina aus der Türe.
1509 2854 1826 2952 Katharina.
1042 2861 2422 3038 Ins Freie!... Drin ist so dumpf!... Weiter!
957 3038 1301 3164 weiter!...
1584 3045 1786 3160 Marie.
1046 3098 2114 3279 Wohn denn, Katharina? wohin denn?
1542 3248 1843 3348 Katharina.
1068 3275 2429 3450 Dorthin!... Ich weiß eine Wiese.... Laßt mich,
984 3372 2435 3554 laßt mich doch!... Sieh doch, Marie! Er geht mir
973 3490 1296 3618 ja voraus!
