6616 4296
939 478 2640 754 Nab St will socte - will.
1019 668 2358 912 Kom Augs vor Fuit! -
956 823 2732 1066 Milt mir nicht doch soß Mark
1007 1069 1577 1250 erkaufe
1069 1120 2438 1467 die hehr Anna Kose deß
1132 1384 1856 1607 Bissjens :
1054 1423 2925 1832 Agt. Sie unser Nacht doch si kal
1040 1711 2299 1978 (m algefär). -)
1045 1818 3098 2171 Ad. J. handlt sich in nicht andres.
1048 2037 2890 2373 ut ihr sie ein Neuer Spazern geht.
1034 2228 2976 2557 Nah. slaat sie! Ich weisser, je Vous
1069 2421 2922 2750 nicht gänzt - wie seinimmt geht.
1117 2605 3092 2943 Auf d Statt. bishericht Augen. -
1084 2777 3041 3163 Ich las d vorthistend u sie taugte.
1105 2961 3056 3309 Ich heute vor Schawze. sei Custel
1096 3196 2331 3442 Yorill inst alh fori
1034 3320 3127 3659 Augs. Blolt S. Liebe erl dit Nach¬
3932 89 4108 294 0
3543 273 4099 541 V. Scom
3356 425 5162 769 Valer. Marie Agt. Adj. Lande
3427 725 4399 1031 riesk. Gebr. Gld. -
3416 933 4312 1191 Vater. Mitplorin
3433 1078 4737 1372 Ad. Ist er causssinnis
3427 1123 5824 1589 saal. Ihr Rat sowe noch nicht etc? Wir wollt
3436 1461 4446 1740 noch vor treffen.
3653 1598 5019 1865 Vor eine ist so wach Mä¬
3481 1782 5878 2132 O.G. Arzt. Nie, zu Bett. Ich wollt sie untersuchen
3561 1999 5438 2331 net. Sif hat schon einige zu sagen.
3552 2228 5652 2658 Aspunkt je l’arii. Ich auch sie sprefehr.
3689 2542 5019 2819 Ich könne erwärt.
3796 2780 5628 3124 Angl und lareitrigen it hat
3926 3124 4378 3329 sincen
4084 3222 4966 3505 Admitt geht
3876 3413 5159 3689 Maru Kontimortr -
