3512 4216
2902 353 3041 527 12
992 514 3177 788 Max: Meinst Du, meine Laune steht nach Possen
1003 679 2989 905 Soll ich bei einem fremden Regiment, unter
1000 894 2033 1054 falschem Namen etw...
1005 946 3174 1228 Albrecht nicht unter falschem Namen, bei kei
1014 1128 3196 1364 nem fremden Regiment. Ich nehm Deh an, ich der
1016 1296 2592 1492 Leutnannt Albrecht von Holzwarth.
1027 1457 3019 1655 Max: Um dem Obersten Gelegenheit zu geben
1022 1611 2321 1794 (dass er)mir ins Gesicht....
1038 1753 3201 1957 Albrecht: Lehr mich ihn kennen. Wenn ihn etwas
2329 1837 2492 1927 ten
1033 1878 3027 2065 an dem Einfall verdriessen wird, könnte es
1041 2016 3128 2207 höchstens sein, dass er ihn nicht vorhersah.
1052 2223 1967 2375 Wer weiss übrigens.
1046 2323 3231 2546 Max: Und wenn er seine Einwilligung versagt?
1057 2457 3242 2663 Albrecht: So ist noch immer Zeit zu tun, was
2136 2563 2669 2679 in [illegible]
1065 2655 3150 2881 Narren wie Du und ich glauben tun zu missen.
1087 2843 1929 2954 Max: Albrecht ab.
