3480 4200
2879 439 3019 568 14
981 618 1647 784 Albrecht, Max-
672 722 863 900 G.C.F.P
933 748 3123 928 Albrecht: Weisst pu, was er sagte. (Da Sie ihn
939 914 3115 1071 aufgenommen haben, so nehm ich an, dass er gut
942 1060 2974 1203 zu Pferde sitzt, wenn der gewesene Leutnant
945 1167 3140 1378 von Lilienau seine letztwillige Verfügung über
959 1316 3104 1504 seinen Braunen getroffen, so mag ihn Ihr Frei-
961 1518 1706 1653 wiliger reiten.
961 1690 1557 1827 Max: Das...
964 1760 3118 1968 Albrecht : Verlass Dich drauf, hättst Du Dich
978 1875 3151 2083 im Kasernhof vor unser aller Augen umgebracht,
987 2069 2741 2218 es wär ihm auch ein Witz eingefallen.
978 2165 3151 2423 Max: Und ich soll wirklich...  he
1040 2302 3135 2530 Albrecht: Du sollst tun was Du willst, fünf
998 2513 3045 2688 Minuten hast Du Zeit Dirs zu überlegen, tus
394 2592 852 2735 Bellet kan
1006 2600 3269 2822 aber nicht hier, Du könntest die Zeit versäumen.
427 2716 869 2842 videt. Über
1015 2800 2578 2977 Mein Zug macht sich bereit. Komm.
374 2822 838 2994 legidii...
349 2927 911 3076 cutierite p
1018 2988 1453 3120 Beide ab.
332 3050 846 3188 da kommt je
1018 3053 3154 3267 Draussen allerlei Geräusche. Pferdegetrappel.
292 3151 871 3323 die ge n sel dar
315 3289 627 3447 to them
315 3382 897 3545 so widdu wohl
287 3458 990 3674 glein so st als offer
304 3607 900 3804 ne est semaines
