3176 6088
1491 1558 1775 1690 Der Arzt.
1038 1604 2377 1771 Stille, Marie, stille. Hier kommt einer, der nichts
930 1760 1444 1889 von all dem weiß.
1416 1931 1941 2082 Sechste Szene.
930 1990 2414 2173 Der Arzt. Marie. Der Adjunkt rasch durch dke Gartentüre:
1512 2130 1873 2235 Der Adjunkt
1097 2160 2287 2346 (bleibt, wie er Marie erblickt, stehen, neigt sich leicht.)
1609 2298 1797 2390 Marie
1451 2370 1957 2491 (neigt sich unmerklich.)
1554 2458 1841 2576 Der Arzt.
1068 2456 2370 2666 Nun, kommen Sie schon zum Ausbruch mahnen?
1545 2631 1882 2729 Der Adjunkt.
1079 2629 2451 2810 Es wird nun bald Zeit sein. (Zu Marie.) So kann
1000 2756 2338 2915 ich auch von Ihnen noch Abschied nehmen, Marie.
1641 2872 1823 2974 Marie
1536 2940 1926 3055 (antwortet nicht.)
1595 3044 1871 3137 Der Arzt.
1110 3086 2211 3287 Also was haben Sie im Markte gehört?
1567 3172 1933 3303 Der Adjunkt.
1119 3207 2495 3408 Es hat seine Richtigkeit: vor drei Tagen hat bei
1051 3305 2491 3484 Hainberg eine große Schlacht stattgefunden. Die blauen
1046 3392 2488 3557 Kürassiere haben ihren Schwur gehalten: keiner von
1051 3498 1841 3633 ihnen ist am Leben geblieben.
1630 3585 1908 3701 Der Arzt.
1154 3686 1521 3815 Also wirklich.
1609 3727 1965 3850 Der Adjunkt.
1296 3775 2511 3926 Nur daß all das Heldentum vergeblich war.
1075 3920 1775 4038 Die Schlacht ist verloren.
1650 3996 1930 4099 Der Arzt.
1186 4019 2541 4183 Vielleicht ist es nicht gerade das, worauf es ankommt.
1099 4119 2528 4257 Es ist doch ein herrlicher Geist, der sich in solchen Men¬
1099 4248 1622 4362 schen wirksam zeigt.
1644 4290 1994 4401 Der Adjunkt.
1195 4344 2561 4496 Das ist wahr. Aber all die Helden, die vor dem
1110 4425 2548 4587 Feind gefallen sind, erscheinen mir nicht so bewunderns-
1112 4493 2550 4658 wert als ein junger Offizier, der als hinziger dem Ge¬
1127 4568 2569 4732 metzel entging und sich abends nach der Schlacht, in
1121 4644 2570 4796 einer Scheune glaub' ich, erschossen hat. Man nannte
1143 4738 2322 4935 mir seinen Namen: Albrecht von Holzwarth.
