6632 4312
1439 334 2024 589 9. Juni.
812 544 2661 861 Admitt. Carci. Katharina
609 809 2964 1139 Rat.  Marien steigt ist sie nicht
719 1053 2217 1408 Gab etc. Herr Adjunct.
764 1257 2141 1584 Was ich das geschehe!
719 1460 2844 1787 Adj. Marie. G. meerne l'unorte hui
726 1687 2245 1979 kath. Zsch lautte die!
737 1886 2413 2196 Marie. Ich will ihr sagen
850 2052 2881 2389 Ralt, Last.... 6 eilt nicht.
744 2348 2389 2575 Marie. We hoffe d'ira?
799 2503 2623 2771 kath.... Mweit wa noch i..
812 2661 2909 3026 avec je vous amter. Ma coeur, il
781 2861 2899 3274 neresst sein? - Al ist da habe
1315 3243 1504 3391 ƒ...
823 3219 1270 3532 schon.
895 3294 2854 3628 Einen verlassen. Man? Ob
857 3604 1553 3828 deswahls
854 3759 2468 4055 Marie:. Mei jetzt dirier!
3473 220 5935 558 Rett. El. ma nieds nicht se schwer. Moi
3522 499 5863 830 ohler geschicht.   ich Achtückf aia aeut sine
5212 640 6293 785 Werk & u sehr das A
4100 678 4995 819 Bevor die kämst... Im
5708 740 6245 837 wa man noch —
3515 737 6283 1074 O C le sœll fait été... Als de lue de    nuer
5949 898 6317 988 in St Grund
3494 923 6176 1305 schrift, Ol du 8 wurfft. telt et all er¬
3560 1239 4634 1487 noch?. Marrie
3763 1308 5969 1656 An den Noth verweit mit zur Trep
3539 1484 6052 1935 stell - u um die hülf vom Knut weichen.
3460 1783 5876 2169 Marie Mor ist hent in alt gefahren? -
3553 1969 6104 2393 kath. Auf. wei sehr sahe aus. in Kirche.
3577 2227 5443 2630 nissmarsen nur die Augen¬
3687 2534 5388 2833 der schmerze Kerassie...
3508 2578 6059 3005 haue. A hirnest. M. Graf 1 deren
3639 2861 5677 3236 Uor 1 Neu wisst 1 heft werk
3639 2995 6293 3487 Katt. So ofz at nens geblieb. fi mit.
3666 3308 5897 3663 Cela voir :... de jou Compagnie, un
3711 3539 5742 3887 Obersten geht g'erst mögfte ich
