3320 4136
2070 741 2411 953 Phanta###
1316 1090 1634 1286 tiersaal
893 1119 1024 1329 thon
790 1324 2912 1572 Ich müsste Sie einfach in die Arme nehmen, an
795 1416 2895 1719 die Strasse stellen, auf die Gefahr hin, dass
804 1553 2827 1841 Ihr Vater den Tod sich in die Lunge schreit
820 1721 2969 1975 und dass Sie vom Leben ins Uferlose geschwemmt
820 1991 1171 2236 werden.
839 2184 2953 2440 Is gibt nur eine Schuld gegen andre, Lüge; nur
866 2307 2887 2585 eine gegen sich, Feigheit. Nur die gebären
877 2566 3081 2898 Nur ist man Wahrheit nur dem Menschen schuldig,
874 2560 1411 2740 echte Reue.
902 2716 3089 3004 mit denen man in wirklicher Beziehung steht, de
907 2822 3105 3143 ren Schicksal mit dem unsern in Beziehung steht
921 3042 2190 3323 und die Wahrheit verlangen.
