6616 4296
782 176 941 365 xx
1070 318 1779 550 2 Tiens
656 582 1858 923 Arzt. - Offizier
297 800 1914 1176 Osszier kein Breiter.
673 947 2725 1452 Ärgt. Ich will doch je nur habe.
538 1285 1820 1582 Mo durch ihrem Bez.
579 1435 2746 1790 Ossigin. Also... er gibt wenig zu sagen.
591 1629 2767 2014 Alle ist abgeschlossen. Die Bln, des
676 1902 1949 2231 ich erstell sind zu sind.
726 2058 2440 2428 Carst. Also. wie wir es sein
653 2196 2843 2672 Olligier. Mir um Iso all stärter.... M.
647 2473 2167 2905 hat und da klärt gegeben
756 2769 1838 3075 Arzt. Gesinn!
691 2840 2378 3313 Ok. de nosseffs la nicht.
753 3008 3087 3463 Arzt. der klau! Alles wird Gesen¬
682 3205 3049 3701 Al tott of inonean Bruit t thare
594 3516 2634 3893 Mossan? - Nun - ufsel an
856 3722 3072 4066 Novettfel je begehle - a nous
535 3981 703 4166 P.
3466 312 4184 612 Oberston.
3543 441 5216 797 Elwas ist nicht ganz gelebt.
3504 532 5877 1035 diese Geschäft. Ein Mädchen auf eine Bett,
3487 891 4648 1217 st. ich sagte. Kann.
3622 856 5968 1376 Un einem Kammerch weiss in f. des
3546 1152 5313 1617 sibue Kircke Uela fat...
3593 1329 5901 1799 Hholl mit 3 Gedanken.. sie je heirale
3604 1699 4880 2026 d Dank, juillire
3616 1808 5366 2229 Agt.ke soll. ich könne sie:
3681 1943 6045 2437 G. W. auf entschlafen.. Einmal vom
3710 2373 4589 2617 2rd Kosten....
3634 2455 4927 2819 Cast. Sb wohl!...
3678 2746 5918 3122 Ollisir. Ich legtert doch durch 1 Höhe.
4004 3287 4389 3560 Nill
