3432 4104
2069 99 2267 224 Von
547 86 1101 214 mais en lisant
1051 181 1565 445 2. Juni
2913 188 3035 494 2
254 395 2560 652 ste legt kommt.. auf an Tupruamt
231 613 1809 830 aber im Verrathung..
290 722 2741 1107 Tod. Ihre vorüberke wie weil.. Dilgte Zeit.
389 919 2728 1272 Ägt. Es kommt vor, daß der Leib bei doch Brauth.
336 1196 1440 1453 plötzlich entseten.
316 1302 2501 1591 könte. Als etwas wir noch so sich.
353 1466 2814 1858 Sor jeden glaub ich, er trängt an an Nachricht
356 1760 1163 2010 von Katharina,
432 1723 2956 2145 die Mari ist nicht im Gegangen bei Reprutins
517 1990 3170 2343 Ich milt mit der Adj. ein Trplix vonher.
507 2270 1746 2488 Mi geht's ik bin.
521 2382 2432 2643 Sie ist sehr still. aber heil bemah.
504 2580 2540 2817 Grost Taziergangs macht sie.
507 2735 1957 2969 Jo... de Krieg ist tal aus
527 2916 1423 3097 die Küressiere.
517 2998 2106 3216 tant. Kerl bei doch mit ihr.
