3224 6200
1693 645 1891 807 76
1583 792 2087 950 Neunte Szene.
1111 895 2569 1029 Der Arzt. Marie. Katharina. Die Tante und der Ad¬
1738 1007 1918 1095 junkt.
1687 1075 1973 1185 Die Tante.
1205 1131 2580 1269 Katharina! Katharina! mein Kind!... Jetzt bleibst
1119 1245 1469 1351 du aber da!
1687 1333 1999 1439 Katharina.
1214 1384 2571 1511 Mutter! (Will aufstehen, kann aber nicht.) Eine Stunde.
1128 1484 2582 1603 ... Du sollst mich nur einmal auf die Stirne küssen,
1117 1559 1832 1683 dann muß ich wieder fort.
1676 1649 1995 1753 Die Tante.
1208 1685 2582 1815 Um Himmels willen, wie siehst du denn aus! Was
1122 1797 2569 1914 ist dir denn?... Im weißen Kleide, wie vom Ball,
1119 1883 2558 1991 kommst du gelaufen... Und wie deine Wangen bren¬
1133 1944 2573 2083 nen!...Katharina! Katharina! Komm doch, komm!
1702 2046 1999 2160 Katharina.
1225 2098 2580 2250 Was wollt ihr denn? Ich muß ja gleich wieder
1709 2259 1988 2378 Der Arzt.
1225 2323 2584 2443 Sie sollen sich doch nur mit der Mutter ein wenig
1119 2421 2591 2516 zu Tische setzen, etwas essen und trinken. So wird
1133 2499 2397 2633 Ihre Mutter Sie doch nicht wieder fort lassen.
1704 2595 2004 2697 Katharina
1674 2666 2015 2758 (sieht um sich.)
1230 2721 2580 2842 Wieder zu Hause... Ja Mutter, Mutter...
1139 2817 2589 2897 wie schön die Sonne bei euch scheint.... Es ist doch
1133 2888 2586 3006 schade, daß ich sobald wieder fort muß. Aber das
1064 2969 1504 3077 Leben ist kurz.
1540 3011 2109 3138 Marie und die Tante
1553 3108 2107 3200 (bringen sie ins Zimmer.)
1564 3293 2109 3425 Zehnte Szene.
1509 3383 2171 3495 Der Arzt. Der Adjunkt.
1654 3477 2028 3572 Der Adjunkt.
1205 3535 2107 3660 Was ist ihr? was bedeutet das?
1709 3649 1988 3737 Der Arzt.
1230 3706 2600 3844 Muß ich's Ihnen sagen, lieber Freund? Es geht
1139 3798 1902 3935 zu Ende. (Er geht ins Haus.)
1623 4001 2122 4144 Elfte Szene.
1526 4100 2208 4227 Der Adjunkt. Marie.
1784 4214 1953 4289 Marie
1177 4216 2571 4388 (bleibt eine Weile an der Türe stehen, dann will sie forteilen.)
1687 4373 2050 4473 Der Adjunkt.
1241 4434 1913 4566 Was ist Ihnen, Marie?
