3416 4168
2932 374 3055 500 16
937 602 1451 767 Variante.
934 665 3151 918 Albrecht wird vom Unteroffizier geholt, spricht
940 802 3110 1039 noch nicht seine Idee aus Max als Freiwilligen
948 940 3020 1176 mitzunehmen., verlangt aber von ihm, dass er
953 1162 1778 1352 ihn noch erwarte.
964 1294 1769 1475 Jetzt käme Marie.
970 1481 1698 1646 Max: Zu spät
981 1569 2627 1761 Marie: Ich weiss, dass Duformusst.
984 1687 3058 1904 Max: Nicht darum. Ich bin zugrund gegangen
986 1819 3085 2050 seitdem. Ein Verlorener. Nicht Offizier mehr,
1000 1981 2989 2206 Marie: Ich habe schlimmer s begangen, wir
1008 2118 3022 2379 wollen glücklich sein und sterben zusammen.
1008 2327 1874 2481 Albrecht : zurück
1022 2415 3096 2671 Albrecht: Marie? So kanst Du ja mit ihr ins
1025 2519 3151 2775 Leben zurück. So braucht ich Dir ja gar nicht
1261 2607 1423 2687 a
1044 2758 1868 2921 mehr zu erzählen.
1039 2813 3091 3047 Nun berichtet er ihm, dass er dem Obersten
1066 2970 3094 3204 einen Freiwilligen gemeldet, auf eigene Ver
1072 3237 1602 3366 antwortung.
1077 3330 2283 3511 Die Antwort des Obersten,
1085 3484 3157 3662 Dies bestimmt Max Marie wieder zu verlassen.
