3304 4056
830 470 2659 749 das Xlend ihres Kinds auf dem Gewissen
813 674 2129 879 Doktor aus dem Krankenzimmer
813 841 2221 1020 dass es in einigen Tagen viell
1023 936 1112 1023 G.F.P.
818 954 2072 1132 Stunden zu Ende sein könne.
813 1121 2181 1346 Fru Richter geht zum Pfarrer.
1297 1236 1400 1320 G.C.F.P.
804 1282 2953 1487 Doktor und Adjunkt sprechen von Marie. Adpunkt
804 1412 2933 1639 hat alles kombiniert, hat Marie in die Kasrne
813 1553 3002 1789 gehen gesehen, er glaubt, dass sie tot ist. Er
1150 1686 1418 1812 G.C.F.P.
939 1686 1112 1795 G.C.F.P.
804 1763 1233 1876 hofft es.
1291 1795 1758 1916 rina zu xxx
798 1864 3071 2077 Kriegslärm während der Scene, man sieht durch da
798 2011 2971 2219 Fenster die Dorfbewohner weggehen auf die Land
798 2135 2809 2342 strasse, auch die Magd läuft aus dem Hause
801 2265 3020 2443 Er spricht von dem Grauen, das ihm ihre Tat ein
801 2412 2950 2657 geflößt, dass er aber an die Zote jetzt wieder
2259 2556 2357 2700 P.S.
844 2579 1608 2772 mit Liebe denke.
815 2682 3066 2916 Marie schleicht sich herein, sie wendet sich nur
815 2847 3100 3051 an den Doktor, sieht den Adjunkten gar nicht, der
755 3037 1418 3207 dann fortgeht.
801 3126 3118 3305 Doktor, Marie. Erzählung, Schilderung ihrer Angst
804 3264 3057 3501 Dann Scene der Katarina, die aus dem Nebenzimmer
