3688 4424
1567 690 3321 839 Die Ordonanz wird in Freiheit gesetzt.
1557 824 3073 993 Ordonanz, Der Unglückselige. Es
1559 963 3344 1185 den Befehl des Generals. Darum hat er
1549 1094 2611 1309 gefangennehmen lassen.
1552 1221 3450 1393 Max: Ich weiss, Aber er hat recht. Dort
1542 1352 3367 1496 hinten setzt sich alles in Bewegung. I
1552 1501 3470 1704 weiss was er gewollt hat. - Er zwingt Euch
1547 1633 2067 1782 zum Sieg. —
1542 1726 3379 1949 Flieh Marie, rette Dich, ich reis nach.
1549 1903 2591 2073 Marie: Nimm mich mit.
1539 2030 3511 2219 Mein Vater ist Schuld daran, darum hab ich
1534 2209 3566 2411 ihm das Gift ins Glas g schüttet. Vorwärts.
1529 2315 2891 2500 Max: Davon. Marie ihm nach.
1516 2464 3301 2639 Katarina. Ah wie schön.Marie, Marie..
1522 2608 3258 2763 Zu ihm aufs Pferd? Sie reiten beide?
1519 2773 3420 2927 Er hebt sie zu sich in den Sattel. Da spä-
1527 2864 2108 3061 gen sie hin.
1516 3046 3260 3243 Ordonanz. Es dauert nicht mehr lange.
1516 3177 3372 3321 Katarina: malbrecht. Nun muss ich Dich
1519 3314 3387 3506 begraben... Nie jetzt ist sie früh geb. Cet
1514 3453 3387 3652 Ordonanz!davon. wt elben in dem
2270 3561 2988 3761 wird. in lebes
