3624 4376
1366 663 3295 878 Oder auch- Sie soll eine Maske getragen
1313 823 3298 1028 haben und ist wieder davon. Sagen sie dem
1321 970 3195 1161 Herrn Obersten, waren ihre letzten Worte
1395 1125 3166 1300 meine letzte Nachts ist es noch lange
1316 1269 1667 1452 nicht.
1332 1389 3263 1588 Oberst : Unare war es, Herr Leutnant, das
1329 1541 3395 1730 ist gewiss.- Der Befehl vom General ist da,
1345 1685 3219 1887 wir haben vorzurücken —. Sie nehmen die
1347 1814 3214 2081 Vorhut, Sie fuhren Ihre Leute bis zu der
1347 1929 3195 2163 Lichtung. Dort stehen Sie, bis weitere
721 2026 1145 2246 du Vospoir
1355 2089 3206 2296 Befehle kommen. Unsere Regimenter sind
692 2233 1130 2391 décrire
1368 2231 3337 2435 nachgerückt, Drei Meilen von hier sind die
684 2309 1198 2501 in not.
1355 2349 3308 2571 Kolonnen im Aufmarsch. Es ist mölich, dass
750 2448 1075 2653 nicht.
1366 2511 3347 2718 des General nicht alles bekannt ist. In je
1374 2640 3392 2847 ner Lichtung pfiff ene Kugel an mir vorüber
1381 2768 3269 2967 heut Nacht. Wir folgen eine halbe Stnde
1395 2896 3229 3114 später, bis ein gewisses Signal ertönt.
1384 3062 3494 3250 Sie halten sich solange ruhig in der Lichtung
1400 3211 2257 3387 als es möglich is.
1415 3347 2404 3528 Albrecht: Zu Befehl.
1418 3492 1725 3680 Alarm:
1421 3628 3450 3858 Oberst: Sie haben auch Freiwillige in Ihrem
