3624 4424
1206 800 2003 1019 Oberst, Albrecht.
1209 949 2287 1152 Oberst: Herr Leutnant
1222 1073 2352 1322 Kibrecht: Herr Oberst
1200 1206 3261 1449 Oberst: Wie ich vermutete, die Karte stimmt
1198 1322 3280 1587 nicht mehr ganz. Sehen Sie an dieser Stelle
1203 1471 3380 1728 is eine weite Lichtung, wo hundert Mann sich
1214 1622 3290 1887 bequem in drei Reihen ausbreiten könen. Und
1211 1795 3193 2044 hier, durch einen dichtern Baumschlag ge
1222 1947 3215 2158 deckt führt ein weit ausgeschlagener Pfad
1233 2106 3301 2260 seitlich zur Lichtung hin, von dem die Karte
1219 2217 3318 2420 nichs weiss. Die Lichtung ist von Bedeutung
1238 2368 3174 2550 Von Osten aus muss man den Wald umreitn.
1244 2536 3399 2704 dann ist die Lichtung ganz lecht zu erreichen.
1246 2642 3282 2901 Merken Sie sichs gut + Sie werden die Vorhut
1246 2806 1630 2993 führen.
1252 2907 2555 3190 Albrecht: Wann Herr oberst
1257 3017 3261 3334 Oberst. In einer Stunde wird die Ordre vom
1257 3250 2028 3472 General da sein.
1265 3393 2974 3631 Albrecht: Die den Angriff befiehlt?
1265 3512 3242 3815 Oberst: Heut wird kein Angriff kommen.
649 3542 806 3734 14
1295 3734 3445 3888 Wachtm: Herr Oberst die Herren Offiziere sind
1679 3864 2198 4010 versammelt.
811 3931 1698 4169 I have a, de
1844 3953 2333 4156 Leim in
