3432 4184
2489 403 2574 511 4
719 564 2428 777 zählt ihr auch, dass er verlobt sei.
2068 675 2220 780 tere
748 704 2854 891 Vielleicht erinnert er sich gar nicht xxxie.
710 812 3061 1104 (Vielleicht auch hat sie eine weibliche Stimme aus
760 1002 2950 1268 seinem Zimmer gehörte.) Er wacht mit ihr bei dem
765 1157 2962 1373 Toten bis zum Morgen.
757 1332 3038 1545 Er fragt sie, ob sie niemanden habe, der ihr das
780 1493 2781 1703 Formelle der Angelegenheit abnehmen würde.
876 1651 2790 1893 Vielleicht zu schildern vom Augenblick an, da sie ins
885 1852 1753 2039 Rankenhaus kommt. -
