6600 4392
805 226 1231 446 0
239 414 2850 782 Für Seltsam von sel ich erlebt. Als
475 604 2737 927 schein und nicht schwere.  Wie die Frauen¬
452 876 1764 1108 Ich habe kein Kein mehr
530 995 2617 1254 Ich war mit ihn gegen, mich in wollen
456 1160 2423 1444 ab an recht starb. Noch hier
278 1373 2469 1703 Adi. Un fah hi veuis cent et Blut a un
381 1680 1047 1877 what:
439 1732 2385 2074 Ich gehe.... Mai in keinem wollen
397 1971 2682 2252 ich mögte. Jetzt scheint mir, ist als
456 2252 827 2465 gul.....
595 2304 2637 2585 Ses liegt den tok un und heile un
527 2546 2601 2824 Laut Kneunt. Huteilg war sij ue
514 2766 2617 2970 auf La kommen.... Ma hat sie dem... 2-
578 2992 2007 3293 Kalhar ist fort. Viel soll wohr
5532 275 5975 491 1914
3419 246 5105 763 Sariante Dritten Ehe,
3477 753 4288 1060 Im Summa
3457 792 5613 1208 Arzt zuerst - da vor man offen.
3432 1076 5028 1454 es suchtich trifvam,
3399 1318 4718 1638 drei d Agnett-
3412 1396 5697 1881 dreie erst kommt sie, mit
3483 1787 4592 2129 Blume... s.
