3400 4120
2834 249 2977 435 38
846 411 2963 611 Mitarbeitern als Freund gegenübersteht,- wahr
854 573 2920 784 ist vielmehr, dass er unser Lahnherr und wir
865 719 2923 906 seine Sklaven sind und dass er uns bis auf's
860 884 2847 1065 Blut ausnützt. Es ist unwahr, dass wir ein
270 898 752 1179 Jetzt kmit
316 1087 625 1225 merke.
849 1057 2809 1219 freies Blatt sind, das den Interessen des
241 1138 795 1379 verterreden
876 1206 2844 1376 Volkes dient,- wahr ist vielmehr, dass wir
976 1352 1290 1452 nant.
911 1384 3017 1525 ganz andern Mächten dienen, von denen vorläu-
1411 1487 1793 1609 people
860 1506 2988 1706 fig mehr zu gewinnen ist als vom Volk. Es ist
833 1649 2931 1863 unwahr, dass wir ein mutiges Blatt sind, wahr
917 1814 2947 1979 ist vielmehr, dass unser Mut nur bis an die
917 2014 2988 2141 Frenze geht, wo einem nichts geschehen kann.
868 2125 2912 2333 Es ist unwahr, dass wir ein vornehmes Blatt
887 2239 3031 2471 sind,- wahr ist vielmehr, dass unsere Vornehm-
879 2431 3012 2593 heit in dem Augenblick aufhört, wo die Kosten
316 2455 798 2647 w ni cin
903 2593 3034 2747 beginnen. Es ist unwahr, dass wir ein unabhän-
322 2598 838 2761 cuper ttortes
341 2690 784 2834 macht at
887 2758 3058 2958 giges Blatt sind,- wahr ist vielmehr, dass wir
319 2815 695 2950 ne in
379 2890 825 3112 embracht.
908 2925 2977 3069 von vielerlei abhängig sind: erstens von den
895 3058 3047 3250 Abonnenten, zweitens von den Inserenten, drit-
908 3204 3009 3361 tens vom Grosskapital und endlich von der Re-
903 3328 3023 3582 gierung, an die wir im Laufe der nächsten Zeit
919 3512 3061 3712 vom Herausgeber verkauft werden, wenn es nicht
