3496 4120
2941 450 3068 575 67
1070 625 3156 746 heute Abend, wäre sehr erfreut, dich noch zu
1078 799 3153 898 sehen. Hoffe dich in der Redaktion anzutref¬
1075 937 3106 1083 fen. Richard.“ Is nett. — Der Richard kommt
1075 1111 2020 1241 noch heut Abend her.
1152 1194 2678 1351 Ja, ich bin auch seinetwegen da.
840 1188 1100 1410 Werb:
848 1418 2783 1537 Silb: So? dir hat er auch telegraphiert?
843 1534 1329 1683 Werb: Ja.
1166 1617 1548 1758 he ist doe
848 1691 3065 1838 Silb: Ein lieber Kerl! - Na, wie wirst du denn
1075 1888 2966 2012 jetzt von hier nach Haus kommen, Agathe?
843 2020 2971 2139 Ag: Schickst du mich denn schon wieder fort?
857 2192 3073 2310 Silb: Na/ also, ein bissl kannst du ja noch da
1081 2344 3140 2476 bleiben. Werd' dir einen Wagen holen lassen.
1070 2515 3112 2634 Na ja. /:Er streicht ihr flüchtig über die
1070 2664 2860 2863 Haare: / Also ich gratulier’ übrigens.
1081 2830 1603 2943 Danke sehr.
840 2747 995 2938 We
2142 2858 2352 3004 I have
1078 2963 3015 3137 Zum Erfolg, mein' ich. Es war ein Erfolge,
840 2979 1009 3123 Si:
1266 3062 1913 3178 hab' ich auch
1081 3131 3026 3228 das hat man konstatiert. Aber für mich is
1083 3297 3181 3422 das Stück nix... Nein, ich kann da nicht mit.
1075 3405 3126 3543 Ich hab's auch gesagt. Ich hab' auch meinen
1070 3590 3104 3717 Standpunkt präzisiert - verstehst du? Viel¬
