3448 4152
2877 311 2987 437 89
739 449 2864 647 Voll: Also es ist sicher, dass die Regierung
879 620 3038 797 nicht hinter der Kandidatur des Grafen Nieder¬
883 800 1420 980 hof steckt?
742 916 3005 1102 Mark: Ich gebe Ihnen mein Ehrenwort. - Im übri-
886 1060 3005 1276 gen, wie ich Ihnen sagte: ich würde den Arti¬
886 1234 1896 1417 kel selber schreiben.
754 1368 2904 1576 Voll: Nein, wenn Sie mir Ihr Ehrenwort geben
2336 1536 2861 1719 /:Gent ab:
999 1677 2138 1884 /:f.s:/ Ein Verbrecher!
2263 1793 2367 1964 G.
547 1976 2648 2312 Hiltenk so: Nacken in Dof. Ich mir jetzt nach jene
660 2156 2837 2434 Und ihm zwey jene Abhebend haben: „& verkonnte
907 2345 1915 2611 U. Schuhr der Akten. -
702 2556 2519 2794 G ist bla: er het die Articr..
528 2724 2675 2919 Ich habe ihn schört. ein Blektrowert.
461 2871 2889 3078 er hat vor 8 tagen die halleiesche aufschärft.
495 3005 2944 3283 der gaf wiederlof die Helfte eheneben.
525 3237 2709 3429 Shobuan.. Medestof : - are late.
589 3353 2773 3585 towen solle lassen. un reliquis e elle
654 3497 2623 3698 dann selser, dass die Leibes nach
702 3646 2858 3817 enleitet werden. dass zweiterlet ein
