3448 4168
2763 432 2905 564 82
722 611 1455 805 Voll tritt ein.
730 722 2893 896 Voll: Sie haben mich rufen lassen, Herr Chef
725 877 2946 1098 Mark: Ja. /:Stellt vor:/ Herr Dr.Voll - mein
866 1065 1140 1225 Sohn.
816 1184 2675 1375 Rich: Freut mich sehr. /:Händedruck:/
736 1372 2849 1541 Ko: Meine Herren, ich muss in die Druckerei.
747 1516 2628 1698 Voll: /: zu Mark:/ Hier ist der Artikel.
750 1646 2938 1848 Silb: Komm, Richard, wir wollen in den Sprech¬
891 1848 2714 1992 saal. /:Alle ab ausser Voll u.Markus:/
1198 2620 1577 2802 Pour V:A:S:
1115 2750 1574 2935 y avoit dit
1170 2949 1275 3073 G:A:S:
528 3090 611 3242 G.F.P.
