3512 4184
2843 317 2968 439 48
1446 496 1746 633 Küche.
1525 611 3255 776 :ganz naiv:/ Ja, das ist auch meine
1257 611 1421 776 Ad:
1439 788 3231 980 Ansicht. Das müssen Sie doch auseinan¬
1446 960 3162 1088 der halten. Aber ich kann doch für's
1448 1151 3074 1257 Ueberbrettl kein Couplet schreiben
940 1127 1277 1277 calaret.
1463 1255 3160 1448 "Das Weib gehört in die Küche“? Daßs
1453 1399 3201 1539 sind doch ganz getrennte Dinge, meine
1908 1525 2926 1630 halt ich scharf an einander
729 1561 1345 1716 Aber die Leutglieder.
1448 1579 3295 1738 Ansichten und meine Werke. - Im übrigen
727 1669 1311 1839 minueur glaibles.
1453 1711 3071 1856 hab' ich auch bei der Première des
1446 1890 3118 2018 Liedes eine Ansprache gehalten, von
1446 2028 3236 2224 meiner Loge aus, und hab gesagt, dass
1461 2185 3248 2340 ich mich durchaus nicht mit dem Inhalt
781 2259 1264 2399 de pides
1458 2308 3201 2519 meines Couplets identifiziers - - Nun
508 2359 1372 2563 als Hame stendbar
719 2516 967 2696 fund
1453 2489 3162 2632 leben Sie wohl, lieber Doktor. Nicht
1448 2688 3152 2850 wahr, ich kann mich drauf verlassen?
1498 2806 3228 2958 Selbstverständlich. Ich trage die No¬
1264 2811 1412 2998 Ko:
1451 2980 3196 3199 tiz sofort perönlich in die Druckerei
1461 3118 1888 3290 hinunter.
1259 3250 3142 3425 Ad: Ach, bitte sehr, darf ich mitgehenr
1255 3417 3192 3572 Ko: Haben Sie so wenig Vertrauen zu mir?
1267 3565 3243 3761 Ad: Nein. Aber ich möchte gern einmal ei-
