3512 4216
2540 419 2680 580 51
1304 570 3092 776 mein Fräulein, wäre Jeder zu beneiden,
1304 763 3122 935 der etwas mit Ihnen erlebt,- was Ernst-
1315 919 2873 1075 liches oder etwas Heiteres. /:Er
1318 1057 3072 1256 küsst ihre Hand, lässt sie aber nicht
1329 1261 1809 1415 mehr los:
1363 1390 2943 1537 Hand von der Butten! Nicht unver-
1134 1456 1304 1576 Ad:
1336 1530 3156 1693 schämt sein! Sonst sind wir gute Freun¬
1340 1745 2175 1883 de g e w e e e n.
