3560 4136
2738 374 2855 542 3
671 614 1799 822 mit denen der Regterung.
665 782 1881 974 Der Sohn hat keine Ahnung
671 956 985 1116 Ke ine?
665 1062 2924 1245 Er findet nur.dass das Blatt zahm geworden ist,
682 1245 2133 1462 wohl weil der Vater zu alt ist.
674 1545 1622 1739 Der 2. Akt Jubiläum.
677 1733 2504 1879 Der Sohn muss schon etwas gehört haben.
679 1873 1536 2030 Nichts Bestimtes
688 2027 2975 2170 Wohl eine andere Zeitung, die sozialdemokratische,
705 2173 1733 2338 dte deutlich anspielt.
694 2307 2989 2458 Zu Beginn eine Szene mit dem Vater über diese An¬
699 2490 1045 2655 griffe.
688 2609 2958 2766 Dann Markus: Ich habe was mit Dir vor. Man ist a
702 2781 2872 2952 auf Dich aufmerks am geworden. Du sollst auf die
699 2929 1930 3115 Weltreise mit dem Prinzen.
717 3115 2906 3252 In dieser Szene schon die Verachtung des Vaters
717 3243 1510 3409 für das Gesindel.
685 3340 2572 3577 Du sollst heraus,sollst Minister verden.
705 3523 1059 3749 Wirken.
