3400 4232
2984 360 3109 523 21
1025 472 3018 659 gegen, er erhebt sich aus unsern Armen und
1022 619 3000 817 geht fort, kümmert sich nicht mehr um uns.
1030 801 1284 985 Pfui!
881 923 1030 1116 Ag:
1113 934 3058 1118 Ja, das ist gewiss manchmal so, aber doch
1009 1089 3042 1273 nicht immer.- Nun, seine kleinen Sekkaturen
993 1254 3090 1457 hat natürlich jeder Mann; aber es giebt doch
1006 1430 3061 1588 sehr glückliche Ehen. Und mein Mann zum Bei-
1003 1591 2976 1743 spiel hat das Kind beinah grad so gern wie
987 1729 2962 1889 ich. - Nun ja, gewiss giebt es auch andere
982 1881 2944 2087 Männer, und Frauen, die an solche geraten,
987 2042 2023 2199 sind sehr zu bedauern.
1070 2170 3005 2365 Freilich! - O wie komisch! ich wette, Sie
838 2178 993 2316 Ad:
971 2330 3016 2506 denken an mich. Nein, wie komisch! Sie glau-
969 2474 2898 2669 ben doch nicht...? Nein, gnädige Frau, da
966 2623 2997 2834 täuschen Sie sich sehr. Da bin ich mir doch
1871 2757 2140 2864 Gertrei
963 2762 3034 2973 etwas zu lieb. Und ehrlich: ich war immer zu
958 2976 3101 3146 gut erzogen. Derartiges wäre mir unmöglich ge-
958 3112 3018 3293 wesen.- Wie Sie mich da sehen, liebe gnädige
993 3277 2973 3421 Frau, bin ich vollkommen keusch - wenn ich
945 3405 2928 3584 auch alles verstehe... selbstverständlich
939 3568 2952 3774 versteh" ich alles.- O bitte, liebe gnädige
