3432 4152
635 509 3221 718 Markus: zu Voll: Also geben Sie her.
921 747 2960 883 Ah, mein Herz macht mir wieder Geschichten.
870 886 3051 1044 Herr Chefredakteur müssten sich etwas schonen.
647 902 815 1092 Ob:
883 1008 3234 1218 Seit drei Jahren haben Sie keinen Urlaub genommen.
635 1208 2976 1372 Ma: Sagen Sie ruhig: funf Jahre... Aber es rächt
892 1330 1859 1549 sich, es rächt sich.
664 1514 2406 1698 Voll: s:leise zu Kohnb: Gott geb’s.
660 1691 1427 1862 Müller: :kommt:
664 1846 1131 2036 Ma: Was?
664 1955 2732 2184 Ob: Feuilleton vom Herrn Sohn. (auf..Athen.)
660 2165 1079 2329 Ma: Ah!
676 2316 1224 2490 Ob: Famos!
670 2400 2928 2670 Ma:  immer mit dem Artikel Voll's beschäfftigt:
928 2616 2822 2764 Ja, er schreibt nicht übel, der Bursch.)
676 2725 847 2857 Ko:
921 2767 2532 2928 Die Sachen haben Aufsehen gemacht.
683 2838 850 2970 pp:
928 2906 3202 3086 Jetzt, wenn der Herr Dr. zurückkommt,  werden wir
689 2964 841 3137 Ob:
924 3028 3237 3241 wol die Ehre haben, ihn als internen Kollegen be-
918 3237 1801 3421 grüssen zu dürfen.
941 3324 3166 3572 Ja, darüber könnt' ich Ihnen beim besten Willen
696 3376 854 3592 Ma:
931 3514 2931 3704 nichts sagen. Mir wär's freilich angenehm.
