3576 4152
1010 498 2245 666 Schiesst auf das Gesindel!
1010 634 3144 808 1 Unser Kandidat! Was sollen wir tun? Das ist
1013 819 3300 1001 doch zu arg! Damit hat ja das Blatt den Uebergang
1007 976 2102 1195 zur Reaktion vollzogen!
1058 1149 1610 1277 - Das Duell?
1073 1257 2893 1425 Der Sohn zum Vater: Haft du’s gewusst?
1061 1457 2700 1605 - Der Vater: Für dich - die Baronie
1064 1579 3209 1761 Der Sohn verlangt eine Absage an die Regier-
1019 1795 1232 1903 ung.
1021 2085 3232 2185 IV.Akt. - Bei dem Verbitterten. Der Sohn bittet
1016 2230 3195 2381 ihn um Entschuldigung. Der Vater kommt: Ich be-
1019 2373 2438 2560 schwöre dich - keinen Skandal!
1019 2848 1727 3013 Andere Führung
1019 2984 3226 3164 Der Vater zu dem Sohn: Um Gotteswillen, schlage
1024 3161 3243 3326 dich nicht. Der Mann hat Recht. Unser Blatt ist
1036 3277 2256 3474 verkauft an die Regierung.
1092 3465 2996 3647 Sohn: So weiss ich, was ich zu tun habe,
