3384 4232
2760 339 2884 525 24.
2718 514 2814 703 2
692 633 1511 867 Obendorfer kommt.
692 698 2817 1009 Ob: O, habe die Ehre! Na Fräulein Loser, wie
842 859 2980 1122 geht's denn? Nett heut - was? Man könnt' glau-
853 1014 2986 1257 ben, in Jerusalem zu sein.- Ich habe übrigens
862 1164 3034 1461 gehört, Fräulein Loser, is es wahr? - dass Sie
864 1362 2065 1599 bei uns intern eintreten?
743 1463 2901 1740 Ad: O, das ist ja noch ein grosses Geheimnis!
896 1647 2582 1907 Allerdings, es wäre nicht unmöglich.
780 1752 2848 2045 Ob: O, das vär' ja grossartig! Da wären wir
918 2040 1458 2209 schon drei.
788 2155 1622 2407 Ag: Wiesot
808 2311 2170 2537 Ob: Na, drei Andersgläubige.
819 2415 3093 2692 Ag: Herr Obendorfer, ih muss Sie darauf aufmerk-
966 2559 2856 2825 sam machen, dass mein Mann ein Jude ist.
850 2675 3079 3023 Ob: Aber bitt' Sie, gnädige Frau, wenn alle Is-
1031 2898 2449 3119 raeliten wären wie Ihr Mann -!
