3416 4152
2685 256 2772 475 P.
2760 383 2896 570 81
729 545 3040 743 Mark: Sie haben ihn empfangen? - Lieber Herr von
867 761 3002 939 Werburg, ich gratuliere übrigens.... Sie sind
870 856 2979 1049 wol auch zu Ehren meines Sohnes da, Frau Dok¬
882 1060 2916 1201 tors Wie geht's Ihnen denn immer? Sieht man
882 1210 2536 1392 Sie denn nicht bald wieder bei uns?
743 1369 2982 1518 Rich: Lieber Vater, wir haben länger mit einan¬
890 1490 3054 1674 der zu sprechen, nicht wahr? Wenn du also noch
896 1680 2988 1876 etwas Dringendes zu tun hast, besorge das zu-
893 1870 1144 2014 erst.
755 1948 3069 2126 Mark: Prächtig siehst du aus! Ein Mann! ein Man###
951 2123 3071 2288 Nun, was hat die Mama gesagt?... Morgen brin¬
902 2293 3043 2498 gen wir dein letzten Feuilleton - aus Hamburg.
764 2599 2319 2752 Obendorfer und Kohnberger kommen.
1311 2723 1778 2832 Lem Hoherl.
775 2740 3066 2899 Obend: Oh! der Kronprinz! - Grüss Sie Gott, lie
913 2910 2463 3115 ber Doktor, ich freut mich sehr.
772 3077 2602 3273 Kohnb: /: stellt sich vor:/ Kohnberger.
772 3213 2795 3394 Rich: Ja, ich kenn' Sie doch, Herr Doktor!
778 3409 2665 3573 Ko: Wirklich, Sie erinnern sich meiner?
