3432 4168
2719 454 2871 623 88
794 637 2933 800 zuschliessen, sondern er wird sein Mandat vor-
803 808 2031 988 läufig als Wilder ausüben.“
700 971 2028 1140 Rich: Weisst du das sicher?
691 1080 2993 1285 Mark: Ja, ich weiss es - und ich meiss noch mehr
337 1262 694 1437 Vu Fiale...
823 1280 2953 1442 Der Graf Niederhof wird unserm Blatt die Ehre
857 1414 2945 1600 erweisen, anlässlich des 25jährigen Jubiläums
206 1420 688 1602 Réparties
191 1548 734 1711 c/o unterbar...
854 1571 2831 1742 unserem Fest als Gast beizuwohnen. Und ich
854 1717 2811 1902 denke, einen bessern Beweis, dass der Graf
857 1879 2928 2051 sich keiner reaktionären Partei anschliessen
863 2028 3002 2265 wird, werden selbst Sie, Herr Voll, nicht ver-
857 2179 3008 2436 langen. Und ich versichere Sie, wenn wir über-
854 2362 3008 2579 zeugungstreu sein wollen, dürfen wir nicht für
2573 2468 2731 2571 von
865 2551 3008 2759 Geier eintreten; denn dann gehen wir xxx Libe¬
863 2702 2228 2911 ralismus zur Anarchie über...
720 2828 1268 3056 Rich: Wiet.
720 2959 2970 3239 Mark: Konsequent sind wir, wenn wir für Nieder¬
871 3185 2848 3348 hof eintreten, der das Prinzip gemässigter
1400 3276 1594 3379 Cuter
877 3302 2979 3519 Fretheit und der Wahrung bestehender Interes¬
888 3410 2979 3679 sen repräsentiert. Und in diesem Sinne, Herr
894 3582 2956 3830 Voll, bitte ich Sie, den Leitartikel abzufas¬
903 3807 1088 3944 sen.
