<?xml version="1.0" encoding="UTF-8" standalone="yes"?>
<PcGts xmlns="http://schema.primaresearch.org/PAGE/gts/pagecontent/2013-07-15" xmlns:xsi="http://www.w3.org/2001/XMLSchema-instance" xsi:schemaLocation="http://schema.primaresearch.org/PAGE/gts/pagecontent/2013-07-15 http://schema.primaresearch.org/PAGE/gts/pagecontent/2013-07-15/pagecontent.xsd">
    <Metadata>
        <Creator>prov=READ-COOP:name=TrHtr:version=2.1.0:model_id=51170:date=15_08_2023_08:10</Creator>
        <Created>2023-05-10T13:31:28.709+02:00</Created>
        <LastChange>2023-08-15T08:10:34.862+02:00</LastChange>
        <TranskribusMetadata docId="1429040" pageId="55435896" pageNr="214" tsid="132842376" status="IN_PROGRESS" userId="64420" imgUrl="https://files.transkribus.eu/Get?id=IJOVFZSINWOFRWAXQUGNPVRN&amp;fileType=view" xmlUrl="https://files.transkribus.eu/Get?id=JYJOANBYUEUYLAUPIWSJKMOY" imageId="44709886"/>
    </Metadata>
    <Page imageFilename="1429040_0214.jpg" imageWidth="3352" imageHeight="4104">
        <ReadingOrder>
            <OrderedGroup id="ro_1711799666593" caption="Regions reading order">
                <RegionRefIndexed index="0" regionRef="tr_1"/>
            </OrderedGroup>
        </ReadingOrder>
        <TextRegion id="tr_1" custom="readingOrder {index:0;}">
            <Coords points="823,305 3092,305 3092,2367 823,2367"/>
            <TextLine id="tr_1_tl_1" custom="readingOrder {index:0;}">
                <Coords points="2903,389 2920,392 2934,377 2948,375 2951,380 2962,372 2982,389 3005,392 3013,255 2999,253 2991,261 2979,258 2931,289 2911,284"/>
                <Baseline points="2922,361 2925,361 2969,358 3014,355"/>
                <TextEquiv>
                    <Unicode>39</Unicode>
                </TextEquiv>
            </TextLine>
            <TextLine id="tr_1_tl_2" custom="readingOrder {index:1;}">
                <Coords points="956,548 1067,576 1132,542 1345,568 1396,542 1461,579 1680,525 1904,548 1904,468 1805,423 1649,457 1524,406 1441,454 1212,463 1161,411 1098,437 959,420"/>
                <Baseline points="973,519 1017,519 1062,522 1107,522 1152,522 1196,522 1241,525 1286,525 1331,522 1375,522 1420,522 1465,519 1510,519 1555,519 1599,519 1644,519 1689,519 1734,519 1778,519 1823,519 1868,519 1907,525"/>
                <TextEquiv>
                    <Unicode>schon geschehen ist.</Unicode>
                </TextEquiv>
            </TextLine>
            <TextLine id="tr_1_tl_3" custom="readingOrder {index:2;}">
                <Coords points="2443,627 2537,599 2557,610 2628,599 2662,616 2693,604 2735,638 2769,630 2775,522 2659,511 2642,525 2582,525 2551,553 2506,519 2449,522"/>
                <Baseline points="2462,596 2465,599 2510,599 2554,596 2599,596 2644,593 2689,590 2734,590 2778,585"/>
                <TextEquiv>
                    <Unicode>Sans t-il.</Unicode>
                </TextEquiv>
            </TextLine>
            <TextLine id="tr_1_tl_4" custom="readingOrder {index:3;}">
                <Coords points="809,698 2710,718 2687,602 809,607"/>
                <Baseline points="823,671 835,674 880,674 925,671 970,674 1014,674 1059,674 1104,674 1149,674 1193,674 1238,674 1283,674 1328,674 1372,674 1417,674 1462,671 1507,674 1552,671 1596,671 1641,674 1686,674 1731,674 1775,674 1820,674 1865,674 1910,674 1954,674 1999,677 2044,677 2089,674 2134,671 2178,671 2223,668 2268,668 2313,668 2357,668 2402,671 2447,671 2492,668 2537,668 2581,665 2626,662 2671,662 2716,665"/>
                <TextEquiv>
                    <Unicode>Rich: Jetzt ist es genug! Hinaus, Bubel</Unicode>
                </TextEquiv>
            </TextLine>
            <TextLine id="tr_1_tl_5" custom="readingOrder {index:4;}">
                <Coords points="1373,860 1439,846 1620,888 1663,857 1691,880 1768,837 1878,829 2145,880 2165,729 2046,715 1935,755 1839,707 1683,775 1373,752"/>
                <Baseline points="1389,829 1408,829 1453,823 1498,823 1543,823 1587,823 1632,823 1677,823 1722,820 1766,820 1811,820 1856,820 1901,820 1946,823 1990,823 2035,823 2080,823 2125,823 2169,826"/>
                <TextEquiv>
                    <Unicode>:Grosse Bewegung:</Unicode>
                </TextEquiv>
            </TextLine>
            <TextLine id="tr_1_tl_6" custom="readingOrder {index:5;}">
                <Coords points="812,985 1371,1044 2043,976 2576,1024 2673,1004 2673,865 2023,928 812,891"/>
                <Baseline points="826,981 844,978 889,978 934,978 978,981 1023,981 1068,978 1113,978 1158,978 1202,981 1247,981 1292,981 1337,981 1381,981 1426,978 1471,978 1516,976 1561,976 1605,976 1650,976 1695,973 1740,973 1784,973 1829,973 1874,973 1919,973 1963,976 2008,976 2053,976 2098,976 2143,976 2187,976 2232,973 2277,973 2322,973 2366,973 2411,973 2456,973 2501,970 2545,970 2590,970 2635,970 2680,973"/>
                <TextEquiv>
                    <Unicode>Si: Nun, du wirst weiter von mir hören!</Unicode>
                </TextEquiv>
            </TextLine>
            <TextLine id="tr_1_tl_7" custom="readingOrder {index:6;}">
                <Coords points="812,1146 1036,1209 1317,1141 2168,1183 2171,1039 1626,1033 1430,1087 1129,1047 1047,1101 812,1050"/>
                <Baseline points="826,1134 835,1137 880,1140 925,1140 970,1140 1014,1143 1059,1140 1104,1137 1149,1137 1193,1137 1238,1137 1283,1137 1328,1134 1372,1134 1417,1134 1462,1134 1507,1131 1552,1131 1596,1131 1641,1131 1686,1131 1731,1128 1775,1128 1820,1128 1865,1128 1910,1128 1954,1128 1999,1128 2044,1128 2089,1128 2134,1128 2178,1131"/>
                <TextEquiv>
                    <Unicode>Ag: Gustav, um Gotteswillen!</Unicode>
                </TextEquiv>
            </TextLine>
            <TextLine id="tr_1_tl_8" custom="readingOrder {index:7;}">
                <Coords points="814,1322 1058,1288 1109,1311 1144,1291 1217,1300 1277,1331 1317,1305 1362,1317 1407,1291 1407,1178 1277,1209 1243,1189 1197,1229 1090,1180 1033,1212 968,1183 925,1206 871,1192 814,1209"/>
                <Baseline points="829,1280 874,1280 919,1283 964,1286 1008,1289 1053,1286 1098,1286 1143,1289 1187,1289 1232,1289 1277,1289 1322,1286 1367,1283 1411,1283"/>
                <TextEquiv>
                    <Unicode>Si: Ja, ja!</Unicode>
                </TextEquiv>
            </TextLine>
            <TextLine id="tr_1_tl_9" custom="readingOrder {index:8;}">
                <Coords points="809,1493 2052,1436 2301,1498 2486,1430 2786,1490 3011,1433 3011,1353 809,1362"/>
                <Baseline points="823,1435 868,1438 913,1438 958,1438 1002,1438 1047,1441 1092,1441 1137,1441 1181,1441 1226,1441 1271,1441 1316,1438 1361,1438 1405,1438 1450,1435 1495,1435 1540,1438 1584,1435 1629,1435 1674,1432 1719,1432 1763,1435 1808,1432 1853,1435 1898,1435 1943,1435 1987,1435 2032,1435 2077,1435 2122,1435 2166,1432 2211,1432 2256,1432 2301,1432 2345,1432 2390,1429 2435,1429 2480,1429 2525,1429 2569,1429 2614,1429 2659,1432 2704,1429 2748,1429 2793,1432 2838,1429 2883,1429 2928,1426 2972,1423 3017,1426"/>
                <TextEquiv>
                    <Unicode>Rich: :zu seinem Vater, den er zuerst lang an-</Unicode>
                </TextEquiv>
            </TextLine>
            <TextLine id="tr_1_tl_10" custom="readingOrder {index:9;}">
                <Coords points="953,1649 1558,1595 1742,1646 1836,1586 3013,1646 3042,1493 2874,1529 2707,1450 2562,1521 2415,1467 1836,1552 1668,1487 1396,1544 953,1495"/>
                <Baseline points="970,1593 990,1593 1035,1590 1080,1590 1125,1590 1170,1590 1214,1590 1259,1590 1304,1590 1349,1590 1393,1590 1438,1590 1483,1590 1528,1587 1572,1587 1617,1584 1662,1584 1707,1584 1752,1584 1796,1584 1841,1584 1886,1587 1931,1587 1975,1587 2020,1587 2065,1584 2110,1584 2154,1584 2199,1584 2244,1581 2289,1584 2334,1581 2378,1581 2423,1584 2468,1581 2513,1584 2557,1584 2602,1587 2647,1587 2692,1584 2736,1581 2781,1581 2826,1581 2871,1578 2916,1581 2960,1578 3005,1575 3050,1575"/>
                <TextEquiv>
                    <Unicode>sieht; dann drückt er ihm die Hand:</Unicode>
                </TextEquiv>
            </TextLine>
            <TextLine id="tr_1_tl_11" custom="readingOrder {index:10;}">
                <Coords points="1010,1754 1935,1742 2253,1819 2684,1756 2684,1694 2596,1657 2318,1685 2247,1629 1995,1694 1419,1617 1268,1685 1010,1685"/>
                <Baseline points="1026,1743 1035,1743 1080,1740 1125,1740 1170,1743 1214,1743 1259,1740 1304,1740 1349,1740 1393,1743 1438,1740 1483,1740 1528,1740 1572,1740 1617,1740 1662,1737 1707,1740 1752,1740 1796,1740 1841,1740 1886,1740 1931,1743 1975,1740 2020,1737 2065,1737 2110,1737 2154,1737 2199,1737 2244,1734 2289,1734 2334,1734 2378,1734 2423,1731 2468,1734 2513,1734 2557,1734 2602,1734 2647,1734 2692,1737"/>
                <TextEquiv>
                    <Unicode>che wird in Ordnung gebracht werden.</Unicode>
                </TextEquiv>
            </TextLine>
            <TextLine id="tr_1_tl_12" custom="readingOrder {index:11;}">
                <Coords points="817,1910 1640,1907 1890,1958 1949,1927 1952,1807 1484,1847 1203,1822 1024,1864 899,1810 820,1836"/>
                <Baseline points="832,1901 838,1898 883,1895 928,1898 973,1898 1017,1898 1062,1898 1107,1895 1152,1895 1196,1895 1241,1895 1286,1892 1331,1892 1375,1895 1420,1892 1465,1892 1510,1892 1555,1892 1599,1892 1644,1892 1689,1892 1734,1889 1778,1892 1823,1889 1868,1892 1913,1892 1957,1892"/>
                <TextEquiv>
                    <Unicode>Ob: Gott über der Welt!</Unicode>
                </TextEquiv>
            </TextLine>
            <TextLine id="tr_1_tl_13" custom="readingOrder {index:12;}">
                <Coords points="1822,2071 2747,2063 2812,2052 2812,1966 2667,1944 2562,1981 2389,1952 2324,1989 1822,1983"/>
                <Baseline points="1838,2038 1883,2041 1928,2041 1972,2044 2017,2041 2062,2041 2107,2041 2151,2041 2196,2041 2241,2041 2286,2041 2331,2041 2375,2044 2420,2047 2465,2047 2510,2044 2554,2041 2599,2041 2644,2041 2689,2038 2734,2038 2778,2038 2817,2038"/>
                <TextEquiv>
                    <Unicode>Der hat mir g’fallen!</Unicode>
                </TextEquiv>
            </TextLine>
            <TextLine id="tr_1_tl_14" custom="readingOrder {index:13;}">
                <Coords points="820,2108 1084,2057 1144,2088 1342,2049 1538,2052 1632,2091 1717,2071 1717,1983 1668,1995 1541,1944 1212,2003 1146,1964 970,1998 820,1958"/>
                <Baseline points="835,2047 874,2050 919,2050 964,2053 1008,2053 1053,2056 1098,2056 1143,2056 1187,2053 1232,2050 1277,2050 1322,2047 1367,2047 1411,2047 1456,2047 1501,2044 1546,2044 1590,2044 1635,2047 1680,2050 1725,2044"/>
                <TextEquiv>
                    <Unicode>Graf: zu Werburg:</Unicode>
                </TextEquiv>
            </TextLine>
            <TextLine id="tr_1_tl_15" custom="readingOrder {index:14;}">
                <Coords points="1197,2174 1796,2120 1930,2156 2034,2120 2531,2139 2534,2074 1200,2060"/>
                <Baseline points="1214,2140 1238,2146 1283,2143 1328,2140 1372,2134 1417,2131 1462,2125 1507,2122 1552,2125 1596,2122 1641,2119 1686,2116 1731,2113 1775,2113 1820,2110 1865,2113 1910,2113 1954,2116 1999,2116 2044,2116 2089,2116 2134,2116 2178,2116 2223,2116 2268,2116 2313,2116 2357,2113 2402,2113 2447,2113 2492,2113 2537,2113"/>
                <TextEquiv>
                    <Unicode>Gül! hat er redt.. Er war schrieben</Unicode>
                </TextEquiv>
            </TextLine>
            <TextLine id="tr_1_tl_16" custom="readingOrder {index:15;}">
                <Coords points="809,2219 2196,2199 2914,2276 3084,2244 3087,2142 809,2159"/>
                <Baseline points="823,2199 868,2202 913,2205 958,2202 1002,2202 1047,2202 1092,2202 1137,2202 1181,2202 1226,2202 1271,2205 1316,2202 1361,2205 1405,2202 1450,2202 1495,2202 1540,2202 1584,2202 1629,2199 1674,2202 1719,2199 1763,2199 1808,2199 1853,2196 1898,2199 1943,2196 1987,2196 2032,2196 2077,2196 2122,2196 2166,2196 2211,2196 2256,2196 2301,2196 2345,2193 2390,2193 2435,2193 2480,2190 2525,2190 2569,2190 2614,2190 2659,2190 2704,2190 2748,2190 2793,2190 2838,2193 2883,2193 2928,2193 2972,2193 3017,2196 3062,2199 3092,2202"/>
                <TextEquiv>
                    <Unicode>Kohnb:  Schad, dass er nicht auch betrunken ist,</Unicode>
                </TextEquiv>
            </TextLine>
            <TextLine id="tr_1_tl_17" custom="readingOrder {index:16;}">
                <Coords points="956,2361 1098,2392 1254,2364 1413,2412 1538,2375 1617,2415 1771,2398 1756,2256 1728,2276 1436,2239 1353,2301 1285,2307 959,2256"/>
                <Baseline points="973,2357 1017,2354 1062,2354 1107,2354 1152,2354 1196,2354 1241,2354 1286,2354 1331,2354 1375,2354 1420,2351 1465,2351 1510,2351 1555,2351 1599,2351 1644,2348 1689,2348 1734,2348 1778,2351"/>
                <TextEquiv>
                    <Unicode>wenn er schreibt.</Unicode>
                </TextEquiv>
            </TextLine>
        </TextRegion>
    </Page>
</PcGts>
