3576 4120
2754 440 2862 574 5
603 614 1205 792 Dritter Akt.
614 754 2929 1010 Am nächsten Morgen erscheint der Artikel ganz ge¬
620 964 1435 1138 ändert, gemildert.
603 1063 2873 1255 Aus der Entrüstung ist ein laues Bedauern gewor¬
620 1263 833 1406 den.
606 1435 2836 1601 Der Sohn zum Vater: Ich habe es wohl geahnt, ich
606 1549 2873 1755 muss Silberstein um Entschuldigung bitten.Er hat
603 1721 2879 1884 Recht gehabt. Unser Blatt ist käuflich.Du benützt
617 1875 2879 2017 das Blatt für Deine Privatinteressen. Ja,wenn Du
611 2017 2923 2210 aus Ueberzeugung für die Regierung eingeteten wä¬
614 2204 2870 2393 rest. So schuftig sie sich benomen hat. Aber es
614 2332 1761 2489 tst, weil Du Aktien hast.
597 2475 2210 2655 Nun die Berichte über die Sitzung.
603 2649 1525 2812 Die Interpellation.
585 2786 1569 2967 Die Rede des Grafen.
597 2984 2713 3089 Erst zum Schluss kommt heraus, dass Markus Ak¬
611 3112 1039 3266 tien hat.
588 3237 2812 3435 Anfangs glaubt man,er ist von der Regierung be¬
597 3415 917 3563 zahlt.
579 3575 2917 3744 Aber nur zufällig sind diesmal die Interessen des
