3560 4104
2720 370 2861 507 22
482 378 863 576 Venedig,
903 410 1296 547 29/3.03.
851 565 1588 711 Aeusseres Bild.
871 694 3093 860 In Böhmen grosser Streik, Volksbewegung. Militä
868 831 3124 1040 rische Hilfe notwendig. Streikbrecher, Hungrige.
903 1003 3055 1184 Zugleich Neuwahl eines Abgeordnet aus diesem
874 1175 3044 1301 Gebiete, Graf L. Man weiss nichts Rechtes über
868 1339 3170 1488 ihn. Aber er hat Reisen gemacht, ist intelligent.
868 1479 2158 1668 Cousin des Grubenbesitzers.
903 1639 3010 1768 - Die Zeitung hält sich skeptisch. Der andere
871 1780 2935 1929 Kandidat ist ein Sozialist. XXXXXX Für ihn
883 1938 2981 2095 keineswegs. Aber der Graf Klerikaler; er hat
874 2075 3147 2227 antisemitische Bemerkungen gemacht, also Artikel
880 2282 1290 2428 gene ihn.
911 2411 3055 2545 - Nun kommt Fiala. "Was ist's mit dem Grafen?"
1015 2542 3070 2694 "Er steht schlecht. Wenn Sie ihn stützen, so
894 2709 3050 2858 sind die Schwankenden gewonnen. Wenn dort ein
894 2875 3081 3024 Sozialist siegt, kommt es zu schrecklichen Aus
894 2984 3136 3182 schreitungen. I:Event.ist der Streik noch nicht
894 3182 3047 3322 ganz erklärt: I "Sie würden der Regierung einen
906 3299 3170 3480 Gefallen tun, einen grossen. Sie können ja nach-
891 3471 3173 3643 her sagen, dass Sie aufgesessen sind. Die Kandi-
903 3646 3058 3815 datenreden sagen nichts Rechtes. Ihr Sohn hat
