3240 3864
696 492 1431 686 Richard, Markus
967 606 2858 781 Nun siehst du, das sind die Leute. Alles
675 668 925 848 Mark:
1642 740 2036 840 es nicht
902 796 2866 956 käuflich. Du wirst xxx andern. Die Sozial-
912 964 2797 1106 demokraten -? Du siehst’s ja. Dieselben,
918 1093 2876 1258 die die Aufhebung des Sittlichkeitsparagra-
961 1232 2874 1420 phen wollen, errangieren eine Hetze gegen
925 1407 2861 1580 einen Mann, der sich gegen diesen Parggra-
915 1513 2962 1711 phen vergangen, nur weil er reich ist. Jeder
915 1668 2987 1879 sucht seinen Vorteil. Du wirst nichts ändern.
1018 1833 2784 2026 Ich nicht. Aber für den, der es ändern
699 1879 928 2044 Rich:
933 2008 2833 2152 wird, muss vorgearbeitet werden. Das Zeug
567 2008 727 2163 le dernier
907 2191 2776 2327 zum Johannes steckt in Jedem. Jeder, der
933 2320 2822 2459 nicht feig und nicht verlogen ist, berei-
936 2441 2691 2598 tet das Feld für eine bessere Zukunft.
1010 2562 2817 2776 Wenn man sicher wüsste, sie zu erleben.
696 2583 946 2833 Mark:
936 2763 2178 2964 Aber nach uns die Sundflut!
