3560 4072
724 154 858 299 4.
499 326 751 546 I am of
995 436 3196 636 Es ist das doch das gelesenste Blatt.Hier kann
1014 630 2385 765 er in die Weite wirken u. s.w.
1003 762 2355 929 Nachricht aus dem Parlament.
998 847 3111 1069 Niedrhof hat anlässlich der Debatte über die
1012 1061 3180 1198 Interpellation eine tnfama Rede gehalten,unge-
1025 1179 3018 1393 fähr: Auf ein paar Juden mehr oder weniger
1025 1373 3205 1524 kommt es nicht an.Sentimentalität in der Poli¬
1025 1513 2774 1686 tik.Grosszügigkeit sei notwendig etc.
1014 1686 3207 1815 Richard: Und der soll mich beim Erzherzog pro¬
1036 1856 1488 2001 tegieren?
1025 1930 2774 2111 Markus : Im wesentlichen hat er Recht.
1017 2078 3213 2272 Ruben, der schon aus den früheren Akten bekann¬
2785 2204 3002 2297 mit
1044 2267 3035 2410 te Reporter, gutmütiger Riese. Zionist.Fett-
1042 2396 3114 2580 flecken, kommt freudestrahlend in Bestätigung
1850 2538 2330 2640 beyedrungen
1050 2538 3114 2728 einer schon früherexx Nachricht,dass der Graf
1039 2689 2519 2870 Niederhof geprügelt worden sei.
1288 2823 2758 2936 er selbst, entre ist der Attentite
1025 2862 3098 3018 Buben: Die Nosen hab ich ihm eingeschlagen.
1985 2985 2245 3092 geöert.
1058 3002 1505 3122 Huege of 1 A
1055 3013 2993 3172 Er sagt doch selbst – auf einen mehr oder
1058 3199 2292 3336 weniger kommt es nicht an.
1113 3317 1414 3418 décute
1044 3309 3243 3528 Markus hann s ich nicht zurüokhalten und umarmt
1072 3533 1538 3665 den Ruben.
