3464 4168
2543 380 2625 483 97
827 518 2857 804 denken, in der man lebt. Ich weiss, was ich
844 612 2834 992 tue, mein lieber Sohn, wenn ich den Grafen
844 792 3000 1113 Niederhof unterstütze. Ich diene der Sache des
878 1035 2648 1256 Volkes tausendmal mehr als die Andern.
741 1090 2932 1444 Rich: Vater, du denkst wirklich nur an die An¬
892 1467 1173 1656 dern?
804 1553 1556 1799 Mark: Richard!
778 1667 1576 1948 Rich: Verzethe.
795 1716 3103 2062 Mark: Gewiss nicht an mich, Richard. Ich bin ein
2297 1965 2454 2128 B.2.0
961 2079 1499 2194 alter Mann.
809 2028 2871 2437 Rich: Ach sol Vielleicht an meine Karrière.
975 2148 3103 2491 Was hatte das zu bedeuten, dass du früher sag¬
992 2348 3112 2671 test: an maassgebenden Orten set man auf mein
1007 2585 2477 2880 Feuilleton aufmerksam geworden?
867 2711 3140 3023 Mark: (Ja... es ist doch natürlich, dass ich von
1038 2843 3189 3129 allerlei Leuten hörte.). Ich weiss, dass deine
1041 3014 3109 3298 Feuilletons nicht nur in künstlerischen oder
1070 3175 3117 3466 in Anthropologenkreisen, ich weiss, dass sie
1081 3326 3152 3595 auch in politischen Kreisen mit dem grössten
1090 3461 3109 3747 Interesse gelesen worden sind, dass man auf
