3480 4168
2604 468 2732 595 80
1279 504 1597 659 Mambiso
794 601 2178 836 Markus und Fialla treten ein.
803 753 2881 935 Markus: Habe die Ehre, meine Herren. - Wie,
944 905 2986 1124 Richard? du bist schon dar... Du bist Schon
958 1077 3047 1273 dar... Richard! /:Er umarmt ihn:/ Entschul¬
960 1234 3025 1434 digen Sie, meine Herren... Warum hat man mir
960 1403 1685 1605 denn nichts....
816 1528 2956 1719 Rich: Ich habe selbst gebeten, dass man dich
963 1730 1550 1907 nicht stört.
1962 1785 2502 1937 G.t Wirthschaft
825 1893 3019 2023 Mark : Gestatten Sie, Herr Fialla - mein Sohn.
340 1934 642 2112 In-Gret
827 1998 3003 2228 Fialia: /: schüttelt ihm die Hand:/  Freut mich
302 2073 681 2258 Müdersch.
985 2184 1232 2380 sehr.
230 2247 645 2408 Eurbinu
841 2300 2945 2499 Mark: /:zu den Andern:/ Ich habe die Ehre...
285 2347 775 2513 Recherdi.
982 2529 3091 2643 Guten Tag, gnädige Frau.... Viereinhalb Jahre
985 2621 2300 2820 haben wir uns nicht gesehen.
844 2801 3011 2983 Filla: Es freut mich sehr, gleich nach Ihrer
991 2934 3108 3127 Ankunft das Vergnügen zu haben. Ich habe Ihre
980 3105 3047 3288 Berichte mit dem grössten Interesse gelegen.
847 3266 1320 3468 Rich: o!
852 3371 3083 3628 Filla: Nun, ich hoffe, bald wieder das Vergnü-
958 3578 3136 3814 gen zu haben... Herr Chefredakteur — meine Her¬
996 3728 3108 3924 ren... O, ich finde schon selbst hinaus! / ab/
