<?xml version="1.0" encoding="UTF-8" standalone="yes"?>
<PcGts xmlns="http://schema.primaresearch.org/PAGE/gts/pagecontent/2013-07-15" xmlns:xsi="http://www.w3.org/2001/XMLSchema-instance" xsi:schemaLocation="http://schema.primaresearch.org/PAGE/gts/pagecontent/2013-07-15 http://schema.primaresearch.org/PAGE/gts/pagecontent/2013-07-15/pagecontent.xsd">
    <Metadata>
        <Creator>prov=READ-COOP:name=TrHtr:version=2.1.0:model_id=51170:date=15_08_2023_08:10</Creator>
        <Created>2023-05-10T13:31:14.681+02:00</Created>
        <LastChange>2023-08-15T08:10:07.216+02:00</LastChange>
        <TranskribusMetadata docId="1429040" pageId="55435427" pageNr="112" tsid="132842246" status="IN_PROGRESS" userId="64420" imgUrl="https://files.transkribus.eu/Get?id=RVVGXHIEXWHSBCXKAYECRRPN&amp;fileType=view" xmlUrl="https://files.transkribus.eu/Get?id=JOTYPVLMSZLSZQWGMSPVZHRF" imageId="44709417"/>
    </Metadata>
    <Page imageFilename="1429040_0112.jpg" imageWidth="3448" imageHeight="4168">
        <ReadingOrder>
            <OrderedGroup id="ro_1711799455823" caption="Regions reading order">
                <RegionRefIndexed index="0" regionRef="tr_2"/>
                <RegionRefIndexed index="1" regionRef="tr_1"/>
            </OrderedGroup>
        </ReadingOrder>
        <TextRegion id="tr_2" custom="readingOrder {index:0;}">
            <Coords points="931,487 3045,487 3045,1553 931,1553"/>
            <TextLine id="tr_2_tl_1" custom="readingOrder {index:0;}">
                <Coords points="2488,563 2504,568 2520,563 2544,544 2568,560 2573,555 2578,560 2600,560 2602,448 2586,448 2570,435 2536,440 2530,435 2490,432"/>
                <Baseline points="2501,540 2546,540 2591,537 2606,540"/>
                <TextEquiv>
                    <Unicode>34.</Unicode>
                </TextEquiv>
            </TextLine>
            <TextLine id="tr_2_tl_2" custom="readingOrder {index:1;}">
                <Coords points="1080,776 2325,771 2976,709 2978,616 2384,584 2085,664 1605,597 1448,677 1082,680"/>
                <Baseline points="1095,773 1101,773 1146,764 1191,764 1236,761 1280,758 1325,755 1370,752 1415,749 1459,749 1504,746 1549,746 1594,743 1639,743 1683,743 1728,740 1773,737 1818,734 1863,734 1907,731 1952,731 1997,725 2042,722 2086,719 2131,719 2176,719 2221,716 2266,713 2310,713 2355,710 2400,707 2445,704 2490,701 2534,701 2579,698 2624,695 2669,695 2713,689 2758,689 2803,689 2848,686 2893,680 2937,677 2982,674"/>
                <TextEquiv>
                    <Unicode>in Oesterreich so viel Grafen haben. Die</Unicode>
                </TextEquiv>
            </TextLine>
            <TextLine id="tr_2_tl_3" custom="readingOrder {index:2;}">
                <Coords points="1093,997 1578,901 2904,899 3018,869 3024,763 1098,856"/>
                <Baseline points="1110,925 1143,919 1188,919 1233,916 1277,916 1322,913 1367,910 1412,910 1457,907 1501,904 1546,901 1591,898 1636,898 1680,895 1725,892 1770,892 1815,892 1860,889 1904,886 1949,883 1994,880 2039,877 2084,877 2128,874 2173,874 2218,874 2263,871 2307,871 2352,868 2397,865 2442,862 2487,859 2531,856 2576,853 2621,853 2666,850 2710,850 2755,847 2800,844 2845,841 2890,838 2934,833 2979,830 3024,827"/>
                <TextEquiv>
                    <Unicode>sorgen für die Industrie, durch die kommt</Unicode>
                </TextEquiv>
            </TextLine>
            <TextLine id="tr_2_tl_4" custom="readingOrder {index:3;}">
                <Coords points="1096,1098 2098,1056 2101,971 1933,933 1736,1000 1661,947 1466,1008 1370,971 1272,1005 1101,997"/>
                <Baseline points="1110,1074 1119,1074 1164,1071 1209,1071 1253,1068 1298,1068 1343,1065 1388,1065 1433,1059 1477,1059 1522,1056 1567,1056 1612,1053 1657,1053 1701,1050 1746,1047 1791,1044 1836,1044 1880,1042 1925,1039 1970,1036 2015,1036 2060,1033 2104,1042"/>
                <TextEquiv>
                    <Unicode>Geld unter die Leute.</Unicode>
                </TextEquiv>
            </TextLine>
            <TextLine id="tr_2_tl_5" custom="readingOrder {index:4;}">
                <Coords points="915,1272 2754,1200 2933,1176 2938,1069 923,1160"/>
                <Baseline points="931,1239 970,1236 1015,1233 1059,1233 1104,1233 1149,1233 1194,1233 1239,1230 1283,1227 1328,1224 1373,1218 1418,1218 1462,1218 1507,1215 1552,1212 1597,1209 1642,1209 1686,1206 1731,1206 1776,1203 1821,1200 1866,1197 1910,1197 1955,1197 2000,1191 2045,1188 2089,1188 2134,1185 2179,1182 2224,1179 2269,1179 2313,1179 2358,1176 2403,1170 2448,1170 2493,1167 2537,1164 2582,1161 2627,1161 2672,1161 2716,1158 2761,1155 2806,1149 2851,1149 2896,1143 2940,1140"/>
                <TextEquiv>
                    <Unicode>Voll: Aber unter was für Leute! Die Fiaker</Unicode>
                </TextEquiv>
            </TextLine>
            <TextLine id="tr_2_tl_6" custom="readingOrder {index:5;}">
                <Coords points="1106,1392 1253,1434 2642,1320 2816,1373 2976,1338 2978,1240 1109,1312"/>
                <Baseline points="1122,1385 1146,1382 1191,1382 1236,1382 1280,1379 1325,1376 1370,1376 1415,1373 1459,1370 1504,1370 1549,1367 1594,1367 1639,1364 1683,1361 1728,1358 1773,1355 1818,1352 1863,1352 1907,1349 1952,1349 1997,1346 2042,1343 2086,1343 2131,1340 2176,1337 2221,1334 2266,1334 2310,1331 2355,1328 2400,1328 2445,1325 2490,1322 2534,1322 2579,1322 2624,1319 2669,1316 2713,1310 2758,1310 2803,1307 2848,1304 2893,1301 2937,1298 2982,1295"/>
                <TextEquiv>
                    <Unicode>und die Juweliere lassen sie was verdie-</Unicode>
                </TextEquiv>
            </TextLine>
            <TextLine id="tr_2_tl_7" custom="readingOrder {index:6;}">
                <Coords points="1069,1592 2101,1506 2480,1573 2893,1512 3042,1408 2552,1365 2333,1432 1074,1474"/>
                <Baseline points="1086,1543 1119,1543 1164,1540 1209,1540 1253,1537 1298,1537 1343,1534 1388,1531 1433,1528 1477,1525 1522,1525 1567,1522 1612,1519 1657,1516 1701,1516 1746,1513 1791,1513 1836,1507 1880,1507 1925,1504 1970,1501 2015,1501 2060,1501 2104,1498 2149,1495 2194,1495 2239,1495 2284,1489 2328,1489 2373,1486 2418,1483 2463,1480 2507,1480 2552,1477 2597,1474 2642,1471 2687,1471 2731,1471 2776,1465 2821,1465 2866,1462 2911,1459 2955,1457 3000,1454 3045,1451"/>
                <TextEquiv>
                    <Unicode>nen, aber ihre Arbeiter lassen sie verhun¬</Unicode>
                </TextEquiv>
            </TextLine>
        </TextRegion>
        <TextRegion id="tr_1" custom="readingOrder {index:1;}">
            <Coords points="949,1639 3149,1639 3149,3745 949,3745"/>
            <TextLine id="tr_1_tl_1" custom="readingOrder {index:0;}">
                <Coords points="1125,1725 1176,1733 1264,1714 1317,1730 1338,1714 1352,1728 1376,1728 1384,1629 1354,1616 1328,1632 1288,1624 1258,1634 1226,1608 1186,1621 1136,1605"/>
                <Baseline points="1143,1710 1161,1707 1206,1698 1250,1695 1295,1692 1340,1689 1385,1695"/>
                <TextEquiv>
                    <Unicode>gern.</Unicode>
                </TextEquiv>
            </TextLine>
            <TextLine id="tr_1_tl_2" custom="readingOrder {index:1;}">
                <Coords points="933,1864 2530,1800 2973,1848 3045,1722 2834,1658 2402,1749 1720,1714 939,1789"/>
                <Baseline points="949,1863 991,1860 1036,1857 1080,1857 1125,1857 1170,1854 1215,1851 1259,1848 1304,1845 1349,1845 1394,1842 1439,1839 1483,1836 1528,1833 1573,1830 1618,1830 1663,1830 1707,1830 1752,1827 1797,1830 1842,1824 1886,1821 1931,1818 1976,1818 2021,1818 2066,1812 2110,1812 2155,1809 2200,1806 2245,1806 2290,1800 2334,1800 2379,1800 2424,1797 2469,1797 2513,1794 2558,1794 2603,1791 2648,1788 2693,1788 2737,1782 2782,1782 2827,1779 2872,1776 2917,1773 2961,1770 3006,1767 3051,1764"/>
                <TextEquiv>
                    <Unicode>Ob: Aber hören S' mir auf! Sind Wahlversamm-</Unicode>
                </TextEquiv>
            </TextLine>
            <TextLine id="tr_1_tl_3" custom="readingOrder {index:2;}">
                <Coords points="1125,2024 1213,2045 1264,2018 1298,2048 1320,2032 1381,2048 1613,1997 1728,2010 1770,1997 1773,1933 1696,1898 1418,1944 1336,1920 1221,1941 1178,1906 1130,1922"/>
                <Baseline points="1143,2006 1149,2009 1194,2006 1239,2003 1283,2003 1328,2003 1373,2000 1418,2000 1462,1997 1507,1994 1552,1991 1597,1991 1642,1991 1686,1988 1731,1988 1776,1991"/>
                <TextEquiv>
                    <Unicode>lungsphrasen.</Unicode>
                </TextEquiv>
            </TextLine>
            <TextLine id="tr_1_tl_4" custom="readingOrder {index:3;}">
                <Coords points="957,2173 2957,2154 3098,2109 3101,2008 960,2090"/>
                <Baseline points="973,2170 1000,2170 1044,2170 1089,2170 1134,2167 1179,2167 1224,2167 1268,2164 1313,2158 1358,2155 1403,2155 1448,2152 1492,2152 1537,2149 1582,2146 1627,2146 1671,2143 1716,2143 1761,2140 1806,2137 1851,2134 1895,2134 1940,2131 1985,2131 2030,2128 2075,2125 2119,2125 2164,2122 2209,2119 2254,2116 2298,2116 2343,2113 2388,2113 2433,2113 2478,2113 2522,2110 2567,2104 2612,2104 2657,2101 2702,2098 2746,2095 2791,2095 2836,2092 2881,2089 2925,2089 2970,2086 3015,2086 3060,2084 3105,2086"/>
                <TextEquiv>
                    <Unicode>Voll: Sie sind ein Reaktionär, ein Antisemit,</Unicode>
                </TextEquiv>
            </TextLine>
            <TextLine id="tr_1_tl_5" custom="readingOrder {index:4;}">
                <Coords points="1130,2368 2778,2293 2952,2261 2954,2197 1136,2237"/>
                <Baseline points="1146,2325 1167,2322 1212,2319 1256,2319 1301,2319 1346,2316 1391,2313 1436,2310 1480,2307 1525,2307 1570,2307 1615,2307 1660,2304 1704,2301 1749,2298 1794,2298 1839,2295 1883,2292 1928,2290 1973,2287 2018,2287 2063,2284 2107,2281 2152,2281 2197,2278 2242,2272 2287,2272 2331,2272 2376,2269 2421,2269 2466,2266 2510,2263 2555,2260 2600,2257 2645,2257 2690,2254 2734,2254 2779,2251 2824,2248 2869,2248 2914,2245 2958,2248"/>
                <TextEquiv>
                    <Unicode>ein Phäak, der echte Wiener mit einem</Unicode>
                </TextEquiv>
            </TextLine>
            <TextLine id="tr_1_tl_6" custom="readingOrder {index:5;}">
                <Coords points="1144,2490 3082,2432 3101,2333 1146,2413"/>
                <Baseline points="1158,2481 1179,2478 1224,2475 1268,2472 1313,2472 1358,2469 1403,2466 1448,2463 1492,2463 1537,2460 1582,2460 1627,2457 1671,2457 1716,2454 1761,2454 1806,2454 1851,2451 1895,2451 1940,2448 1985,2445 2030,2442 2075,2442 2119,2439 2164,2436 2209,2433 2254,2430 2298,2430 2343,2427 2388,2424 2433,2424 2478,2421 2522,2421 2567,2418 2612,2415 2657,2415 2702,2415 2746,2412 2791,2409 2836,2406 2881,2403 2925,2400 2970,2397 3015,2397 3060,2394 3105,2397"/>
                <TextEquiv>
                    <Unicode>Wort! Für Sie fangt die Welt beim dritten</Unicode>
                </TextEquiv>
            </TextLine>
            <TextLine id="tr_1_tl_7" custom="readingOrder {index:6;}">
                <Coords points="1144,2642 1232,2693 1482,2629 2584,2624 2957,2589 2962,2504 2138,2493 1936,2560 1146,2589"/>
                <Baseline points="1158,2639 1173,2639 1218,2636 1262,2633 1307,2636 1352,2633 1397,2630 1442,2627 1486,2624 1531,2624 1576,2618 1621,2618 1666,2615 1710,2615 1755,2612 1800,2612 1845,2612 1889,2609 1934,2606 1979,2606 2024,2603 2069,2600 2113,2597 2158,2594 2203,2594 2248,2588 2292,2588 2337,2585 2382,2585 2427,2582 2472,2579 2516,2579 2561,2576 2606,2576 2651,2570 2696,2570 2740,2570 2785,2567 2830,2561 2875,2558 2919,2555 2964,2558"/>
                <TextEquiv>
                    <Unicode>Kaffeehaus an, und beim Stalehner hört</Unicode>
                </TextEquiv>
            </TextLine>
            <TextLine id="tr_1_tl_8" custom="readingOrder {index:7;}">
                <Coords points="1165,2808 2973,2773 3026,2634 1170,2720"/>
                <Baseline points="1182,2794 1194,2791 1239,2791 1283,2788 1328,2788 1373,2788 1418,2785 1462,2782 1507,2779 1552,2779 1597,2776 1642,2773 1686,2773 1731,2770 1776,2770 1821,2767 1866,2764 1910,2761 1955,2761 2000,2758 2045,2758 2089,2755 2134,2755 2179,2752 2224,2752 2269,2749 2313,2746 2358,2743 2403,2740 2448,2737 2493,2737 2537,2734 2582,2731 2627,2731 2672,2728 2716,2725 2761,2725 2806,2722 2851,2719 2896,2716 2940,2713 2985,2713 3030,2713"/>
                <TextEquiv>
                    <Unicode>sie auf. Was verstehen denn Sie von Poli¬</Unicode>
                </TextEquiv>
            </TextLine>
            <TextLine id="tr_1_tl_9" custom="readingOrder {index:8;}">
                <Coords points="1165,2968 1472,3021 1797,2930 3064,2906 3144,2888 3146,2797 1168,2853"/>
                <Baseline points="1179,2946 1224,2946 1268,2946 1313,2946 1358,2943 1403,2943 1448,2940 1492,2937 1537,2934 1582,2934 1627,2931 1671,2931 1716,2928 1761,2925 1806,2925 1851,2922 1895,2919 1940,2919 1985,2917 2030,2917 2075,2914 2119,2911 2164,2911 2209,2908 2254,2905 2298,2905 2343,2902 2388,2899 2433,2899 2478,2899 2522,2893 2567,2890 2612,2890 2657,2887 2702,2884 2746,2884 2791,2884 2836,2881 2881,2881 2925,2878 2970,2875 3015,2872 3060,2869 3105,2869 3149,2869"/>
                <TextEquiv>
                    <Unicode>tik! Sie Backhendlfeuilletonist! Ich weiss</Unicode>
                </TextEquiv>
            </TextLine>
            <TextLine id="tr_1_tl_10" custom="readingOrder {index:9;}">
                <Coords points="1165,3128 2720,3109 3117,3056 3122,2930 1170,3018"/>
                <Baseline points="1182,3105 1197,3105 1242,3102 1286,3102 1331,3099 1376,3099 1421,3096 1465,3096 1510,3096 1555,3093 1600,3093 1645,3090 1689,3087 1734,3087 1779,3084 1824,3081 1869,3081 1913,3078 1958,3075 2003,3075 2048,3072 2092,3069 2137,3069 2182,3066 2227,3063 2272,3060 2316,3060 2361,3060 2406,3057 2451,3054 2496,3054 2540,3051 2585,3048 2630,3048 2675,3045 2719,3045 2764,3042 2809,3042 2854,3039 2899,3039 2943,3036 2988,3033 3033,3030 3078,3027 3123,3030"/>
                <TextEquiv>
                    <Unicode>überhaupt nicht, wie ich dazu komm', mich</Unicode>
                </TextEquiv>
            </TextLine>
            <TextLine id="tr_1_tl_11" custom="readingOrder {index:10;}">
                <Coords points="1178,3271 3064,3239 3117,3231 3122,3082 1181,3186"/>
                <Baseline points="1194,3263 1200,3263 1245,3260 1289,3260 1334,3257 1379,3254 1424,3254 1468,3251 1513,3248 1558,3248 1603,3245 1648,3245 1692,3242 1737,3239 1782,3239 1827,3236 1872,3233 1916,3233 1961,3230 2006,3230 2051,3227 2095,3224 2140,3221 2185,3221 2230,3218 2275,3218 2319,3215 2364,3212 2409,3212 2454,3209 2499,3209 2543,3206 2588,3203 2633,3200 2678,3197 2722,3197 2767,3197 2812,3197 2857,3194 2902,3191 2946,3191 2991,3185 3036,3185 3081,3182 3126,3185"/>
                <TextEquiv>
                    <Unicode>mit Ihnen in eine Diskussion über Politik</Unicode>
                </TextEquiv>
            </TextLine>
            <TextLine id="tr_1_tl_12" custom="readingOrder {index:11;}">
                <Coords points="1176,3429 1256,3447 1314,3423 1882,3423 1912,3415 1917,3290 1760,3271 1664,3346 1474,3325 1410,3354 1320,3335 1178,3367"/>
                <Baseline points="1191,3421 1206,3418 1250,3415 1295,3415 1340,3412 1385,3412 1430,3409 1474,3406 1519,3403 1564,3403 1609,3400 1654,3400 1698,3397 1743,3394 1788,3394 1833,3391 1877,3382 1922,3379"/>
                <TextEquiv>
                    <Unicode>einzulassen.</Unicode>
                </TextEquiv>
            </TextLine>
            <TextLine id="tr_1_tl_13" custom="readingOrder {index:12;}">
                <Coords points="1000,3602 2632,3570 3002,3522 3008,3389 2754,3458 2256,3394 1005,3458"/>
                <Baseline points="1015,3588 1036,3585 1080,3582 1125,3579 1170,3579 1215,3579 1259,3573 1304,3573 1349,3570 1394,3567 1439,3567 1483,3567 1528,3561 1573,3558 1618,3558 1663,3558 1707,3555 1752,3552 1797,3549 1842,3546 1886,3543 1931,3543 1976,3543 2021,3541 2066,3541 2110,3538 2155,3535 2200,3535 2245,3532 2290,3529 2334,3529 2379,3529 2424,3523 2469,3523 2513,3520 2558,3520 2603,3520 2648,3514 2693,3514 2737,3514 2782,3511 2827,3511 2872,3508 2917,3508 2961,3505 3006,3505"/>
                <TextEquiv>
                    <Unicode>Ob: Aber Voll! was regen S' sich denn auf</Unicode>
                </TextEquiv>
            </TextLine>
            <TextLine id="tr_1_tl_14" custom="readingOrder {index:13;}">
                <Coords points="1184,3757 1517,3783 2157,3703 2504,3749 2672,3674 3000,3690 3005,3583 1189,3661"/>
                <Baseline points="1200,3735 1215,3732 1259,3732 1304,3732 1349,3735 1394,3732 1439,3729 1483,3726 1528,3723 1573,3720 1618,3720 1663,3720 1707,3714 1752,3711 1797,3711 1842,3708 1886,3705 1931,3702 1976,3702 2021,3699 2066,3699 2110,3696 2155,3693 2200,3690 2245,3687 2290,3690 2334,3687 2379,3684 2424,3684 2469,3681 2513,3678 2558,3678 2603,3678 2648,3675 2693,3672 2737,3672 2782,3669 2827,3669 2872,3669 2917,3666 2961,3666 3006,3666"/>
                <TextEquiv>
                    <Unicode>Is ja eh' für die Katz'. Sie werden ja</Unicode>
                </TextEquiv>
            </TextLine>
        </TextRegion>
    </Page>
</PcGts>
