3496 4136
2535 309 2680 448 71
781 473 2574 664 Richard, Silberstein, Agathe, Werburg.
781 578 3016 837 Richard: /:noch bei der Tür:/ Nein, Sie sollen
929 798 2546 1001 meinen Vater absolut nicht stören.
792 912 2969 1112 Diener: Aber es ist möglich, dass dieser Herr
959 1093 2872 1282 auch noch eine Stunde bei ihm drinbleibt.
817 1229 2922 1421 Rich: Schad't nichts. Ich hab' Gesellschaft.
987 1423 3039 1604 /:Er wendet sich zu den Andern, drückt ihnen
959 1562 2988 1760 allen herzlich, beinahe gerührt die Hände:
962 1718 2836 1904 Gustav! - Werburg! - Fräulein... pardon,
987 1879 3005 2068 gnädige Frau — Daran werd' ich mich ja erst
987 1996 3000 2249 gewöhnen müssen. - Na also, da bin ich wie¬
976 2168 3000 2363 der. Ich freue mich so, euch gleich zu fin-
984 2330 2299 2538 aen.  der ipsinischen Verbachung
859 2499 2143 2694 Werb: Du siehst famos aus.
856 2644 2872 2836 Si: Ich dank' dir sehr für dein Telegramm.
998 2808 2655 3008 Eben hat’s mir die Agathe gebracht.
865 2955 2432 3178 Ag: Ja, es ist so spät gekommen.
887 3105 2813 3336 Rich: /:zu Ag:/ Also Sie haben sich gar
1029 3319 2997 3458 nicht verändert.- Wie geht's denn dem Mirz-
1029 3414 3044 3645 zerl? Ich komm' morgen hinauf. Wie alt ist
