3592 4168
1000 540 3185 713 Beginn des Stücks eventuell nach einer grossen
1000 747 3236 884 Première. Der anständige pf junge Kritiker kommt,
1009 898 3245 1046 schreibt eine vernünftige Kritik; andere kommen,
994 1006 3159 1242 reden drein. Der Eine hasst den Autor, weil er
1537 1182 1673 1259 jener
1003 1199 3017 1352 weiss, dass e-r ihn für einen Esel hält, der
994 1350 2989 1489 andere ist gegen das Theater, weil es sein
989 1492 3253 1676 Stück nicht mehr aufführt; der Dritte will einen
989 1688 3267 1816 Witz hinein; der Herausgeber selbst streicht etc.
