3496 4232
759 583 2954 816 Ka! Früher hat mich einer gefragt, ob’s deine
923 808 1515 1036 Tochter ist.
782 1013 2158 1131 Si: Scher' dich zum Kuckuck!
1010 1137 3067 1344 Haha! — Der Graf Niederhof hat sih ihr vor###-
796 1186 955 1284 Ka:
915 1275 3070 1538 stellen lassen. Da plaudern sie grad mit ein
935 1486 1235 1584 ander.
1013 1552 2983 1717 Mir hat sich dieser Kerl nicht vorstellen
793 1590 958 1835 Si:
938 1711 2977 1959 lassen. Wahrscheinlich weil er ein Graf ist
955 1869 3078 2097 und seine Ahnen Raubritter waren, und ich bin
949 2057 2227 2253 ein kleiner mährischer Jud.
805 2181 3073 2374 Ko: Dafür waren aber Ihre Ahnen auch Hausierer.
819 2363 3139 2573 Voll: Sie wissen doch, dass morgen der Graf Nie###
952 2478 3139 2695 derhof sprechen wird? Bei Gelegenheit der Ink
955 2677 3052 2879 terpellationsbeantwortung wird er seineJungk
964 2839 2798 3081 fernrede halten. Na, ich bin neugierig!
