3464 4152
2823 374 2946 567 90
728 590 1499 804 Markus, Richard.
725 716 845 812 G.F.P.
254 643 538 856 Mulhelt
728 748 2925 979 Rich: Wird das nicht sehr grosses Aufsehen ma¬
286 801 576 997 vorher.
891 947 1140 1119 chen?
734 1035 3022 1257 Mark: Was unser Blatt tut, macht immer Aufsehen.
877 1230 2978 1420 Drum muss alles mit Ueberlegung getan werden.
886 1379 3019 1564 Die Verhältnisse, unter denen wir jetzt leben,
880 1517 2943 1713 sind so schwierig, dass ich sie dir nicht in
877 1683 2914 1867 Kürze auseinandersetzen kann. Und vor allem
888 1824 2993 2049 schwieriger als die Leute ahnen, die hier si-
888 2017 2963 2192 tzen. Aber lassen wir das jetzt. Richrad! du
886 2139 2887 2356 bist wieder hier! Wie sehr hast### du mir ge¬
891 2280 2955 2508 fehlt. Wie oft hab' ich gefürchtet, dass wir
886 2481 2212 2692 uns nie wieder sehen werden.
751 2616 1847 2826 Rich: Aber warum denn?
739 2773 3086 3016 Mark: Man ist nicht mehr jung, Richard, und manch
886 2931 1651 3159 maj spürt man’s.
739 3080 3048 3270 Rich: Man sieht dir nichts an. Nein wirklich, du
880 3262 2955 3434 hast dich nicht im geringsten verändert. Die
871 3381 2163 3586 Mama auch beinah gar nicht.
742 3580 3031 3788 Mark: Du wirst natürlich bei uns wohnen bleiben?
