3400 4024
818 403 3117 635 Rich: Sieh, wir sind heute so weit, dass wir uns
972 572 3029 766 mancherlei erlauben könnten. Unser Blatt ist
978 741 3032 921 reich, weit verbreitet. Es braucht dir nicht
984 892 3034 1075 drauf anzukommen, Tausende von Abonnenten zu
987 1021 3112 1230 verlieren - oder selbst einen Teil deines Ver-
987 1184 2969 1381 mögens einzubüssen. Du hast einen Stub von
984 1341 2992 1536 Mitarbeitern, die sich nichts Besseres win-
992 1513 2989 1716 schen, als für die gute und gerechte Sache.
1001 1656 1705 1853 einzutreten....
864 1765 3040 1991 Mark: Was nennst du die "gute und gerechte Sa-
1024 1971 1273 2105 che?
867 2071 3037 2334 Rich: Darüber kann wol kein Zweifel sein: die
1015 2228 3040 2442 Sache derjenigen, die arbeiten und denen es
992 2402 3043 2597 dennoch schlecht geht. - Wir haben heute die
406 2371 898 2548 die unschild
1015 2520 3086 2780 Macht, den Leuten die Wahrheit zu sagen, auf
452 2528 792 2694 leider
1032 2668 3132 2917 allen Gebieten; denn man würde uns hören. Wir
1032 2851 3117 3083 hätten die Möglichkeit, ohne Ansehen der Per-
1047 3017 3066 3238 son für die Wahrheit auf allen Gebieten, in
1058 3097 3192 3389 der Kunst, in der Politik und in der Sittlich-
1047 3286 2986 3532 keit einzutreten. Warum tun wir es nicht?
1067 3432 3215 3721 Wir brauchen uns um nichts zu scheeren,- nicht
