3416 4024
518 645 2883 932 Ein Deutschnationaler, der den Obendorfer für sein
537 846 2954 1015 Blatt haben will. Zu Beginn des III.Aktes besucht er
540 1012 2969 1185 ihn, beklagt ihn, dass er in diesem Judenblatte mit-
580 1123 3000 1380 arbeitet. Er bringt ihm einen Roman zur Besprechung.
571 1302 2991 1463 "Eure Zeitung liest man doch!" Der Roman enthält sei-
559 1447 1562 1691 ne eigene Geschichte.
580 1623 2179 1839 "Ein Mägdlein hat mich genasführt."
565 1747 2176 2012 Er hat wahrscheinlich einen Kropf.
580 1864 3003 2160 Kohnberger kommt dazu. Gespräch zwischen den beiden.
1941 2025 2099 2130 his
583 2043 3068 2290 Kohnb.war bei einer Couleur, die satisfaktionsunfähig
645 2250 1333 2450 erklärt wurde.
596 2346 3077 2605 K. zu dem Antisemiten: Was reden Sie denn! Ihr begeht
664 2488 3046 2741 die selben Gemeinheiten wie wir, nur habt ihr nicht
645 2694 1312 2920 einmal Talent.
