<?xml version="1.0" encoding="UTF-8" standalone="yes"?>
<PcGts xmlns="http://schema.primaresearch.org/PAGE/gts/pagecontent/2013-07-15" xmlns:xsi="http://www.w3.org/2001/XMLSchema-instance" xsi:schemaLocation="http://schema.primaresearch.org/PAGE/gts/pagecontent/2013-07-15 http://schema.primaresearch.org/PAGE/gts/pagecontent/2013-07-15/pagecontent.xsd">
    <Metadata>
        <Creator>prov=READ-COOP:name=TrHtr:version=2.1.0:model_id=51170:date=15_08_2023_08:09</Creator>
        <Created>2023-05-10T13:31:03.492+02:00</Created>
        <LastChange>2023-08-15T08:09:43.232+02:00</LastChange>
        <TranskribusMetadata docId="1429040" pageId="55435053" pageNr="23" tsid="132842157" status="IN_PROGRESS" userId="64420" imgUrl="https://files.transkribus.eu/Get?id=IOSRIVBGXCKSTDCVRGHAOFRO&amp;fileType=view" xmlUrl="https://files.transkribus.eu/Get?id=GGWJSNNBQMKJYFSTDUPNCTZG" imageId="44709043"/>
    </Metadata>
    <Page imageFilename="1429040_0023.jpg" imageWidth="3560" imageHeight="4104">
        <ReadingOrder>
            <OrderedGroup id="ro_1711799280166" caption="Regions reading order">
                <RegionRefIndexed index="0" regionRef="tr_2"/>
                <RegionRefIndexed index="1" regionRef="tr_1"/>
            </OrderedGroup>
        </ReadingOrder>
        <TextRegion id="tr_2" custom="readingOrder {index:0;}">
            <Coords points="889,526 3154,526 3154,1591 889,1591"/>
            <TextLine id="tr_2_tl_1" custom="readingOrder {index:0;}">
                <Coords points="2886,609 2903,612 2914,604 2931,618 2945,615 2971,629 3005,612 3027,615 3027,449 2999,446 2988,457 2948,437 2934,449 2912,432 2903,440 2886,440"/>
                <Baseline points="2901,576 2945,576 2990,576 3035,576"/>
                <TextEquiv>
                    <Unicode>10</Unicode>
                </TextEquiv>
            </TextLine>
            <TextLine id="tr_2_tl_2" custom="readingOrder {index:1;}">
                <Coords points="889,835 1154,841 1213,796 1315,832 1546,818 1693,900 1811,883 1811,711 1622,739 1498,714 1202,770 1064,714 889,728"/>
                <Baseline points="904,805 949,802 993,802 1038,802 1083,805 1128,805 1172,805 1217,802 1262,805 1307,805 1352,805 1396,805 1441,805 1486,805 1531,805 1575,805 1620,805 1665,805 1710,808 1755,811 1799,811 1817,814"/>
                <TextEquiv>
                    <Unicode>I.Akt. - Redaktion.</Unicode>
                </TextEquiv>
            </TextLine>
            <TextLine id="tr_2_tl_3" custom="readingOrder {index:2;}">
                <Coords points="880,1030 2974,996 3022,894 880,911"/>
                <Baseline points="895,955 940,958 984,961 1029,961 1074,964 1119,964 1164,961 1208,961 1253,961 1298,964 1343,961 1387,964 1432,964 1477,964 1522,961 1566,964 1611,961 1656,961 1701,961 1746,964 1790,961 1835,961 1880,964 1925,964 1969,964 2014,964 2059,964 2104,964 2149,967 2193,964 2238,964 2283,964 2328,964 2372,964 2417,964 2462,964 2507,964 2551,964 2596,964 2641,964 2686,967 2731,967 2775,964 2820,964 2865,964 2910,964 2954,964 2999,964 3026,967"/>
                <TextEquiv>
                    <Unicode>1. Mondberg. Lokalbericht. Mit einem Artikel</Unicode>
                </TextEquiv>
            </TextLine>
            <TextLine id="tr_2_tl_4" custom="readingOrder {index:3;}">
                <Coords points="883,1128 1580,1224 3149,1193 3123,1018 883,1055"/>
                <Baseline points="898,1113 943,1110 987,1110 1032,1113 1077,1113 1122,1116 1167,1116 1211,1116 1256,1116 1301,1116 1346,1113 1390,1113 1435,1116 1480,1116 1525,1116 1569,1113 1614,1113 1659,1113 1704,1116 1749,1116 1793,1116 1838,1116 1883,1119 1928,1122 1972,1119 2017,1119 2062,1119 2107,1119 2151,1119 2196,1116 2241,1119 2286,1119 2331,1119 2375,1119 2420,1119 2465,1119 2510,1119 2554,1119 2599,1119 2644,1122 2689,1122 2734,1122 2778,1119 2823,1119 2868,1119 2913,1119 2957,1119 3002,1119 3047,1119 3092,1116 3136,1122 3154,1125"/>
                <TextEquiv>
                    <Unicode>über Epstein beschäftigt. Der Arme, er ist heute</Unicode>
                </TextEquiv>
            </TextLine>
            <TextLine id="tr_2_tl_5" custom="readingOrder {index:4;}">
                <Coords points="883,1272 1106,1309 1904,1281 2068,1343 2178,1312 2178,1216 2037,1193 1933,1227 883,1193"/>
                <Baseline points="898,1265 943,1262 987,1262 1032,1265 1077,1265 1122,1268 1167,1265 1211,1268 1256,1268 1301,1271 1346,1271 1390,1271 1435,1271 1480,1271 1525,1268 1569,1271 1614,1268 1659,1268 1704,1268 1749,1271 1793,1271 1838,1268 1883,1271 1928,1271 1972,1271 2017,1271 2062,1271 2107,1274 2151,1274 2181,1277"/>
                <TextEquiv>
                    <Unicode>Nachmittag begraben worden.</Unicode>
                </TextEquiv>
            </TextLine>
            <TextLine id="tr_2_tl_6" custom="readingOrder {index:5;}">
                <Coords points="2897,1408 2917,1408 2931,1419 2954,1408 2968,1416 2982,1402 2996,1408 3019,1402 3033,1413 3055,1397 3075,1397 3089,1408 3120,1405 3120,1337 3061,1320 3041,1340 2991,1318 2940,1340 2928,1334 2897,1340"/>
                <Baseline points="2913,1387 2945,1387 2990,1387 3035,1387 3080,1384 3125,1384"/>
                <TextEquiv>
                    <Unicode>ut de</Unicode>
                </TextEquiv>
            </TextLine>
            <TextLine id="tr_2_tl_7" custom="readingOrder {index:6;}">
                <Coords points="894,1430 2514,1461 2838,1436 2838,1329 894,1360"/>
                <Baseline points="910,1420 955,1417 999,1420 1044,1420 1089,1420 1134,1420 1178,1420 1223,1420 1268,1420 1313,1423 1358,1423 1402,1423 1447,1423 1492,1423 1537,1426 1581,1423 1626,1423 1671,1423 1716,1423 1760,1423 1805,1423 1850,1423 1895,1423 1940,1423 1984,1423 2029,1423 2074,1423 2119,1423 2163,1423 2208,1426 2253,1426 2298,1423 2343,1423 2387,1423 2432,1426 2477,1426 2522,1426 2566,1426 2611,1426 2656,1423 2701,1423 2745,1423 2790,1420 2835,1417 2841,1420"/>
                <TextEquiv>
                    <Unicode>Obendorfer: Der hat's überstanden. XXXXX</Unicode>
                </TextEquiv>
            </TextLine>
            <TextLine id="tr_2_tl_8" custom="readingOrder {index:7;}">
                <Coords points="2711,1492 2734,1484 2796,1509 2900,1484 2948,1507 2962,1492 3016,1481 3053,1501 3053,1405 3010,1405 2976,1433 2883,1391 2807,1442 2711,1433"/>
                <Baseline points="2728,1468 2745,1465 2790,1465 2835,1465 2880,1462 2925,1462 2969,1459 3014,1465 3059,1465"/>
                <TextEquiv>
                    <Unicode>seulement</Unicode>
                </TextEquiv>
            </TextLine>
            <TextLine id="tr_2_tl_9" custom="readingOrder {index:8;}">
                <Coords points="875,1617 3129,1642 3129,1543 3022,1507 875,1526"/>
                <Baseline points="889,1572 934,1575 978,1575 1023,1575 1068,1575 1113,1575 1158,1575 1202,1578 1247,1578 1292,1578 1337,1581 1381,1578 1426,1578 1471,1578 1516,1581 1561,1578 1605,1581 1650,1581 1695,1578 1740,1578 1784,1575 1829,1575 1874,1578 1919,1578 1963,1578 2008,1578 2053,1578 2098,1578 2143,1578 2187,1581 2232,1581 2277,1578 2322,1578 2366,1575 2411,1578 2456,1578 2501,1581 2545,1581 2590,1581 2635,1581 2680,1581 2725,1581 2769,1581 2814,1581 2859,1581 2904,1578 2948,1581 2993,1581 3038,1581 3083,1581 3127,1578 3136,1581"/>
                <TextEquiv>
                    <Unicode>Markus auf kurze Zeit herein. Ueber die Leichen-</Unicode>
                </TextEquiv>
            </TextLine>
        </TextRegion>
        <TextRegion id="tr_1" custom="readingOrder {index:1;}">
            <Coords points="880,1678 3145,1678 3145,3502 880,3502"/>
            <TextLine id="tr_1_tl_1" custom="readingOrder {index:0;}">
                <Coords points="877,1735 1975,1752 1947,1653 1791,1693 1707,1653 1478,1690 1374,1648 1179,1690 877,1676"/>
                <Baseline points="892,1728 937,1728 981,1728 1026,1728 1071,1734 1116,1734 1161,1734 1205,1734 1250,1731 1295,1731 1340,1731 1384,1731 1429,1731 1474,1731 1519,1731 1563,1731 1608,1731 1653,1731 1698,1731 1743,1731 1787,1734 1832,1734 1877,1737 1922,1740 1966,1740 1981,1743"/>
                <TextEquiv>
                    <Unicode>feier und Leichenrede</Unicode>
                </TextEquiv>
            </TextLine>
            <TextLine id="tr_1_tl_2" custom="readingOrder {index:1;}">
                <Coords points="877,1964 1456,1989 1930,1893 2962,1933 3061,1921 3061,1825 877,1834"/>
                <Baseline points="892,1883 937,1886 981,1889 1026,1892 1071,1892 1116,1892 1161,1892 1205,1892 1250,1892 1295,1895 1340,1892 1384,1892 1429,1892 1474,1892 1519,1892 1563,1889 1608,1892 1653,1889 1698,1892 1743,1892 1787,1892 1832,1892 1877,1892 1922,1892 1966,1892 2011,1892 2056,1889 2101,1892 2146,1892 2190,1892 2235,1892 2280,1892 2325,1892 2369,1892 2414,1892 2459,1892 2504,1892 2548,1895 2593,1892 2638,1892 2683,1892 2728,1892 2772,1889 2817,1889 2862,1889 2907,1892 2951,1892 2996,1892 3041,1895 3065,1898"/>
                <TextEquiv>
                    <Unicode>Hugo Voll mit ihm. Ueber den Streik in Böhmen.</Unicode>
                </TextEquiv>
            </TextLine>
            <TextLine id="tr_1_tl_3" custom="readingOrder {index:2;}">
                <Coords points="875,2060 2339,2060 2339,1981 2249,1969 1842,2012 1380,1975 1278,2017 1168,1969 875,1981"/>
                <Baseline points="889,2047 934,2044 978,2044 1023,2044 1068,2047 1113,2047 1158,2047 1202,2047 1247,2047 1292,2047 1337,2047 1381,2047 1426,2047 1471,2047 1516,2044 1561,2044 1605,2044 1650,2044 1695,2047 1740,2047 1784,2047 1829,2047 1874,2047 1919,2047 1963,2047 2008,2047 2053,2047 2098,2047 2143,2047 2187,2047 2232,2050 2277,2050 2322,2056 2343,2059"/>
                <TextEquiv>
                    <Unicode>Liberal, aber nicht gar zu arg.</Unicode>
                </TextEquiv>
            </TextLine>
            <TextLine id="tr_1_tl_4" custom="readingOrder {index:3;}">
                <Coords points="883,2203 1442,2212 1566,2296 1938,2203 2153,2274 2672,2271 2635,2116 883,2136"/>
                <Baseline points="898,2193 943,2193 987,2196 1032,2199 1077,2202 1122,2202 1167,2202 1211,2202 1256,2205 1301,2202 1346,2202 1390,2199 1435,2199 1480,2199 1525,2199 1569,2199 1614,2196 1659,2196 1704,2196 1749,2199 1793,2199 1838,2196 1883,2199 1928,2199 1972,2199 2017,2196 2062,2196 2107,2196 2151,2199 2196,2199 2241,2199 2286,2199 2331,2199 2375,2199 2420,2199 2465,2199 2510,2199 2554,2199 2599,2199 2644,2199 2677,2202"/>
                <TextEquiv>
                    <Unicode>Voll, f.s: xxx Verbrecher! Verbrechen!</Unicode>
                </TextEquiv>
            </TextLine>
            <TextLine id="tr_1_tl_5" custom="readingOrder {index:4;}">
                <Coords points="872,2373 1964,2364 2426,2460 3112,2412 3112,2288 3022,2257 872,2291"/>
                <Baseline points="886,2354 931,2351 976,2351 1020,2354 1065,2354 1110,2354 1155,2351 1199,2351 1244,2351 1289,2351 1334,2351 1378,2351 1423,2351 1468,2354 1513,2354 1558,2354 1602,2354 1647,2357 1692,2357 1737,2357 1781,2354 1826,2354 1871,2354 1916,2354 1960,2354 2005,2354 2050,2354 2095,2354 2140,2357 2184,2354 2229,2354 2274,2354 2319,2354 2363,2351 2408,2351 2453,2351 2498,2354 2542,2354 2587,2354 2632,2354 2677,2357 2722,2357 2766,2357 2811,2354 2856,2354 2901,2354 2945,2354 2990,2354 3035,2354 3080,2354 3116,2357"/>
                <TextEquiv>
                    <Unicode>Ein Raubmord ist geschehen, müssen wir noch ins</Unicode>
                </TextEquiv>
            </TextLine>
            <TextLine id="tr_1_tl_6" custom="readingOrder {index:5;}">
                <Coords points="872,2550 939,2562 1004,2525 1140,2517 1210,2545 1239,2528 1303,2548 1343,2522 1397,2550 1453,2525 1563,2536 1563,2457 1422,2452 1391,2423 1318,2438 1250,2407 1145,2471 1038,2432 872,2446"/>
                <Baseline points="886,2510 931,2510 976,2507 1020,2510 1065,2510 1110,2510 1155,2507 1199,2510 1244,2510 1289,2510 1334,2513 1378,2510 1423,2513 1468,2513 1513,2513 1558,2516 1569,2516"/>
                <TextEquiv>
                    <Unicode>Blatt bringen.</Unicode>
                </TextEquiv>
            </TextLine>
            <TextLine id="tr_1_tl_7" custom="readingOrder {index:6;}">
                <Coords points="872,2683 1473,2669 1681,2765 3098,2725 3098,2610 2790,2567 872,2607"/>
                <Baseline points="886,2665 931,2662 976,2662 1020,2665 1065,2662 1110,2665 1155,2665 1199,2665 1244,2665 1289,2665 1334,2668 1378,2665 1423,2668 1468,2668 1513,2668 1558,2665 1602,2668 1647,2668 1692,2668 1737,2665 1781,2665 1826,2668 1871,2668 1916,2665 1960,2665 2005,2665 2050,2665 2095,2665 2140,2665 2184,2665 2229,2665 2274,2665 2319,2665 2363,2665 2408,2665 2453,2665 2498,2665 2542,2665 2587,2668 2632,2668 2677,2671 2722,2671 2766,2668 2811,2668 2856,2671 2901,2668 2945,2668 2990,2668 3035,2671 3080,2671 3104,2674"/>
                <TextEquiv>
                    <Unicode>Der arme lepstein! Man muss den Nekrolog kürzen.</Unicode>
                </TextEquiv>
            </TextLine>
            <TextLine id="tr_1_tl_8" custom="readingOrder {index:7;}">
                <Coords points="956,2889 2260,2937 3140,2847 3058,2742 956,2731"/>
                <Baseline points="973,2820 1017,2820 1062,2820 1107,2820 1152,2823 1196,2823 1241,2823 1286,2823 1331,2823 1375,2823 1420,2823 1465,2823 1510,2820 1555,2817 1599,2820 1644,2820 1689,2820 1734,2820 1778,2823 1823,2820 1868,2820 1913,2820 1957,2823 2002,2820 2047,2820 2092,2820 2137,2820 2181,2820 2226,2820 2271,2820 2316,2823 2360,2823 2405,2823 2450,2823 2495,2823 2540,2823 2584,2823 2629,2823 2674,2823 2719,2823 2763,2826 2808,2826 2853,2823 2898,2823 2942,2823 2987,2823 3032,2823 3077,2826 3122,2826 3145,2829"/>
                <TextEquiv>
                    <Unicode>Hier schon über das Feuilleton von Markus jun.</Unicode>
                </TextEquiv>
            </TextLine>
            <TextLine id="tr_1_tl_9" custom="readingOrder {index:8;}">
                <Coords points="934,3007 1278,3064 2954,3050 2954,2926 2770,2897 934,2914"/>
                <Baseline points="949,2969 993,2975 1038,2975 1083,2975 1128,2975 1172,2975 1217,2975 1262,2975 1307,2975 1352,2975 1396,2978 1441,2978 1486,2978 1531,2978 1575,2978 1620,2978 1665,2975 1710,2975 1755,2978 1799,2978 1844,2978 1889,2978 1934,2978 1978,2978 2023,2978 2068,2978 2113,2978 2157,2978 2202,2978 2247,2981 2292,2981 2337,2978 2381,2978 2426,2978 2471,2978 2516,2978 2560,2981 2605,2981 2650,2978 2695,2978 2739,2978 2784,2978 2829,2978 2874,2978 2919,2978 2960,2981"/>
                <TextEquiv>
                    <Unicode>Was wollt Ihr? Der hat mehr Valent als Ihr</Unicode>
                </TextEquiv>
            </TextLine>
            <TextLine id="tr_1_tl_10" custom="readingOrder {index:9;}">
                <Coords points="863,3208 1250,3239 1580,3163 1580,3084 1555,3072 1216,3086 987,3038 863,3078"/>
                <Baseline points="880,3130 925,3133 970,3133 1014,3133 1059,3133 1104,3133 1149,3133 1193,3133 1238,3130 1283,3130 1328,3130 1372,3130 1417,3133 1462,3133 1507,3133 1552,3136 1584,3139"/>
                <TextEquiv>
                    <Unicode>Alle zusammen.</Unicode>
                </TextEquiv>
            </TextLine>
            <TextLine id="tr_1_tl_11" custom="readingOrder {index:10;}">
                <Coords points="937,3397 2728,3357 2728,3264 2449,3211 1645,3196 1501,3261 1374,3202 937,3211"/>
                <Baseline points="952,3286 996,3289 1041,3289 1086,3289 1131,3292 1175,3292 1220,3292 1265,3289 1310,3289 1355,3289 1399,3292 1444,3295 1489,3295 1534,3295 1578,3298 1623,3298 1668,3298 1713,3298 1758,3298 1802,3295 1847,3295 1892,3295 1937,3295 1981,3292 2026,3292 2071,3292 2116,3292 2160,3292 2205,3292 2250,3292 2295,3292 2340,3292 2384,3292 2429,3292 2474,3295 2519,3292 2563,3292 2608,3295 2653,3295 2698,3301 2734,3301"/>
                <TextEquiv>
                    <Unicode>Obendorfer sagt Allen Schneicheleien.</Unicode>
                </TextEquiv>
            </TextLine>
            <TextLine id="tr_1_tl_12" custom="readingOrder {index:11;}">
                <Coords points="1207,3529 2438,3532 2415,3388 2370,3417 2096,3371 1983,3411 1744,3371 1422,3414 1309,3352 1210,3363"/>
                <Baseline points="1223,3453 1268,3459 1313,3471 1358,3477 1402,3480 1447,3489 1492,3489 1537,3489 1581,3492 1626,3492 1671,3492 1716,3489 1760,3489 1805,3492 1850,3486 1895,3483 1940,3480 1984,3480 2029,3477 2074,3474 2119,3468 2163,3468 2208,3465 2253,3462 2298,3459 2343,3459 2387,3459 2432,3462 2444,3459"/>
                <TextEquiv>
                    <Unicode>(Nipoy - her jungen lenkers kamul)</Unicode>
                </TextEquiv>
            </TextLine>
        </TextRegion>
    </Page>
</PcGts>
