3560 4072
2774 167 3276 408 Mai 810
516 204 720 448 The
1496 439 2148 584 Journa listen.
1026 640 2831 847 Anderer Hintergrund statt des Streiks.
1020 816 2981 1009 Eiwa folgender: Ein russischer Staatsmann
1037 995 3117 1114 wird erwartet oder ein Grossfürst oder viel-
1026 1108 3304 1315 leicht der Fürst eines Balkanstaates, ein bekann-
1034 1278 3049 1462 ter Reaktionär, der den Pogroms Vorschub ge-
1031 1431 1618 1590 leistet hat.
1020 1595 3157 1737 Er wird von Regierung,Gemeindera t.Bevölkörung
1023 1748 2587 1913 mit Begeisterung empfangen u. s.w.
1023 1873 3120 2040 Voll will einen Leitartikel schreiben, in dem
1031 2046 2981 2210 endlich Farbe bekannt wird, die Dinge beim
1017 2205 2924 2335 rechten Namen genamt werden, ein Mörder,
1040 2352 1831 2485 ein Mörder u. s.w.
1267 2440 1890 2562 (des Chefrs ait)
1000 2511 3018 2650 Markus aber will nicht, dass dieser Artikel
1017 2647 3069 2811 geschrieben wird. Er redet sich aus: Befreun¬
1023 2831 3120 2941 deter Staat,höhere politische Interessen,Ver¬
1020 2990 3049 3137 söhnung etc. Ueberdies sei ja schon längere
1009 3131 3007 3301 Zett nichts schlimmes vorgefallen,wozu das
1014 3267 3174 3452 alte wieder aufpühlen.Er wird eventuell selbst
1009 3420 2052 3571 den Artikel schreiben.
2508 3432 3162 3593 meantreeren
992 3528 2842 3712 An diesem Abend kommt sein Sohn( zurück.
