3336 3976
856 345 2845 603 die Feigheit der Leute, die noch nichts er-
851 582 2976 734 reicht haben und die eine unvorsichtige Bemer-
840 734 3000 889 kung aus der Bahn schleudern kann, auf die sie
861 851 2987 1057 ihr Talent hinweist, und die paktieren müssen,
861 986 2973 1193 um weiterzukommen.- Ich verstehe die Feigheit
878 1177 2872 1340 der Schwächlinge, der Dummen und der Armen.
867 1299 3025 1492 Sie ist ein Mittel im Kampf ums Dasein. Es ist
883 1500 3022 1652 möglich, dass die Natur selbst sie will.- Aber
938 1655 3003 1815 was ich nicht begreife und nie begreifen wer-
891 1777 2978 1954 de, das ist die Feigheit um ihrer selbst wil-
902 1948 2900 2103 len. Sie ist in ihrer Art so albern, als der
894 2041 3049 2264 Mut um jeden Preis, der nicht will und nichts
916 2201 2927 2424 durchzusetzen vermag, als seine Existenz zu
910 2400 2989 2587 beweisen. Aber immerhin, dieser Mut hat auch
924 2508 2921 2742 noch eine Entschuldigung: er kann gelegent-
921 2636 2997 2886 lich mit dem Leben bezahlt werden.- Aber die
875 2799 3057 3038 Feigheit des Millionärs, der eine halbe zu ver-
935 2962 2997 3204 lieren fürchtet,- die Feigheit aus Liebe zur
986 3114 3049 3343 Sache, die versteh' ich nicht. Die erscheint
997 3264 3025 3497 mir wie ein Verbrechen wider die Natur. Und
973 3443 2954 3655 ich finde für sie keinen andern Erklärungs-
959 3582 3147 3818 grund als eine tiefe Freude an der Niedrigkeit.
