3336 3976
2729 380 2875 506 14
754 457 2966 638 Markus: :kommt herein: Wie, eine Familiensze-
982 638 2985 825 ne? Sollten Sie vielleicht hergekommen sein
988 823 2980 971 aufklären? Es soll nichts gewesen sein. Sie
982 968 2894 1150 bleiben bei mir mit dem doppelten Gehalt.
748 1117 905 1260 Si:
985 1106 2977 1277 Ich werd’s mir überlegen. Was tut man nicht
982 1266 2949 1439 alles für seine Familie. Komm, Agathe. Ich
966 1450 2971 1582 muss aber die Freiheit haben, zu schreiben,
971 1563 1593 1750 was ich will.
