3416 4024
2764 320 2863 455 2
747 437 2626 664 Ko: Ich bin zu Ende mit meiner Langmut.
750 648 2616 828 Ob: Was für eine aufgeregte Atmosphäre.
992 742 2907 992 In Ehrensachen versteh' ich keinen Spass.
752 848 934 989 Ko:
994 932 3050 1137 Vielleicht ein Atavismus. Ich war einmal bei
1002 1075 3019 1280 einer Couleur, Sie wissen. Meinetwegen sind
1002 1252 2868 1460 wir satisfaktionsunfähig erklärt worden,
997 1392 2977 1575 weil ich ihnen zu gut gefochten hab', weil
1015 1564 2967 1759 ich und der Borges alle abgestochen haben.
1018 1718 2980 1889 Halten Sie sich an die Juden, die Lust ha¬
1031 1843 2990 2059 ben, sich etwas gefallen zu lassen. Leider
1031 1988 3050 2204 giebt's genug von der Art; ich gehöre nicht
1028 2181 1476 2366 zu ihnen.
1046 2311 3084 2522 Ich versteh' wirklich nicht - auf einmal....
812 2345 968 2472 Ob:
1049 2470 2550 2657 Auf einmal - ja. Ich bin nervös,
809 2532 976 2644 Ko:
815 2639 2524 2824 Ru: /:zu März:  Was sagen Sie dazu?
815 2782 2907 2946 Mä: Dazu?... Entschuldigen Sie, werter Herr,
1124 2910 2616 3170 was soll mich das interessieren?
