3544 4104
2620 487 2753 609 14
980 544 3192 779 - Markus: Ich erhalte soeben neue Informationen.
940 819 2971 921 Sie dürfen gegen den Grafen nicht so scharf
952 974 3065 1110 Schreiben. Er steht in garkeinem Zusammenhang
940 1110 3070 1224 mit seinem Vetter, soll liberale Anwandlungen
940 1272 1535 1396 haben u.s.w.
949 1405 2589 1541 Voll, f.s: Ein schwerer Verbrecher.
935 1578 3076 1711 11. Kajetan kommt eilig. Er erhielt eben ein
943 1725 3093 1872 Telegramm. Sein Stück hat einen ungeheuern Er¬
926 1878 3164 2051 folg in Lemberg gehabt. Das Stück ist sehr revo
938 2045 3147 2195 lutionär. Die Trone wanken überall, wo es aufge
935 2198 2923 2328 führt wird. Gestern hat in Ihrem und Herr gemackelt
1003 2359 3201 2459 Er hat eben einen Schneider interviewt, wie er
935 2501 2719 2606 über die Frage der roten Fracks denkt.
929 2603 3110 2821 12. Der junge Markus kommt. Er wird Fiala vor
929 2830 3155 3017 gestellt. "Ich habe Ihre Arbeiten mit Interesse
938 2985 1362 3090 gelesen."
980 3141 3144 3260 - Der Vater hat den Sohn noch garnicht gesehen,
926 3277 3195 3405 Er hat eine Weltreise gemacht. Seine Feuilletons
926 3456 2906 3558 haben berechtigtes Aufsehen hervorgerufen.
929 3580 3206 3719 13. Es kommen noch Silberstein und Werburg, Ver¬
938 3773 1878 3920 schiedene Gespräche
