3576 4120
2685 177 3154 362 11306
576 472 2185 671 Im 1. Akt hat der Streik begonnen.
576 663 2787 874 Foll hat den Leitartikel für Geier geschrieben.
567 859 2873 998 Plötzlich will Markus, dass für den Grafen Nieder-
573 952 1806 1149 hof Stimmung gemacht wird.
570 1117 2220 1346 Im 2. Akt dauert der Ausstand fort.
558 1314 2084 1470 Nachricht, dass geschossen wurde.
602 1461 1062 1606 Jubiläum.
553 1580 2303 1788 Ein Artikal von Voll wird aliminiert.
550 1751 2720 1898 Noch glaubt Richard an den Vater, ist zärtlich.
561 1907 2781 2089 Im 3. Akt Erstaunen, dass der Artikel nicht drin
576 2057 767 2225 is t.
599 2193 2246 2341 Im Anfang leis er Verdacht laichards
541 2379 2292 2500 Sein Vater sagt ihm, ich habe Aktien.
538 2523 2787 2668 Richard: So muss ich ja Silberstein um Entschul¬
553 2659 1230 2856 digung bitten.
538 2824 2376 2981 Ruhe. Die Streikenden sind eingefahren.
538 2963 2865 3134 Schluss: Ruben kommt: Ich hab Niederhof die Nosen
590 3093 1273 3287 eingeschlagen.
