3528 4136
2631 309 2761 505 70
491 472 2672 727 Im übrigen - den Leuten hat’s ja gefallen.
795 670 2062 871 Ag: Dir doch auch, Gustavr
789 841 1467 1025 Silb: Mir?...
792 955 2930 1161 Ag: Nun ja, erinner' dich doch, wie uns Herr
936 1112 2496 1337 v.Werburg im Wald vorgelesen hat.
814 1250 2995 1462 Si: Ja - vor anderthalb Jahren! Das ist es ja
960 1419 3027 1625 eben. Seitdem bin ich eben über euch hinaus¬
966 1636 1448 1785 gewachsen.
1012 1752 1245 1910 G.C.H.F.P.
