3528 4104
2754 434 2890 593 11
857 604 3060 752 2. Kajetan rasch herein mit einer Aktentasche
854 749 3080 916 Er bringt eine Notiz: sein Drama hat einen unge-
859 899 2703 1069 heuren Erfolg in Bombay.
857 1061 3131 1248 3. Silberstein kommt herein, bringt eine Kritik.
854 1228 2981 1381 Er war früher intim mit Markus jr. Höhnische
857 1393 2981 1515 Bemerkungen über die Schaffenden, Verbittert.
857 1517 3072 1696 4. Von Werburg. Elegant, etwas vergigerlt. Ist
2139 1673 2607 1807 (Seitlicher.)
868 1696 2005 1849 der Markus schon zurück?
2198 1758 2567 1897 Kirpersfalt
961 1841 1997 2014 Selten sieht man sich.
984 2000 2371 2150 :Sie waren früher sehr intim.
865 2158 3117 2317 Silberstein: Ich höre ja, du wirst jetzt bei uns
868 2323 2992 2479 der Burgtheaterkritiker werden. Du hast jetzt
868 2419 3083 2626 grosse Chancen. Erstens bist du Baron, zweitens
871 2609 2924 2771 bist du Christ, drittens bist du Antisemit -
871 2788 2754 2913 darauf fliegen diese liberalen Saujuden.
857 2947 3057 3114 5. Frau Silberstein kommt. Hübsche junge Frau.
956 3100 2564 3239 Was willst du? Giebt es was Neues?
865 3233 2865 3386 Sie: Nein, ich hab' dich nur sehen wollen.
865 3364 3035 3554 Silberst: Ja, solche Stückerln führt sie jetzt
868 3568 2930 3721 auf, damit ich glauben soll, sie liebt mich.
