3576 4104
2950 216 3059 472 2
824 543 2347 717 Der Streik im Revier bricht aus.
824 697 2926 844 Forderungen der Stretkenden werden nicht er-
841 871 1137 992 füllt.
821 960 2961 1140 Das Blatt tritt gegen die Forderungen auf. an¬
847 1184 1568 1311 fangs massvoll.
821 1293 2164 1464 Dies vor Beginn des Stückes.
818 1459 2950 1603 Die Situation spitzt sich dadurch zu, dass der
841 1615 2905 1760 frühere Abgeordnete des Bezirkes. stirbt oder
833 1766 3062 1904 zurücktritt und gegen den kandidierenden Sozial
839 1898 3059 2093 demokraten der junge Graf Niederhof aufgestellt
827 2096 1087 2214 wird.
827 2217 3035 2427 Ungeheuere Wahlbeeinflussung der Regierung er¬
824 2415 1190 2545 wiesen.
818 2527 3026 2713 Markus will von dem sozialdemokratischen Kandi
839 2699 1801 2834 daten nichts wissen.
824 2823 3201 3012 Es wird gar nicht geschrieben. Jedenfalls mangeln-
833 3012 3201 3218 de Voraussicht, dass ein solcher Mensch aufgestellt
830 3171 1087 3304 wird.
821 3325 3106 3525 Den Leuten in der Redaktion wird es klar: er hat
821 3481 1470 3599 Kohlenaktien.
818 3593 2885 3785 dadurch sind seine Interessen die gleichen
