3512 4152
2791 409 2937 603 66
798 629 2179 824 Werburg, Agathe, Silberstein.
804 778 2909 964 Silberst: Na, was is denn, Agather - Robert
1038 927 1856 1124 du? Einen Moment!
801 1121 1890 1296 Werb: Grüss dich Gott.
809 1244 3109 1427 Silb: Also was is denn Agathe? Was giebt's denn?
812 1399 3046 1573 Ag: Muss's denn etwas geben, Gustav? Wir haben
1050 1590 2600 1750 uns ja seit Mittag nicht gesehen.
824 1719 3083 1879 Silb: Ah, so fangst du an! /:Zu Werb:/ Solche
1095 1850 3072 2065 Stückerln führt sie auf. Ich soll glauben,
1090 2062 2957 2199 ... na ja! Du weisst, das hab' ich nicht
1061 2185 2994 2342 gern. Warum gehst du um zehn in der Nacht
1055 2317 3129 2545 fort vom Haus? Seit wann verlasst du dich so
1067 2500 1733 2711 auf die Fanny?
824 2608 2377 2857 Ag: Also sei schon ruhig. Bitte.
835 2826 1839 3009 Silb: Ein Telegramm?
835 2986 1236 3166 Ag: Ja.
824 3117 3040 3335 Silb: Warum hast du's denn nicht gleich aufge¬
1064 3289 1379 3483 macht?
838 3426 3100 3601 Ag: Na tu' nur so! Da möcht' ich's gut kriegen.
844 3618 2974 3824 Silb: Na ja, also lass' anschau'n. "XE Komme
