3512 4200
652 670 2146 969 Kohnberger, Ruben, Voll herein.
667 809 2888 1137 Voll: Na, haben Sie gehört, die Rede von Oben-
835 940 2996 1247 dorfer? Ein Skandal! Seit 25 Jahren halten wir
838 1166 3002 1412 unentwegt fest... seit 25 Jahren ist es unsere
858 1288 2900 1560 vornehmste Aufgabe... seit 25 Jahren treten
858 1450 2990 1699 wir ein, ohne Zagen... es ist, um Ueblichkeit
870 1740 1595 1876 ten zu kriegen!
725 1775 3057 2044 Ko: Hören Sie, Sie gefallen mir! Sie wollen was
893 1928 2888 2175 reden?... Obendorfer hat nur auf das Blatt
905 2091 2798 2334 toastiert, aber Sie auf den Herausgeber.
774 2332 1656 2517 Voll: Allerdings.
774 2358 3033 2642 Ko! Auf seine Ueberzeugungstreue, auf seins Gü-
951 2651 1250 2813 te...:
815 2674 3106 2972 Voll: Was? und Sie haben wirklich nicht bemerkt,
963 2877 2886 3100 dass es nichts war als blutige Ironie?...
972 2929 3060 3265 schneidende Satire?... jedes Wort ein DolchI.
986 3277 1276 3396 stihh?
844 3257 2990 3576 Ko: Ich habe schon blutigere Dolche gesehen.
876 3460 3167 3753 Voll: Und Ihr Bänkel? So ist ja unser Herausgebe
1015 3625 2668 3874 überhaupt noch nie gefeiert worden!
