3464 4168
2778 406 2922 625 94
982 593 2352 746 einem Teil von ihr - Unrecht.
838 697 3100 936 Rich: Ich glaube nicht. - Ich wollte wahrhaftig
993 875 3020 1045 nicht in der Stunde unseres Wiedersehens in
987 1045 3089 1235 eine so ernsthafte Diskussion eintreten, aber
962 1169 3106 1379 d a wir schon einmal daran sind, lass' es mich
320 1223 890 1494 hils knent
996 1396 3109 1497 aussprechen, Vater: ich bin jetzt da. Ich bin
265 1445 774 1655 die keve
987 1477 3123 1719 jung und traue mir alles Mögliche zu. Ich ver-
291 1589 843 1834 einselsen.
993 1713 3014 1802 stehe ja sehr gut, dass du heute nicht mehr
993 1825 3095 1963 die Verantwortung übernehmen möchtest für je-
996 1955 3054 2191 des freie und frate und freche Wort, das ge-
996 2156 2956 2332 sagt werden sollte. Ich will’s übernehmen!
846 2303 3077 2433 Mark: Das freche Wort ist nicht immer das rich¬
999 2490 3132 2640 tige und das freie Wort nicht immer das klüge¬
993 2651 3112 2813 re. Warte ab, Richard. Nur wenig Tage, bis du
947 2769 3103 2977 einen wahren Einblick in die Zustände bekommen
990 2959 2623 3054 hast,- dann wollen wir wetterreden.
846 3089 3161 3279 Rich: Glaubst du, dass sich im Lauf der nächsten
987 3213 2222 3411 Tage etwas verändern wird?
843 3365 3098 3515 Mark: Nein. Aber ich habe den Eindruck, dass du
993 3575 3014 3688 mit zu radikalen Anschauungen zurückgekehrt
999 3734 3135 3883 bist. Vergiss doch nicht, dass wir ein bürger-
