3576 4104
667 573 3172 841 Marcus zu seinem Sohn:Mein Lieber, ich kann mir nicht
673 739 3119 1016 helfen - mir sind die Leute wirklich sehr gleichgil-
676 904 3104 1175 tig. Du bist mein Alles. Es war mein Traum, dass du
686 1091 2505 1284 der Heirat des nächsten Kaisers wirst.
686 1250 3160 1480 Marcus zu seinem Sohn: Es ist doch ganz egal, was in
698 1415 1764 1624 unserer Zeitung steht.
689 1561 3132 1739 Marcus: Meine Ueberzeugung verkauft...? Das könnten
754 1708 2206 1948 Sie sagen, wenn ich eine hätt!
