3448 4168
2745 398 2859 593 77
916 626 2981 775 wurde ja in der letzten Zeit unglaublich an-
932 832 2913 970 gegriffen - in der rüdesten Weise. Und wie
921 976 2959 1108 mir vorkommt, zum Teil nicht ohne Berechtig
932 1168 1138 1290 ung.
791 1220 1566 1431 St: Findest du?
791 1434 2967 1634 Rich: Ja, ihr seid ein wenig zahm geworden in
938 1607 1751 1734 der letzten Zeit.
810 1718 2870 1943 Si : Wir? - Von mir aus wären wir wahrhaftig
940 1924 1482 2054 nicht zahm!
1257 1986 1520 2111 sa ten
794 2054 2938 2173 Rich: Mein Vater hat immer eine gewisse Neig¬
940 2144 2921 2401 ung zu übergrosser Objektivität gehabt. (Er
962 2390 2886 2507 ist zu gut - zu gütig, könnte man beinahe
566 2244 848 2504 den:
401 2485 921 2642 Fivert der nicht
957 2520 2976 2661 sagen; darum wird er jetzt von allen Seiten
518 2610 718 2745 or
967 2696 1537 2867 angegriffen.
813 2778 2984 3003 Si: Wie? hast du denn dieantisemitischen und
962 2978 2699 3141 die sozialistischen Journale gelesen?
818 3100 2908 3271 Rich: Die seh' ich erst wieder, seit ich in
946 3295 3008 3455 Europa bin. Aber mein Vater hat mir ja gele-
965 3439 2976 3640 gentlich darüber geschrieben. Nun, das soll
962 3596 1634 3824 anders werden!
