3480 4216
749 601 1926 818 Silberstein kommt heraus.
746 786 3014 969 Si: Na, warum reden Sie nicht weiter? Haben Sie
894 949 2304 1129 vielleicht von mir gesprochen?
743 1024 1465 1282 Moll:Von Ihnen?
728 1248 2283 1451 Ko: Ihre Frau sieht reizend aus.
740 1398 1471 1532 Si: Ich weiss.
728 1680 3052 1889 Kajetan: ikommt: Grossartig, Kohnberger! - Und
876 1842 3038 2063 wie der Girardi jede Pointe gebracht hat! Kei!
870 2034 3058 2167 ne ist unter den Tisch gefallen. Ich werd' ihm
879 2121 2980 2356 auch die Hauptrolle in meiner Operette geben.
734 2301 2298 2521 Ko: Sie schreiben eine Operette?
734 2469 2997 2675 Ka: Eine?... Ich arbeit' an drei zugleich. Eine
873 2617 2988 2843 für Lehar, eine fürHeuberger, eins ffür Mili-
873 2776 1233 2907 löcker.
737 2933 2321 3090 Rub: Millöcker is doch schon tot
722 3052 3052 3287 Ko: Für Kajetan wird er schon schreiben. Bei dem
870 3206 2240 3368 Einfluss von unserm Blatt...
722 3354 3020 3545 Ka: Hahaha! - Wunderhübsch sieht deine Frau aus,
873 3511 2803 3696 Silberstein. Sie macht Senation geradezu.
737 3696 2016 3911 Si: Hab' ich dich gefragt?
