3608 4152
915 523 3001 709 Ich glaube nicht an das,nicht an Jenes. Wie
921 693 1769 862 ein guter Fechter.
973 818 3132 1049 Reden auf das eintr채chtige Zusammenwirken der
901 979 1446 1165 Mitglieder.
934 1126 2517 1304 - Die junge Frau des Verbitterten.
937 1288 1769 1460 - Rede des Grafen.
951 1441 2798 1616 Das Blatt muss gef채hrdet gewesen sein.
940 1596 3126 1769 - Die Rede des Verbitterten: Ich trinke auf die
898 1791 2995 1972 L체ge. Der Verbitterte muss was in Aussicht
887 1936 1215 2072 haben:
943 2044 2984 2228 - Der Sohn: So leicht kommen Sie nicht fort.
904 2253 1863 2400 Sie sind ein Schuft!
965 2395 3051 2556 Der Verbitterte hat vielleicht einmal gegen
907 2578 3137 2709 seine Ueberzeugung etwas geschrieben, was einem
898 2709 3129 2856 Andern das Leben gekostet hat, und daran leidet
901 2876 1304 3004 er noch.
915 3162 2233 3338 III.Akt. - In der Redaktion.
898 3329 3098 3465 Der Graf hat eine Rede gehalten. Vollkommen re-
901 3477 3090 3649 aktion채r. Aufsehenerregend. Ausnahmsgesetze ge-
901 3643 3070 3852 gen streikende Kohlenarbeiter. Er hat gerufen:
