3320 3960
2735 256 2834 366 6
748 407 2960 599 Markus: Meine Herren, Sie haben gestern gehört,
995 552 3040 731 was Ihr Kollege Silberstein über unser Blatt
987 701 3043 874 geäussert hat. Was mich anbetrifft, so halte
984 863 2980 1056 ich es für lächerlich, weiter darauf einzu-
990 1006 2927 1209 gehen oder mich zu verteidigen. Natürlich
998 1157 2938 1330 steht es Jedem von Ihnen frei,- Jedem, der
990 1314 2933 1479 die Ansichten des Herrn Silberstein teilt,
995 1454 2938 1625 das Blatt sofort ohne Kündigung zu verlas-
998 1594 2993 1806 sen. Ich habe nur zu bemerken: es ist nicht
995 1781 3040 1908 die Pflicht des Generals, seine Truppen über
995 1930 2892 2062 seine geheimen Absichten zu unterrichten,
998 2108 2908 2221 sondern nur, sie zum Siege zu führen. Ich
981 2237 2944 2364 zweifle nicht, dass Sie mit manchen meiner
998 2408 2991 2526 Operationen nicht einverstanden sind,- aber
987 2540 2966 2686 dass Sie sich geschlagen fühlen, halte ich
981 2713 2158 2856 nicht für wahrscheinlich.
