3283 4152
212 506 506 809 Vahrn,
712 555 1152 740 9.8.901.
712 829 1584 963 Journalistenstück.
703 972 2993 1138 Der Herausgeber, früher Börsenreporter, der sich
712 1141 2773 1321 durch glückliche Spekulationen Geld gemacht.
726 1306 2945 1398 das Blatt an sich bringt, es durch Geschicklich-
718 1467 2887 1544 keit verbreitet, aber vollkommen für seine Zwe-
718 1607 2850 1718 cke ausnützt, bis er endlich ganz verbrecheri-
715 1758 2936 1861 sche Fälschungen der öffentlichen Meinung durch
706 1872 2936 2067 führt, resp. versucht. Alle bei ihm Engagierten
712 2061 2856 2190 sind kompromittiert, leiden von seiner Gemein-
706 2238 2893 2427 heit; er ist eine Verbrechernatur, ein Sklaven¬
709 2387 1055 2487 hälter.
703 2541 2919 2664 Sein Sohn, früher den Vater bewundernd, ihn all
703 2690 1475 2813 mälig erkennend.
700 2833 2916 2970 Das Blatt ist scheinbar liberal, dient aber nur
700 2999 2993 3130 dem Kapital, und der Herausgeber unterhandelt mit
755 3173 2796 3302 der Regierung, der diese Art von Opposition
709 3328 2864 3511 eben recht ist :wenn sogar das oppositionelle
703 3473 1169 3596 Blatt....:
692 3493 2890 3742 Es begiebt sich nun ein charakteristischer Ein-
