3464 4168
2770 401 2908 561 35
1114 558 3087 780 schliesslich doch schreiben, was Ihnen der
1377 745 1718 859 suiter.
1103 734 3000 930 Herr Markus anschafft, also wozu das Ge-
1672 886 1854 995 Mit
1127 883 2772 1114 seres? /:Nimmt Korrekturbogen ab:/
946 1228 2973 1420 Voll: Jetzt geht er!... Bitte, jetzt aeht
1138 1377 3016 1577 er! Ich konstatiere, dass er sich meiner
1138 1520 2927 1710 Antwort durch die Flucht entzogen hat.
1228 1664 3062 1911 Aber wir wollen sehn, wer Recht behält.
1146 1856 3054 2043 Ich schreib' einen Artikel - ich diktier
1168 2011 3114 2182 ihn in die Maschin' - wir werden ihn brin-
1168 2173 3098 2341 gen... Markus wird ihn bringen! Ich werde
1171 2333 2984 2472 sagen: In Dux haben sich die Hungrigen
1179 2453 3111 2637 endlich gegen die Satten empört, aber die
1165 2588 3062 2824 Regierung nimmt wie immer die Partei der
1184 2794 3111 2951 Satten. Den Satten schickt sie Regimenter
1195 2930 3119 3111 zu Hilfe, die Hungrigen lässt sie nieder-
1187 3125 1729 3290 knallen....
1000 3279 2428 3450 Ko: Aber das stimmt ja nicht.
1019 3439 3195 3607 Voll: Geduld, Gedulde Es kommt auch noch dazu.
1290 3558 3073 3791 Waren Sie einmal in einer Kohlengrube,
