3592 4104
700 499 2976 709 test was Grosses tun.Eingestehen.Lass es mich be¬
703 742 1059 905 sorgen.
691 831 2864 1027 Markus: Ueberzeugung? Hast Du eine? Ich nicht.
694 1021 3074 1214 Ich begreif nicht wie man eine haben kann. Ich mein
709 1178 2576 1365 es ist selten Krankheit oder Einbildung.
703 1573 3062 1686 Vielleicht würde ich die Kohlengruben sperren,wenn
694 1763 2935 1905 Wärme auf andere Weise zu erzeugen wäre.Aber wa-
697 1872 2953 2080 rum soll ich nicht verdienen statt eines Andern?
