3464 4216
2810 519 2935 665 11
820 665 1979 853 Frau Markus und Richard.
817 850 2940 1010 Frau M: Guten Tag, lieber Doktor Voll. Ich
942 969 3073 1170 muss Ihnen noch sehr danken... Vahrhaftig, es
958 1146 2970 1328 tut einem wohl!... Ja, so ein Abend wie der
939 1281 3098 1477 heutige entschädigt einen für mancherlei, bei-
956 1453 3071 1681 nah daftir, dass man seinen Mann 25 Jahre lang
945 1586 1941 1789 gar nicht gehabt hat.
828 1719 2929 1955 Voll: O gnädige Frau, es war mir... :Zu Ko:
931 1903 1659 2093 Es ist rührend!
801 2063 2970 2259 Frau M: Nun lieber Dr. Silberstein, jetzt wird
939 2207 3122 2386 man Sie hoffentlich wieder öfter bei uns sehen
950 2340 3109 2544 da Richard wieder da is t... Nun, ich rede, als
945 2495 3049 2658 wären die viereinhalb Jahre vier Wochen gewe-
942 2710 1148 2837 sen.
798 2799 1425 3011 Rich: Wama —
814 2965 2957 3163 Frau M: Ach Gott, es war mich doch, als wär’s
948 3117 2935 3299 eine Ewigkeit. Aber jetzt, da er wieder da
945 3342 2959 3459 ist, ist alles wieder gut. - Nicht wahr, er
931 3456 2319 3622 hat sich gar nicht verändert?
804 3600 2389 3815 We: Ki###' die Hand, gnädige Frau.
