3608 4168
2638 385 3125 588 Juli 1903
930 666 3096 878 Unser Prinzip: Wir loben nur die, die vor uns,
953 802 3061 1011 oder die, vor denen wir auf dem Bauch liegen,
1031 1132 3264 1315 Kommen Sie mir nicht immer mit lepstein! lein
976 1248 3203 1466 ist tot. Der Leichnam, den sie heut gefunden ha¬
970 1474 2291 1654 ben, ist lebendig gegen ihn.
1005 1758 3336 2024 Heut können Sie gerecht sein: mit dem bin ich bös
1034 2132 3113 2320 Ganz Oesterreich jubelt. Die Erzherzogin hat
1037 2297 2499 2511 sich mit dem Grafen X. verlobt.
1046 2410 3128 2627 Schreiben Sie nicht "jubelt", das könnt' uns
1048 2566 3290 2783 bei den Demokraten schaden; schreiben Sie "hoch
1063 2815 1523 2966 entzückt."
