3256 3944
2655 218 2790 450 15
625 439 1414 677 Markus, Richard.
622 614 2931 812 Mark: Nun, siehst du? Warum soll ich besser sein
875 783 2862 963 als die andern? Ich mach' keine Phrasen....
880 923 1915 1118 ausser im Leitartikel
958 1038 2701 1265 Einmal bist du mir anders erschienen.
639 1147 900 1331 Rich:
645 1224 2833 1462 Mark: Auch das gehört zur Erziehung. Mit zwan-
883 1394 2922 1563 zig Jahren warst du nicht reif, mich zu ver-
900 1557 1244 1755 stehen.
665 1732 2621 1887 Rich: Ich verstehe dich heute auch nicht.
972 1855 2956 2062 Vergiss nicht: du bist der Sohn eines KXXX
662 1898 926 2059 Mark:
860 2007 2827 2222 grossen Zeitungsherausgebers, ich der Sohn
918 2214 2403 2326 eines Fallhändlers aus Szegedin.
1256 2271 2039 2469 (sigleißo wert et Stich.)
906 2400 2621 2647 „lieben dohn. die Heft's Recht, groß zu sein
