3432 4216
2682 349 2819 546 33
707 563 2921 838 Si: Lassen wir es doch. Wir würden uns ja doch
850 767 1855 972 nicht mehr verstehen.
730 960 1364 1139 Rich: Warum?
955 1014 2949 1304 Weil wir verschiedene Sprachen reden. Weil
742 1122 901 1315 Si:
901 1168 2941 1429 wir - ja, damit ich dir's nur einmal sage! -
895 1341 2963 1588 wir gehören einfach nicht mehr zusammen. Ich
918 1475 3029 1722 weiss überhaupt nicht, ob ich noch mit irgend
923 1637 3097 1892 jemandem zusammengehöre. Ich fühle es deutlich,
929 1816 2696 2057 wie ich über alle hinausgewachsen bin.
798 1978 1975 2213 Rich: Wie meinst du das?
1026 2097 2966 2361 Es ist ja auch nicht anders möglich. Ihr
801 2208 963 2381 se:
1011 2270 3037 2506 beide habt es eben euer Lebenlang zu gut ge-
1011 2407 3037 2676 habt. Das ist es. Ihr sitzt in eurer warmen
966 2551 2890 2844 Ecke, ich stehe im Leben, bin seit meiner
983 2699 3034 3009 Kindheit im Leben gestanden. Ihr steht nicht
1011 2867 3043 3094 im Leben. Und darum könnt ihr mich nicht be-
1011 2980 3097 3307 greifen, darum steht ihr überhaupt allen ern-
1017 3159 3071 3449 sten Fragen teilnahmslos gegenüber. Kurz und
1080 3353 2713 3620 gut, ihr wisst nichts von der Welt.
898 3463 3182 3725 Rich: Das wird dir doch schwer sein zu beweisen.
915 3603 3083 3870 Si: Du denkst, weil du vier Jahre in der Welt
