3448 4232
2742 495 2864 692 32.
803 666 2959 969 cht Tage vorher einen Andern niedergeschossen.
800 832 2962 1078 Also ich verbiete mir derartige Insinuationen.
1186 966 2015 1098 Wercin hent deidirt
669 995 2970 1252 Rich: Wie, du hast dich mit Karatony geschlagen?
678 1129 2890 1427 Si: Ich wurde damals von euerm Blatt nach Pest
826 1318 3019 1569 geschickt, während der stürmischen Obstruktions
832 1467 2844 1724 zeit. Meiner Gewohnheit nach hab' ich wahr-
832 1572 3019 1855 heitsgemäss berichtet und sonderbarerweise ist
849 1795 3005 2033 sogar der wahrheitsgetreue Bericht erschienen,
866 1930 2879 2181 und da hat sich Herr Karatony beleidigt ge-
812 2064 3030 2344 fühlt. - Ja, so ist es, sein Gut und Blut setzt
872 2258 2510 2487 man ein für das Blatt, und dann....
746 2459 1561 2641 Rich: Was, dann?
752 2581 2261 2802 Si: Ach, reden wir nicht davon.
758 2693 2636 2970 Rich: Warum nicht? Reden wir nur davon.
752 2827 2833 3087 Si: Hier ist nicht der rechte Ort, heut ist
909 3047 2153 3270 nicht dierechte Zeit dazu.
783 3147 2939 3408 Rich: Nun gut, also nächstens.- Aber ich muss
923 3265 3005 3562 dich ernstlich bitten, um unsere Unterredung
943 3459 3005 3708 nicht zu lange hinauszuschieben. Du scheinst
943 3582 3007 3865 mancherlei auf dem Herzen zu haben gegen das
961 3802 2133 3977 Blatt und dessen Leitung.
