3464 4232
2753 234 2842 435 1.
726 497 1818 672 Richard:.:tritt herzu:
720 600 3022 835 Ma: Ich stelle Ihnen meinen Sohn vor, Herr Graf,
740 778 3007 969 Gf: Ich bin sehr erfreut, Herr Doktor. Ich habe
883 932 3042 1112 alle Ihre Artikel gelesen. Ich habe als junger
878 1066 2965 1286 Mensch beinahe die gleiche Reise gemacht wie
895 1246 2879 1469 Sie. Wahrhaftig, Manches ist wieder in mir
898 1378 3039 1589 aufgelebt. Ich habe manche Landschaften sozut-
915 1552 3062 1738 sagen besser gesehen als damals mit meinen ei-
921 1707 2976 1887 genen Augen. Was mich besonders berührt hat,
921 1844 3022 2050 war die Schilderung der sonderbaren Stimmung,
929 1975 3067 2218 die einen in der Nachtschwüle der Aequatorial-
941 2170 2344 2361 gegenden auf dem Meer befällt.
792 2296 3047 2556 Rich: Herr Graf haben wahrscheinlich alles viel
946 2487 2870 2670 reiner genossen als ich, beziehungsloser.
823 2621 3027 2867 Gf: Es ist die Frage, ob man das einen reinern
966 2764 2939 3047 Genuss nennen kann._ Jetzt bleiben Sie wol
963 3007 1238 3139 hier?
838 3110 2167 3273 Rich: Vorläufig jedenfalls.
843 3210 3096 3456 Gf: Und werden wol die Staatskarrière einschla-
981 3468 1221 3622 gen?
858 3588 2467 3754 Rich: Ich habe nicht die Absicht.
