3480 4168
2827 450 2960 648 95
889 640 2988 852 liches Blatt haben, und so müssen wir uns vor
886 790 2932 999 allem, selbst mit dem Ausblick auf alle Ver-
891 957 2966 1132 besserungsmöglichkeiten, auf die bestehenden
889 1132 1704 1333 Zustände stützen,
753 1259 3025 1469 Rich: Wir stehen ja diesmal einem höchst konkre
906 1446 2935 1613 ten Fall gegenüber. Ich rede durchaus nicht
897 1565 3054 1743 von allgemeinen und vagen Weltänderungsplänen.
886 1695 2889 1941 Es handelt sich heute darum, dass in einer
903 1913 3022 2103 Provinz Tausende Leute ein menschenunwürdtges
908 2029 3034 2241 Dasein führen, dass diese Tausende tausendmal
925 2165 3039 2377 im Recht sind, wenn sie ihr Los zu verbessern
920 2340 2940 2524 trachten, und wir sehen, dass die Regierung
920 2522 2932 2694 sich nicht auf die Seite der Unterdrückten,
937 2691 2892 2847 sondern auf Seite der Unterdrücker stellt.
923 2824 3088 2994 Warum benützt sie ihr Militär nicht lieber, um
928 2957 3014 3167 die Feudalherren oder Kohlenjuden dort oben
931 3136 2955 3337 zu zwingen, ihren Arbeitern bessern Lohn zu
942 3334 1248 3498 geben?
792 3404 2210 3651 Mark: Du redest wie ein Kind!
795 3654 1056 3798 Rich:
