3576 4104
2608 421 2742 524 16
876 532 1609 704 Jungfrau halte.
876 713 2210 893 6. Die Pläne von Markus jr.
876 842 3040 1039 7. Der Graf im Gespräch mit der Frau des Hau¬
873 1016 1091 1197 ses.
919 1154 1889 1340 - Er charmiert allen.
936 1311 2914 1517 Zu Markus: Ich verdanke Ihnen meine Wahl.
945 1511 2737 1660 Zu 0: Ich lese Ihre Sachen sehr gern.
933 1643 2462 1829 O: kriecht so viel als möglich.
902 1775 2261 1938 - Der Graf wird morgen reden.
890 1955 3149 2075 Interpellation über das Ausrjcken des Militärs
876 2135 3114 2261 und das Schiessen. Das Blatt hat sich vorläufig
887 2281 1843 2430 reserviert gehalten.
876 2384 3077 2550 8. Hugo Voll schreibt jetzt für sich die revo¬
870 2533 3172 2702 lutionären Artikel. Wenn man seinen Schreibtisch
873 2705 2453 2883 öffnete, wurde er gehenkt werden.
925 2883 2974 3026 Werburg zu Voll: Was ist eigentlich dieser
862 3011 1949 3203 Markus für ein Mensch?
965 3163 3031 3349 Voll: Ein schwerer Verbrecher, aber interes-
867 3349 1142 3492 sant.
879 3489 3008 3644 9. Silberstein und der Graf. Graf, sehr lie-
873 3633 3103 3793 benswürdig, Silberst. fühlt sich geschmeichelt.
