3464 4152
2718 296 2854 439 86
715 492 2403 715 Voll: /:beisst die Lippen zusammen:/
699 635 2903 892 Mark: Also Sie gestatten, dass ich wetterrede.
721 807 2948 1050 Voll: Ich weiss ja noch nicht, was in dem Arti
870 986 1975 1174 kel gesagt werden soll.
721 1080 2867 1378 Mark: Er soll den Sinn haben, dass vor allem
873 1257 2909 1470 Eins in diesen unterwühlten Gegenden nottut
751 1586 2881 1820 Richard: /:kommt:/ Entschuldige, dass ich so
1006 1696 3066 1914 hereinstürze, Vater. Aber es sind eben Tele¬
928 1873 2967 2133 gramme gekommen, die vielleicht für eure Un-
928 2055 2630 2287 terredung von Bedeutung sein können.
793 2227 1588 2459 Mark: Was denn?
812 2365 2978 2586 Voll: Erlauben Sie. /:Liest:/ Ein Trupp von
315 2309 580 2495 die
251 2464 622 2669 think
964 2514 2970 2718 ausständigen Arbeitern, erbittert durch die
276 2602 671 2807 on tell
970 2671 2986 2865 Verhaftung der zwei Arbetterführer, ist vor
376 2740 820 2950 rain sen
986 2771 3055 3028 das Schloss des Grafen Niederhof gezogen und
296 2903 735 3108 at den
983 2986 3042 3196 nahm eine drohende Haltung an und verlangte,
301 3036 776 3279 reversle
995 3138 3061 3332 den Grafen zu sprechen. Da der Graf es vorge¬
362 3224 818 3453 Sorgern
1003 3268 2989 3506 zogen hatte, seine Besitzung zu verlassen,
340 3334 898 3693 Gertens
1014 3390 3177 3644 konnte ihr Wunsch nicht erfüllt werden und sie
1019 3564 3066 3856 zogen unter Drohungen und Beschimpfungen da¬
