3480 4184
2909 441 3034 563 39
982 569 3165 765 Ko: Sie, Voll, wenn Einer im Käfig herumlauft
1173 737 3078 912 wie nicht g'scheit, desswegen muss er ja
1173 903 2136 1091 noch kein Löw' sein.
993 1037 3119 1241 Voll: Hab' ich gesagt, ich bin ein Löwe Ver-
1176 1195 3127 1442 höhnt wird man! (Wie man herabsinkt... wie
1176 1366 1924 1559 man herabsinkt!)
982 1535 3010 1674 Ob: Ja, es is furchtbar, wenn man bedenkt,
2588 1657 2863 1780 Stemonsin
1181 1663 3067 1842 dass Sie noch vor drei Jahren Turnlehrer
1181 1826 2425 2041 in der Leopoldstadt waren.
996 1987 1897 2174 Voll: /:wütend ab:/
1216 2131 3034 2319 Wir sollten ihn nicht frozzeln. Er ist
999 2210 1151 2335 Si:
1184 2310 3048 2474 verbittert. bringen Sie den Mann nur in
1186 2468 3061 2634 andere Verhältnisse; darauf kommt es an.
1184 2637 3140 2814 Unter andern Umständen hätte der Mann ein
1186 2808 2180 2961 Danton werden können.
1219 2955 2784 3124 Ich sag's ja: ein Menschenkenner.
991 2969 1165 3148 Ko:
993 3121 3159 3249 Si: Die Macht der Verhältnisse wird nicht ge¬
1189 3276 3143 3412 nug gewürdigt. Man kennt die Menschen nur
1184 3437 3135 3584 wenn man sie in Freiheit sieht. Geben Sie
1181 3592 3140 3742 mir eine Million - eine halbe - oder eine
1195 3736 3072 3929 Viertel... ich möcht' euch schon zeigen!
