3432 4168
2755 305 2910 571 14
844 482 3126 698 Es ist das Unerhörteste, was in dem Genre gelei-
622 540 787 698 Ob:
851 701 1628 895 stet worden ist.
2403 768 3072 952 Die habe trotzünde.
844 838 1904 1051 Nackerte Frauenzimmer?
616 870 774 997 Ru:
2558 892 3101 1082 abes ri telverle
454 952 787 1133 k. ob:
844 1003 1292 1203 Mit noch.
866 1165 3091 1327 Verstanden? Es wird keineswegs etwas über diese
593 1149 781 1355 Ma:
860 1311 1860 1476 Ausstellung gebracht.
851 1435 3088 1638 Uebrigens wahr: das kann man in dem Falle ruhig
603 1450 816 1641 Ko:
854 1612 2139 1822 den Antisemiten überlassen.
530 1752 1955 1936 Ru: Rothan ist doch ein jud.
609 1936 3158 2085 Ko: Eben. Wenn sie nicht gleich gesperrt, wird, brin-
898 2092 3006 2250 gen die Antisemiten eine Interpellation ein.
851 2257 3079 2418 Auf solche Sachen lassen wir uns nicht ein. Wir
609 2250 784 2396 Ma:
866 2409 3186 2536 sind schon genug oft hineingestiegen. Ich bin das
860 2555 3050 2685 satt. Wenn Rothan Schweinereien malen will, so
908 2701 3053 2844 ist das seine Sache, wir sind aber nicht dazu
866 2850 2237 3028 da, um ihm Reklame zu machen.
863 2996 3006 3142 Sehr richtig, Herr Chef. Das ist ein goldenes
622 3044 787 3161 Ob:
1101 3126 1266 3234 Reil
860 3183 3066 3320 Wort. Das besorgen sich die jungen Leute schon
866 3326 3120 3491 selber. - Im übrigen, weil wir grad davon reden:
873 3504 3104 3659 in meinen Spaziergängen kann ich doch beiläufig
