3480 4152
2715 445 2861 637 91
688 542 2986 837 Rich: Natürlicht Ich habe nicht die Absicht, vor
834 788 1776 988 läufig fortzureisen.
685 934 2972 1133 Mark: Ich muss dir sagen, Richard, deine Berich¬
223 1042 400 1199 is it.
842 1111 2958 1262 te haben wirklich alle meine Erwartungen über
263 1168 434 1270 Cht.
845 1245 2875 1433 troffen. Insbesondere deine Fauilletons von
848 1382 2941 1596 der russischen Grenze und das letzte über die
839 1539 2958 1744 Zukunft Japans haben das grösste Aufsehen er¬
842 1693 2981 1901 regt. Man ist vielfach auf dich aufmerksam ge¬
837 1864 2764 2067 worden. Auch an sehr maassgebenden Orten.
711 2041 2124 2227 Rich: Maassgebenden Orten — P
705 2167 2904 2347 Mark: Ja... man hört ja so von allen Seiten...
708 2333 2778 2492 Rich: Weil wir grade von meinen Feuilletons
862 2478 2778 2667 sprechen,- sage: hast du immer die letzte
839 2635 1899 2826 Durchsicht übernommen?
702 2801 2924 3003 Mark: Die erste vielmehr. Ich weiss, was diese
859 2941 2844 3123 Frage zu bedeuten hat.. Ich habe in deinem
237 3029 400 3206 aber
862 3075 3012 3289 letzten eine Stelle streichen müssen,- es ging
246 3098 517 3312 woster
865 3258 2969 3446 nicht anders. Es war mehr in deinem Interesse
862 3440 2912 3643 als in dem des Blatt. Deine Vergleiche zwi-
874 3580 2932 3780 schen gewissen Zuständen hier und im Ausland
