3512 4216
2780 409 2920 510 50
1201 543 3242 741 Ad: O, das ist ganz anders, als Sie meinen.
1389 724 3153 899 Unter uns: ich schreibe nämlich einen
1386 886 3222 1056 Roman. Aber dass Sie's Niemandem sagen!
1384 1043 3085 1234 Er wird sicher konfisziert werden...
1356 1175 3130 1363 (Ja! - Nein, wie Sie mich anschau'n..).
1353 1358 2993 1521 (Nicht wahr, Sie kennen sich in mir
1394 1475 3133 1678 nicht auss) Ich mochteinmal zusammen,
2206 1617 2511 1706 Wählen
1424 1668 3052 1846 Es wohnen so viele Seelen in Ihrer
1201 1673 1366 1792 Ko:
1384 1833 1696 1945 Brust
1432 1962 3080 2120 Ehrlich: wenn Sie so mit mir reden,
1196 1983 1366 2087 Ad:
1394 2082 3001 2257 was denken Sie eigentlich von mir?
1422 2265 3146 2437 Dass Sie ein reizendes junges Wesen
1201 2287 1366 2402 Ko:
1394 2447 3067 2582 sind. sehr interessantes Phänomen
1401 2577 2947 2747 sind, voll Geist und voll Charme.
1203 2767 3095 2914 Ad: Nun, was glauben Sie: bin ich avant
1394 2909 2399 3057 oder après la lettre?
1417 3072 2353 3204 Wie meinen Sie das?
1188 3036 1381 3191 Ko:
1201 3173 3237 3374 Ad: Nun, glauben Sie, hab' ich schon etwas
1389 3384 2303 3536 Ernstliches erlebt?
1206 3547 3222 3755 Ko: Das weiss ich nicht; aber jedenfalls,
