3560 4072
397 216 799 465 Juin Slag
1040 479 3093 624 verbilnden, in dem dte Menschenrechte mit Fils-
1051 654 2267 835 sen getreten werden u.s.w.
1038 788 3104 964 Grosse Auseinandersetzung zuischen Vater und
1038 961 1303 1095 soin.
1032 1057 3113 1248 Markus muss zugestehen, dass er alles musste.
1038 1278 2946 1415 Richard: Dann muss ich ja Silberstein um
1040 1399 2097 1585 Entschuldigung bitten.
1043 1538 3247 1714 Markus entwickelt seinen Plan und seine Gründe.
1054 1708 3074 1864 Warum hab ich alles das getan. Für Dich. Auf
1059 1856 2365 2026 das Wesentliche kommt es an.
1057 2012 2209 2176 Was hast Du mit mir vor?
1043 2187 3069 2308 Deine Reiseberichte haben Aufsehen gemacht.
1051 2335 3176 2475 Der Erzherzog ist auf Dich aufmerksam.Er wird
1076 2483 3203 2647 eine Weltreise unternehmen,es sind Verhandlun-
1059 2612 3126 2779 gen im Gang, dass Du als schriftstellerischer
1059 2792 2839 2954 Betrat mit ihn gehst. (Niederhof etc.)
1051 2926 3041 3077 Du gelangst dann in die Nähe des Throns.Du
1062 3107 3173 3225 virst vielleicht leisten können,was ich nicht
1062 3211 3189 3392 leisten konnte. Du bist der Sohn eines grossen
1059 3362 3099 3561 Zeitungsherausgebers, ich bin der Sohn eines
