3336 3992
2772 335 2860 516 2
899 479 2710 648 für die zu bedeuten, die sie anstreben.
758 611 2984 840 Mark: Du irrst. Es existiert eben so viel Frei-
896 806 3023 964 heit, als der moderne Staat ertragen kann, oh-
890 941 3063 1147 ne sich selbst zu sprengen. Mehr wäre von übel.
1905 1071 2085 1178 not
758 1133 2874 1288 Rich: Die Ansichten, die in unserm Blatt zum
902 1276 2367 1445 Ausdruck kommen, lauten anders,
775 1426 3037 1581 Mark: Selbstverständlich. Ich kann nicht schrei-
916 1572 2874 1716 ben: bis hierher und nicht weiter! Da wäre
935 1693 3085 1882 politisch unklug; und Journalismus ist Politik.
913 1899 3006 2043 Man verhilft einer Ueberzeugung manchmal bes-
924 2040 3026 2195 ser zum Siege, indem man sie verschweigt - ja
935 2186 3057 2386 verleugnet, als indem man sie laut ausspricht.
927 2361 2987 2510 Meine persönliche Ueberzeugung ist, dass man
933 2496 2984 2654 den untern Klassen nicht mehr entgegenkommen
921 2632 2941 2792 kann, als es bisher geschehen ist, dass der
938 2775 3116 2950 echte Sieg der Sozialdemokratie gleichbedeutend
947 2972 3111 3127 wäre mit dem Beginn der Revolution,- vielleicht
947 3108 3085 3285 gegen den Willen der Führer. Wenn ich das heu-
941 3265 2970 3406 te in meinem Blatt ausspreche, so würde man
938 3429 2961 3589 mich einen Reaktionär nennen. So bleibt mir
947 3553 3122 3730 also vorläufig nichts übrig, als für die Leute,
