3608 4168
2929 419 3023 527 7
1028 521 3117 706 I.Akt. - Sohn ist noch auf Reisen, hat inter¬
1031 721 3057 840 essante Artikel geschrieben über Japan etc.
1080 857 3305 1057 Der Vater wird von dem U. dazu veranlasst, den
1026 1014 2778 1171 Kandidaten Grafen X. zu unterstützen.
1020 1185 3313 1330 Aber es ist schon ein Artikel für N. geschrieben.
1031 1325 2914 1507 Wird weggeworfen. Streiks in Nordböhmen.
1088 1473 3285 1618 Es soll laviert werden. Der Geknebelte mit der
1031 1641 3265 1795 grossen Wut auf den Herausgeber. Allgemeine Ver-
1034 1826 2458 1977 achtung gegen diesen Menschen.
1026 1966 2968 2134 Der Theaterkritiker, der umgestimmt wird.
1120 2097 3005 2279 Obendorfer, der Wiener Skizzen schreibt
1111 2279 2552 2436 Adele Loser, Frauenrechtlerin.
1122 2419 2139 2581 Rückkunft des Sohnes,
1102 2552 3125 2695 Der junge Mensch, der geheiratet hat, muss
1040 2752 3208 2917 gegen seine Ueberzeugung schreiben. War früher
1026 2900 1570 3045 Hauslehrer
1043 3148 3245 3327 II.Akt. - Soirée zu Ehren eines gefeierten Kri-
1054 3384 3134 3515 tikers. Auch dieser Graf geladen. Er spricht
1054 3467 3162 3681 sich zu Einem aus: Mir macht das Ganze Spass,
