3400 4232
895 498 1576 669 Werburg hinzu.
880 631 3087 805 Si: Du hast ja nette Freunde. Dieser Graf Nie-
1025 750 1379 950 derhof.
892 912 2100 1141 We: Ein amusanter Mensch.
880 1063 3038 1341 Rich: :ist dazu gekommen: Ein interessanter
1011 1225 1295 1399 Kerl.
880 1382 3058 1625 Ob: zu si: Der hat Sie ordentlich niederge-
1011 1532 1367 1709 begelt.
863 1683 3073 1900 Si: Mich!! niedergebegelt? dieser Hanswurst? -
1017 1854 2534 2077 Nun, ist er etwa kein Hanswurst?
869 1978 3128 2227 We: Vielleicht wäre ich deiner Meinung, wenn du
1019 2161 2656 2352 sie ihm ins Gesicht gesagt hättest.
863 2291 3189 2476 Si: Ach so?! Was willst du damit sagen? Das fehlt
996 2456 3056 2633 mir gerade noch! Mangelt es mir etwa an Mut?
863 2638 2598 2844 Rich: Aber reg' dich doch nicht auf.
860 2792 3082 3001 Si: Nein, das tu' ich nicht; meinen Mut brauch'
1002 2914 2262 3157 ich nicht mehr zu beweisen.
857 3067 2317 3299 Ob: Aha! das ungarische Duell!
854 3221 3056 3476 Si: Sie sind auch noch keinem Ungarn mit einer
993 3403 3119 3632 Pistole gegenübergestanden. Und der Herr Kara¬
996 3591 2966 3803 tony hat, wie Ihnen sehr wohl bekannt ist,
967 3820 1425 3982 Blatt und
