3528 4200
2586 444 2726 599 52
1007 609 3024 801 Werburg: /:tritt ein:/ Adele, Kohnberger. -
1007 755 2966 936 Werburg: ƒ:im Sm Emaking;jung, schlank, ele¬
1211 923 2168 1112 gant:/ Guten Abend.
1017 1076 3068 1237 Ko: Oh, Herr von Werburg – Was verschafft
1224 1229 2953 1402 uns denn die Ehre? - Vor allem meine
1227 1390 2377 1568 herzlichste Gratulation.
1250 1535 2999 1711 /:zu Kohnberger:/ Bitte, stellen Sie
1051 1576 1219 1708 Ad:
1237 1739 1915 1874 mich doch vor.
1053 1823 2958 2066 Ko: Herr von Werburg, unser vaterländi-
1257 2027 2996 2165 schor Dichter - Fräulein Adele Loser,
1262 2170 2532 2359 Vorkämpferin.
1081 2326 2958 2517 Ad: Ah, ich bin so glücklich, Herr von
1275 2453 3080 2655 Werburg, Sie kennen zu lernen. Ich war
1270 2652 2986 2848 bet Ihrer Première - es war ja herr¬
1278 2848 1550 2984 lich!
1091 2894 3106 3139 Werb: Ja, es ist nicht schlecht ausgefal¬
1290 3175 1507 3310 len.
1114 3244 2774 3455 Ko: Das Bankett ist schon zu Ende?
1117 3414 2642 3624 Werb: Was denn für ein Bankett?
1117 3590 3086 3731 Ko: Nun, das Festbankett...? Kajetan war
1329 3733 2547 3935 eben da und hat erzählt...
