3496 4152
2614 211 2728 373 G.C.P.
2783 395 2933 658 72
1029 624 1525 823 sie jetzt?
912 799 2134 989 Ag: Vier und ein halbes.
576 928 722 1096 7.
885 909 2933 1133 Rich: Ja. Ein halbes Jahr war sie, wie ich
1026 1108 1751 1273 weggereist bin.
888 1255 2676 1448 Werb: Vier ganze Jahre warst du fort.
876 1436 3061 1595 Rich: Ja. Das ist eine Zeit.- Na, und du bist
643 1570 3098 1757 berühmt geworden; aber man sieht's dir nicht
1029 1705 3046 1886 an. /:Zu Si:/ Und du - du bist dicker ge¬
1029 1880 2532 2060 worden; dir sieht man's aber an.
894 1999 3034 2195 Si: Also bitte: das Erste, was er entdeckt...
1029 2177 2985 2339 und die grauen Haare - wie? - und die Fal¬
1032 2379 1892 2535 ten auf der Stim?
885 2516 3061 2691 Rich: Na, nicht bös sein. /:Zu We:/ Du hast
1022 2657 3003 2832 ja Première gehabt. Gut ausgefallen - wie?
1026 2804 3006 2960 Weisst du, wo ich dein Stück gelesen hab'?
1022 2948 2893 3135 Auf der Fahrt von. mit said mit Bar¬
1004 3110 3046 3315 (auf dem Verdeck, unter einem glühenden Him¬
1019 3248 2951 3435 mel. Na, ich hab' dir ja schon drüber ge¬
1035 3432 1543 3631 schrieben.
885 3557 2351 3778 We: Ja. Hat mich sehr gefreut.
