3560 4120
707 562 2939 699 Jedenfalls zu vermeiden, dass Markus als Schuldi¬
716 699 2962 879 ger dasteht,von seinem Sohn verachtet. Er wollte
722 887 2864 1028 ihm vielleicht sogar sagen: So bin ich,nur ist
713 1016 2263 1182 es durch die Ereignisse verfrüht.
716 1179 2785 1373 Glaubst Du die Andern sind besser? Bedauerns-
707 1359 1199 1513 werter ja.
705 1457 2297 1662 Alles was Partei ist ist unsinnig.
707 1640 2931 1808 Aber da Du doch für die Regierung Pattet nimmst¬
722 1783 2336 1957 Verachtung der Andern durch Markus.
713 1934 2471 2114 Sie machen's uns nach nur ohne Talent.
727 2066 2914 2224 Die Sezialisten. Der Mensch hört beim Baron für
724 2274 1101 2398 sie auf.
716 2378 2243 2527 Talent kommt vor, Charakter nicht.
730 2504 2875 2743 detne Ueberzeugung verkauf? Was man nicht hat
705 2706 2106 2858 kann man doch nicht verkaufen.
702 2838 2389 3010 Und ob Ueberzeugung sowas Hohes ist.
696 3032 2743 3136 Worte wie Dieberei, Bestechung, gelten nur in
688 3170 2204 3349 Kleinigkeiten, geradeso wie Mord.
691 3288 2948 3453 Es handel t sich ja nicht um das Sagen, nur um des
707 3476 1042 3627 Wirken.
