3560 4104
2820 449 2958 653 78
855 587 2898 797 der auf das Volk schiessen lassen will. Bis
857 774 3073 952 wann ich bei diesem Blatte war? - Bis vor einer
843 932 1200 1099 Stunde.
834 1062 3148 1312 Der Sohn stürzt auf ihn zu: Hinaus! Lump! Lägner!
855 1289 2981 1401 Silberst: Ah, so einfach ist das nicht! Sie
829 1381 2587 1588 haben kein Recht, mich zu beleidigen.
837 1571 1931 1698 O: Gott über der Welt!
820 1695 2972 1888 Silberst: nicht ohne Stolz, dass er jetzt ein
817 1859 3105 2029 Duell haben wird; insbesondere wegen seiner Frau
817 2023 3007 2198 Sieht sich schon verwundet nach Hause getragen
823 2181 2466 2362 etc. Ueberlegt seine letzten Worte.
