3432 4232
2825 287 2963 585 34
872 591 3075 861 herumgefahren bist? Luxuszug und erste Kajüte.
1002 740 3087 982 Das macht nicht reif, das mach nicht gross.
363 872 872 1083 m Vardive
912 926 2938 1120 Kämpfen macht gross; sich selbst sein Leben
340 1016 768 1182 rain. I
920 1016 2994 1311 aufbauen, macht reif); einsam sein, das macht
324 1103 796 1275 soe-tribre.
923 1308 1241 1460 gross.
793 1325 3056 1632 We: Aber keinen Erfolg haben, heisst noch nicht
945 1573 1528 1775 einsam sein.
822 1660 3059 1947 Si: Ja, wenn ich wäre wie Andere, hätt' ich Er-
951 1778 3053 2032 folge. Wann ich Kompromisse machte, wenn ich
968 1984 2994 2178 mich ducken würde... aber ich pfeif' drauf.
985 2124 3129 2361 Ich ducke mich nicht! Ich werde den Leuten im-
990 2274 2651 2510 mer die Wahrheit ins Gesicht sagen.
867 2499 2364 2667 Ob: Reden S' doch kein' Unsinn.
867 2600 3132 2822 Si: Hören Sie, das ist frecht Janol, frech! Das
1019 2727 3140 2999 hat mir noch Niemand gesagt.- Fragen Sie doch
1078 2932 2451 3132 einmal meinen Freund Werburg.
912 3014 3143 3275 Ob: Na ja, in solchen Kleinigkeiten. Siewissen
1058 3151 3163 3419 sehr gut, dem Baron ist das ganz wurscht, was
1080 3337 3196 3607 Sie über ihn schreiben. Und ausserdem er ent-
1089 3585 1860 3773 lasst Sie nicht.
