3576 4104
2663 373 2803 521 13
907 534 2844 699 Ueber die Verhältnisse bei dem Blatt. O.
852 732 2008 863 schimpft über die Juden.
915 822 3028 978 Der Sektionschef: Mein Lieber, wem sagen Sie
855 1030 2107 1137 das? Ich bin ja auch Juda
852 1211 2236 1329 9. Der Sektionschef, Markus
880 1343 3017 1447 - Komplimente über die Feuilletons des Sohnes,
866 1493 3033 1625 der heute noch erwartet wird. Der Sektionschef
896 1581 2965 1839 - Der Sektionschef :Fiala: vom Minister ge-
866 1808 1976 1932 sant: Also was tun Sie?
943 1965 1548 2085 Ich laviere
945 2069 3088 2255 Lavieren Sie nicht, seien Sie für den Grafen.
893 2239 2014 2381 - Unmöglich! Klerikaler.
926 2419 3047 2529 - Nein, Sie verwechseln ihn mit seinem.Cousin.
967 2515 3156 2696 Sein Cousin ist doch der, der die Kohlengruben
863 2754 1093 2866 hat?
943 2852 3113 3019 Ja, Aber der Graf ist etwas ganz Anderes. Man
874 3041 3077 3165 kennt ihn noch garnicht. Er wirdzu dem Bankett
918 3159 3083 3335 :25jähr.Jubiläum: zu Ihnen kommen. Es ist da-
882 3299 3014 3474 von die Rede, Ihnen die Baronie zu verleihen.
874 3450 2998 3639 10. Voll kommt herein. :Er war früher Jüdi-
885 3685 1729 3811 scher Turnlehrer.
