3608 4168
1034 541 3222 663 Verhältnis des Sohnes zum Vater. Bewundert des¬
1037 669 3236 864 sen Tätigkeit. Aus nichts! :Sohn Bankinstitut,
1037 884 1476 1065 elegant? :
1020 1037 3276 1162 Ein junger Mensch, der tiefen Hass gegen die Fa¬
1023 1179 3301 1321 milie hat früherer Hofmeister): jetzt Sozial¬
1031 1278 1482 1465 demokrat?
1026 1459 3250 1593 Wie es schon höher hergeht, im Dusel: Ihr Vater
1034 1644 3162 1814 ist ganz einfach ein Schuft, an die Regierung
1037 1814 1479 1933 verkauft.
1026 1972 2213 2086 Freche Lüge! - Forderung.
1043 2114 3145 2230 In diesem Akt Szene mit Mutter und Schwester.
1034 2397 1941 2533 III.Akt. Redaktion.
1026 2570 3205 2675 Das Duell hat stattgefunden. Wie soll sich das
1023 2715 3216 2885 Blatt verhalten? Rächer der Ehre. Zugleich ist
1026 2893 2851 3038 der Kandidat gewählt. Sensationsnummer.
1023 3001 1748 3185 Der Sohn kommt.
1023 3168 3208 3344 Der anständige junge Mensch, der austritt, das
1017 3335 1882 3497 macht ihn stutzig,
1014 3488 3145 3684 Der Graf kommt, sich bedanken. Gerüchte. Nun,
1037 3622 2771 3865 wir müssen seine erste Rede abwarten.
