3448 4184
2770 380 2909 550 33
1004 555 3068 802 Silberstein: /:ist unterdess gekommen:/ Ge-
1198 744 3097 946 wiss müssen wir für Geter Partei nehmen.
1020 927 2308 1100 Ob: Aber hören S' mir auf!
1028 1047 3110 1267 Voll: Bisher war als einziger Gegenkandidat
1225 1214 3217 1421 ein Deutschnationaler aufgestellt; der hat
1230 1371 3084 1559 keine Chancen gehabt. Da hätten wir uns
1232 1559 2994 1727 wetter nich echauffieren müssen. Aber
1275 1684 3206 1915 jetzt ist plötzlich ein neuer Kandidat da,
1251 1886 2255 2048 der Graf Niederhof...
1302 2024 2545 2189 Wie? der Kohlen-Niederhof?
1065 2082 1230 2202 Ko:
1304 2170 2975 2356 Ja. Der Besitzer der Gruben, wo der
1081 2239 1243 2377 Si:
1262 2330 3161 2513 Streik ausgebrochen ist. Dieser Blutsau¬
1291 2521 1498 2672 ger!
1100 2643 3235 2805 Voll: Nein, nein, nicht er selbst. Aber sein
1299 2794 3071 2970 Bruder, und das kommt auf Eins heraus.
1296 2954 3076 3145 Ein Feudaler... ein Klerikaler...  ein
1307 3121 1897 3283 Schwarzer...
1355 3209 3203 3440 Woher wissen Sie denn das? Wenn man vor
1118 3331 1283 3448 Ob:
1318 3427 3262 3581 Ihnen von einem Grafen redt, so is gleich
1315 3583 3214 3804 der Teufel los. Sei'n wir froh, dass wir
