3352 3960
2863 196 2966 436 7
908 390 3100 605 grund als eine tiefe Freude an der Niedrigkeit
804 823 2950 962 Rich: Was willst du noch? Haft du nicht alles
949 971 2631 1112 erreicht, was du erreichen konntest?
799 1150 1944 1276 Mark: Wer sagt dir das?
1129 1287 2227 1396 Du hast zehn Millionen.
812 1325 1063 1486 Rich:
1142 1420 2462 1557 Wenn ich nun hundert wollte?
807 1475 1069 1614 Mark:
1153 1578 2650 1728 Unser Blatt bedeutet eine Macht.
821 1633 1080 1761 Rich:
1129 1709 2871 1919 Wenn mich nach einer höhern gelüstete?
812 1786 1085 1889 Mark:
826 1914 1867 2037 Rich: Welcher höhern?
837 2034 2838 2227 Mark: Nach einer Macht, die sich mit einer
973 2181 2955 2383 grössern verbündet, die uns unüberwindlich
979 2394 1295 2563 macht.
851 2503 2950 2661 Rich: Du irrst. dadurch könnten wir nur ver-
984 2661 3007 2835 lieren. Dass wir daran sind, weisst du. Die
1011 2805 2876 2936 Vorsichtigkeitund Unentschiedenheit der
1009 2958 3075 3130 letzten Jahre hat uns schon um einen grossen
1001 3089 3105 3351 Teil unseres Ansehens gebracht. Jetzt ist der
1006 3263 3094 3503 Augenblick da, wo wir alles mit einem Schlage
1017 3449 2056 3610 wiedergewinnen können.
