3544 4072
465 219 906 457 Yours Ste
1038 514 3212 716 Begrüssung in der Redaktion(wie in der frühem
1033 671 1428 814 Fassung.
1027 803 2039 987 (Auch das Episodische)
1036 930 3134 1155 Fiala,der Unterhändler, metschen Blatt und Re¬
1022 1141 3001 1290 gierung, dessen Besuche in der letzten Zeit
1030 1268 2666 1455 auffallend häufig werden,beton Chef.
1022 1419 3131 1557 Gegen Schluss des Aktes kommen Telegramme aus
1017 1598 2923 1763 jenem Land, dass soeben wieder ein Dogrom
1019 1752 3042 1906 stattgefunden.Die Abreise des Fürsten steht
1022 1882 3120 2041 vielleicht sogar damit in Zusammenhang.Er hat
1019 2041 3044 2228 das Ganze wieder einmal errängtert und geht
1017 2222 3028 2360 während der Zeit der ärgsten Verwirrung ins
1003 2355 3061 2539 Ausland.Der Sohn belbst (Richard) bringt die¬
1014 2512 2939 2682 se Telegramme dem Vater, dieser aber wets t
1000 2644 3120 2863 ein Demonti vor, das die Regierung durch Fiala
992 2823 2360 2988 eben hat überschicken lassen.
981 2955 2942 3088 Es bleiben Zweifel offen,ob Markus an die
995 3115 2441 3293 Wahrheit dieses Dementi glaubt.
973 3266 3044 3423 Die ihn kennen sind vom Gegentetl überzeugt.
976 3423 2206 3572 Selbst sein Sohn schwankt.
925 3553 3093 3731 (Beziehungen Silbers te in, Richard,Werburg,Oben-
