3336 3960
779 479 2364 666 Voll. :Letzter Parlamentsbericht:
769 634 2880 787 Der Graf hat gesprochen. Wir wollen die Dinge
1006 771 3104 950 beim rechten Namen nennen. Was tut’s? Falsche
998 958 3077 1087 Humanität. Geschrei über die vier Toten. Und
1008 1100 2996 1274 der Krieg? der Hunger? die Natur? Mir sind
1006 1245 2985 1419 die Menschen gleichgiltig. Ihnen auch. Den
1008 1400 2935 1566 Herren dort drüben geradeso wie mir. Nie-
1000 1587 3069 1724 mand von ihnen würde mir und meinen Genossen
1014 1735 3033 1874 eine Träne nachweinen. Schwindel. Seien Sie
1014 1837 2927 2022 doch ehrlich. Wen interessieren den über-
1006 2001 2675 2161 haupt die andern Menschen? /u.s.w./
