3560 4120
2812 168 3232 363 2811 0S
786 498 2908 738 Der Zusammenhang muss anders hergestellt wer¬
798 720 1014 888 den.
789 861 3202 1005 Markus hat Kohlenaktien. Möglich dass Fiala voraus¬
804 1044 3145 1152 sehend ihn schon vor einen Jahr dazu antmiert hat.
780 1185 2911 1375 Er hat sie dem Grafen abgenommen schon in der
798 1324 3202 1486 Voraussicht, dass er damit seinem Sohne mürde nützen
795 1474 2914 1627 können, mit dem er phantastische Pläne hat. Er
795 1633 2878 1789 hofft, dass dieser Sohn auf die Weltreise des
792 1786 3121 1942 Prinzen als journal istischer Betrat mitkommen und
804 1924 3157 2128 ihn beeinflussen würde. Fühlt wohl selbst, dass das
804 2110 1750 2266 etwas närrisch ist.
780 2248 3058 2413 Jedenfalls denkt er, dass seinem Sohn Höheres be¬
801 2407 3004 2566 vorsteht,als die Redaktion eines Weltblattes.Er
804 2545 3001 2707 steht wohl auch ein, dass in einem Monarchischen
783 2722 3040 2863 Staat der tatsächliche Einfluss der Presse nich¬
792 2881 1185 3010 tig ist.
780 3025 1531 3190 Nun der Streik.
774 3145 3037 3304 Das Blatt hat in der letzten Zett schon laviert.
777 3334 3046 3499 Hat irgend eine reaktionäre Massregel der Regte-
798 3481 1891 3641 rung nicht angegriffen.
