<?xml version="1.0" encoding="UTF-8" standalone="yes"?>
<PcGts xmlns="http://schema.primaresearch.org/PAGE/gts/pagecontent/2013-07-15" xmlns:xsi="http://www.w3.org/2001/XMLSchema-instance" xsi:schemaLocation="http://schema.primaresearch.org/PAGE/gts/pagecontent/2013-07-15 http://schema.primaresearch.org/PAGE/gts/pagecontent/2013-07-15/pagecontent.xsd">
    <Metadata>
        <Creator>prov=READ-COOP:name=TrHtr:version=2.1.0:model_id=51170:date=15_08_2023_08:10</Creator>
        <Created>2023-05-10T13:31:15.081+02:00</Created>
        <LastChange>2023-08-15T08:10:08.011+02:00</LastChange>
        <TranskribusMetadata docId="1429040" pageId="55435442" pageNr="115" tsid="132842249" status="IN_PROGRESS" userId="64420" imgUrl="https://files.transkribus.eu/Get?id=NRHKICRKETTNCYHCUXSGVGWS&amp;fileType=view" xmlUrl="https://files.transkribus.eu/Get?id=APEFTBZVOVWKCIPDPHQBWNOZ" imageId="44709432"/>
    </Metadata>
    <Page imageFilename="1429040_0115.jpg" imageWidth="3480" imageHeight="4184">
        <ReadingOrder>
            <OrderedGroup id="ro_1711799461445" caption="Regions reading order">
                <RegionRefIndexed index="0" regionRef="tr_1"/>
                <RegionRefIndexed index="1" regionRef="tr_2"/>
            </OrderedGroup>
        </ReadingOrder>
        <TextRegion id="tr_1" custom="readingOrder {index:0;}">
            <Coords points="1002,400 3193,400 3193,2218 1002,2218"/>
            <TextLine id="tr_1_tl_1" custom="readingOrder {index:0;}">
                <Coords points="2816,481 2847,494 2854,489 2867,504 2890,499 2908,519 2926,519 2938,318 2905,318 2882,334 2854,316 2849,321 2826,316"/>
                <Baseline points="2829,459 2847,456 2891,456 2936,450"/>
                <TextEquiv>
                    <Unicode>37.</Unicode>
                </TextEquiv>
            </TextLine>
            <TextLine id="tr_1_tl_2" custom="readingOrder {index:1;}">
                <Coords points="1192,680 2923,642 2903,550 2635,530 1194,568"/>
                <Baseline points="1205,647 1229,647 1274,647 1319,647 1363,647 1408,647 1453,650 1498,647 1542,644 1587,644 1632,641 1677,641 1721,638 1766,638 1811,638 1856,635 1901,635 1945,632 1990,632 2035,629 2080,629 2124,626 2169,626 2214,626 2259,629 2303,626 2348,623 2393,623 2438,623 2482,620 2527,617 2572,617 2617,620 2662,620 2706,617 2751,614 2796,614 2841,617 2885,614 2930,617"/>
                <TextEquiv>
                    <Unicode>sich ja vielleicht was machen lassen.</Unicode>
                </TextEquiv>
            </TextLine>
            <TextLine id="tr_1_tl_3" custom="readingOrder {index:2;}">
                <Coords points="988,820 1350,881 1574,805 2803,774 2999,833 3038,703 988,751"/>
                <Baseline points="1002,802 1023,805 1068,805 1113,805 1157,805 1202,802 1247,802 1292,799 1336,799 1381,799 1426,799 1471,796 1516,799 1560,796 1605,796 1650,793 1695,793 1739,793 1784,793 1829,793 1874,790 1918,790 1963,790 2008,790 2053,787 2097,787 2142,787 2187,784 2232,784 2277,781 2321,781 2366,781 2411,781 2456,778 2500,775 2545,775 2590,775 2635,772 2679,775 2724,772 2769,772 2814,772 2858,769 2903,769 2948,766 2993,766 3038,763"/>
                <TextEquiv>
                    <Unicode>Ko: Haben Sie schon erlebt, dass ein Vater</Unicode>
                </TextEquiv>
            </TextLine>
            <TextLine id="tr_1_tl_4" custom="readingOrder {index:3;}">
                <Coords points="1189,1013 2905,934 3063,980 3066,856 1194,868"/>
                <Baseline points="1205,957 1235,957 1280,954 1325,954 1369,954 1414,954 1459,954 1504,954 1548,954 1593,954 1638,951 1683,951 1727,951 1772,949 1817,949 1862,946 1906,949 1951,946 1996,946 2041,943 2086,943 2130,943 2175,940 2220,940 2265,940 2309,937 2354,937 2399,937 2444,934 2488,934 2533,934 2578,934 2623,931 2667,934 2712,931 2757,928 2802,931 2847,928 2891,925 2936,925 2981,925 3026,922 3070,922"/>
                <TextEquiv>
                    <Unicode>durch seinen Sohn gebessert worden wäre?</Unicode>
                </TextEquiv>
            </TextLine>
            <TextLine id="tr_1_tl_5" custom="readingOrder {index:4;}">
                <Coords points="1001,1141 1859,1176 2546,1103 2778,1164 3040,1092 2982,993 1630,1026 1571,1082 1403,1021 1003,1041"/>
                <Baseline points="1017,1113 1032,1113 1077,1116 1122,1116 1166,1116 1211,1116 1256,1113 1301,1113 1345,1113 1390,1113 1435,1113 1480,1110 1524,1113 1569,1110 1614,1110 1659,1110 1704,1107 1748,1107 1793,1104 1838,1104 1883,1104 1927,1101 1972,1101 2017,1101 2062,1101 2106,1101 2151,1098 2196,1095 2241,1095 2285,1095 2330,1092 2375,1092 2420,1092 2465,1092 2509,1089 2554,1089 2599,1089 2644,1089 2688,1089 2733,1086 2778,1089 2823,1086 2867,1086 2912,1080 2957,1080 3002,1077 3046,1077"/>
                <TextEquiv>
                    <Unicode>Voll: Sie, Silberstein, Sie sind intim mit</Unicode>
                </TextEquiv>
            </TextLine>
            <TextLine id="tr_1_tl_6" custom="readingOrder {index:5;}">
                <Coords points="1189,1314 3175,1283 3178,1156 1385,1230 1192,1166"/>
                <Baseline points="1202,1265 1211,1265 1256,1268 1301,1268 1345,1268 1390,1268 1435,1268 1480,1268 1524,1268 1569,1265 1614,1265 1659,1265 1704,1262 1748,1262 1793,1259 1838,1259 1883,1259 1927,1259 1972,1256 2017,1256 2062,1253 2106,1253 2151,1253 2196,1253 2241,1250 2285,1250 2330,1250 2375,1250 2420,1250 2465,1250 2509,1247 2554,1247 2599,1247 2644,1247 2688,1244 2733,1247 2778,1250 2823,1247 2867,1244 2912,1241 2957,1238 3002,1238 3046,1235 3091,1232 3136,1232 3181,1232"/>
                <TextEquiv>
                    <Unicode>ihm, Sie hätten die Verpflichtung, ihm die</Unicode>
                </TextEquiv>
            </TextLine>
            <TextLine id="tr_1_tl_7" custom="readingOrder {index:6;}">
                <Coords points="1179,1477 2956,1403 3050,1451 3089,1327 1181,1380"/>
                <Baseline points="1193,1423 1214,1423 1259,1423 1304,1423 1348,1423 1393,1420 1438,1420 1483,1420 1527,1420 1572,1420 1617,1420 1662,1417 1707,1417 1751,1417 1796,1417 1841,1417 1886,1414 1930,1414 1975,1414 2020,1411 2065,1411 2109,1411 2154,1408 2199,1408 2244,1408 2288,1405 2333,1405 2378,1405 2423,1405 2468,1405 2512,1402 2557,1402 2602,1399 2647,1399 2691,1402 2736,1402 2781,1399 2826,1399 2870,1396 2915,1396 2960,1396 3005,1393 3049,1390 3094,1390"/>
                <TextEquiv>
                    <Unicode>Zustände in diesem Blatt wahrheitsgetreu</Unicode>
                </TextEquiv>
            </TextLine>
            <TextLine id="tr_1_tl_8" custom="readingOrder {index:7;}">
                <Coords points="1199,1619 1271,1640 1446,1622 1484,1594 1553,1625 1826,1596 1826,1487 1767,1484 1691,1528 1520,1500 1367,1546 1286,1510 1248,1533 1199,1515"/>
                <Baseline points="1214,1578 1259,1578 1304,1578 1348,1578 1393,1578 1438,1575 1483,1575 1527,1575 1572,1575 1617,1575 1662,1572 1707,1572 1751,1572 1796,1575 1832,1578"/>
                <TextEquiv>
                    <Unicode>zu schildern.</Unicode>
                </TextEquiv>
            </TextLine>
            <TextLine id="tr_1_tl_9" custom="readingOrder {index:8;}">
                <Coords points="1222,1775 3005,1744 3188,1719 3190,1625 1548,1686 1222,1635"/>
                <Baseline points="1235,1733 1268,1733 1313,1736 1357,1736 1402,1733 1447,1733 1492,1733 1536,1733 1581,1730 1626,1730 1671,1730 1715,1727 1760,1730 1805,1727 1850,1727 1895,1727 1939,1727 1984,1724 2029,1724 2074,1721 2118,1721 2163,1718 2208,1718 2253,1715 2297,1715 2342,1715 2387,1715 2432,1718 2476,1715 2521,1715 2566,1715 2611,1715 2656,1712 2700,1712 2745,1710 2790,1710 2835,1710 2879,1712 2924,1710 2969,1710 3014,1710 3058,1707 3103,1707 3148,1701 3193,1701"/>
                <TextEquiv>
                    <Unicode>Richard Markus war viereinhalb Jahre fort</Unicode>
                </TextEquiv>
            </TextLine>
            <TextLine id="tr_1_tl_10" custom="readingOrder {index:9;}">
                <Coords points="1006,1795 1026,1795 1041,1782 1092,1795 1151,1777 1174,1782 1174,1612 1125,1614 1047,1681 1006,1675"/>
                <Baseline points="1020,1742 1047,1739 1092,1739 1137,1739 1181,1739"/>
                <TextEquiv>
                    <Unicode>Si:</Unicode>
                </TextEquiv>
            </TextLine>
            <TextLine id="tr_1_tl_11" custom="readingOrder {index:10;}">
                <Coords points="1197,1940 1734,1889 1928,1956 2668,1871 3053,1917 3073,1800 2197,1782 1535,1859 1197,1805"/>
                <Baseline points="1211,1889 1241,1892 1286,1889 1331,1892 1375,1889 1420,1889 1465,1889 1510,1889 1554,1889 1599,1886 1644,1886 1689,1886 1733,1886 1778,1883 1823,1886 1868,1883 1912,1883 1957,1883 2002,1880 2047,1880 2092,1880 2136,1877 2181,1877 2226,1874 2271,1877 2315,1874 2360,1874 2405,1874 2450,1874 2494,1871 2539,1871 2584,1871 2629,1871 2673,1868 2718,1868 2763,1868 2808,1865 2852,1865 2897,1865 2942,1865 2987,1865 3032,1862 3076,1862"/>
                <TextEquiv>
                    <Unicode>Was in viereinhalb Jahren aus einem Men¬</Unicode>
                </TextEquiv>
            </TextLine>
            <TextLine id="tr_1_tl_12" custom="readingOrder {index:11;}">
                <Coords points="1209,2088 2819,2057 2821,1976 1209,1978"/>
                <Baseline points="1223,2047 1259,2047 1304,2047 1348,2050 1393,2050 1438,2047 1483,2047 1527,2044 1572,2047 1617,2047 1662,2044 1707,2044 1751,2047 1796,2044 1841,2041 1886,2041 1930,2041 1975,2041 2020,2038 2065,2038 2109,2038 2154,2038 2199,2035 2244,2035 2288,2035 2333,2032 2378,2032 2423,2032 2468,2032 2512,2029 2557,2029 2602,2026 2647,2026 2691,2026 2736,2026 2781,2026 2826,2029"/>
                <TextEquiv>
                    <Unicode>schen wird, kann man nicht wissen.</Unicode>
                </TextEquiv>
            </TextLine>
            <TextLine id="tr_1_tl_13" custom="readingOrder {index:12;}">
                <Coords points="1018,2225 3022,2208 3061,2106 1018,2136"/>
                <Baseline points="1032,2205 1050,2205 1095,2205 1140,2208 1184,2208 1229,2208 1274,2205 1319,2205 1363,2205 1408,2205 1453,2202 1498,2202 1542,2202 1587,2202 1632,2202 1677,2199 1721,2196 1766,2196 1811,2196 1856,2196 1901,2193 1945,2193 1990,2193 2035,2193 2080,2193 2124,2193 2169,2190 2214,2190 2259,2190 2303,2190 2348,2190 2393,2190 2438,2190 2482,2187 2527,2184 2572,2184 2617,2184 2662,2181 2706,2181 2751,2181 2796,2178 2841,2178 2885,2178 2930,2178 2975,2178 3020,2175 3064,2178"/>
                <TextEquiv>
                    <Unicode>Voll: Ja, wir haben ihn doch nicht aus den</Unicode>
                </TextEquiv>
            </TextLine>
        </TextRegion>
        <TextRegion id="tr_2" custom="readingOrder {index:1;}">
            <Coords points="1020,2277 3214,2277 3214,3468 1020,3468"/>
            <TextLine id="tr_2_tl_1" custom="readingOrder {index:0;}">
                <Coords points="1202,2411 3104,2365 3170,2279 1202,2299"/>
                <Baseline points="1217,2369 1250,2369 1295,2363 1339,2363 1384,2363 1429,2360 1474,2360 1519,2363 1563,2360 1608,2360 1653,2360 1698,2357 1742,2357 1787,2357 1832,2357 1877,2357 1921,2354 1966,2357 2011,2354 2056,2354 2100,2351 2145,2351 2190,2351 2235,2348 2280,2348 2324,2348 2369,2348 2414,2345 2459,2345 2503,2345 2548,2345 2593,2345 2638,2342 2682,2342 2727,2342 2772,2339 2817,2336 2861,2336 2906,2333 2951,2333 2996,2333 3041,2333 3085,2333 3130,2330 3175,2327"/>
                <TextEquiv>
                    <Unicode>Augen verloren, wir haben ja seine Berich-</Unicode>
                </TextEquiv>
            </TextLine>
            <TextLine id="tr_2_tl_2" custom="readingOrder {index:1;}">
                <Coords points="1209,2551 3099,2534 3183,2439 1209,2465"/>
                <Baseline points="1223,2521 1262,2518 1307,2518 1351,2518 1396,2515 1441,2515 1486,2515 1530,2515 1575,2515 1620,2515 1665,2515 1710,2515 1754,2515 1799,2515 1844,2512 1889,2509 1933,2509 1978,2506 2023,2506 2068,2506 2112,2506 2157,2503 2202,2503 2247,2503 2291,2503 2336,2503 2381,2506 2426,2506 2471,2506 2515,2503 2560,2503 2605,2500 2650,2497 2694,2500 2739,2497 2784,2497 2829,2497 2873,2494 2918,2494 2963,2491 3008,2494 3052,2494 3097,2491 3142,2488 3187,2485"/>
                <TextEquiv>
                    <Unicode>te gelesen. Er hat einen offenen Blick, er</Unicode>
                </TextEquiv>
            </TextLine>
            <TextLine id="tr_2_tl_3" custom="readingOrder {index:2;}">
                <Coords points="1199,2709 2427,2671 2679,2719 3134,2658 3101,2579 2882,2567 1390,2630 1202,2584"/>
                <Baseline points="1217,2673 1262,2673 1307,2673 1351,2673 1396,2670 1441,2670 1486,2670 1530,2670 1575,2670 1620,2670 1665,2670 1710,2667 1754,2667 1799,2667 1844,2667 1889,2664 1933,2664 1978,2664 2023,2664 2068,2664 2112,2662 2157,2659 2202,2659 2247,2659 2291,2659 2336,2659 2381,2662 2426,2664 2471,2662 2515,2659 2560,2662 2605,2656 2650,2656 2694,2653 2739,2653 2784,2653 2829,2653 2873,2650 2918,2653 2963,2653 3008,2650 3052,2647 3097,2644 3142,2641"/>
                <TextEquiv>
                    <Unicode>ist ein ehrlicher Mensch, er hat vollkom¬</Unicode>
                </TextEquiv>
            </TextLine>
            <TextLine id="tr_2_tl_4" custom="readingOrder {index:3;}">
                <Coords points="1199,2882 3015,2829 2959,2709 2750,2768 1905,2773 1742,2717 1385,2786 1202,2758"/>
                <Baseline points="1217,2832 1229,2829 1274,2832 1319,2829 1363,2829 1408,2829 1453,2823 1498,2826 1542,2826 1587,2826 1632,2826 1677,2826 1721,2826 1766,2826 1811,2823 1856,2823 1901,2823 1945,2820 1990,2820 2035,2817 2080,2820 2124,2817 2169,2817 2214,2817 2259,2817 2303,2817 2348,2817 2393,2814 2438,2814 2482,2811 2527,2811 2572,2814 2617,2814 2662,2817 2706,2817 2751,2817 2796,2817 2841,2814 2885,2814 2930,2814 2975,2814 3020,2808"/>
                <TextEquiv>
                    <Unicode>men freiheitliche Anschauungen...</Unicode>
                </TextEquiv>
            </TextLine>
            <TextLine id="tr_2_tl_5" custom="readingOrder {index:4;}">
                <Coords points="1225,3030 2424,3007 2541,2989 2544,2895 2182,2885 2019,2931 1675,2900 1630,2936 1227,2900"/>
                <Baseline points="1238,2987 1253,2984 1298,2987 1342,2987 1387,2987 1432,2984 1477,2984 1521,2984 1566,2984 1611,2981 1656,2984 1701,2981 1745,2981 1790,2978 1835,2981 1880,2978 1924,2975 1969,2978 2014,2978 2059,2975 2103,2972 2148,2972 2193,2972 2238,2972 2282,2972 2327,2969 2372,2969 2417,2969 2462,2969 2506,2972 2551,2975"/>
                <TextEquiv>
                    <Unicode>In Griechenland und Indien.</Unicode>
                </TextEquiv>
            </TextLine>
            <TextLine id="tr_2_tl_6" custom="readingOrder {index:5;}">
                <Coords points="1006,3017 1029,3015 1047,3027 1054,3020 1064,3027 1077,3022 1092,3035 1103,3030 1118,3040 1187,3030 1189,2923 1159,2923 1141,2905 1103,2898 1082,2918 1069,2915 1039,2936 1024,2928 1006,2931"/>
                <Baseline points="1020,2996 1059,2993 1104,2993 1148,2990 1193,2993"/>
                <TextEquiv>
                    <Unicode>Ko:</Unicode>
                </TextEquiv>
            </TextLine>
            <TextLine id="tr_2_tl_7" custom="readingOrder {index:6;}">
                <Coords points="1258,3196 3106,3122 3106,3050 2867,3035 1260,3076"/>
                <Baseline points="1274,3139 1277,3142 1322,3142 1366,3142 1411,3142 1456,3139 1501,3139 1545,3142 1590,3139 1635,3139 1680,3136 1724,3139 1769,3139 1814,3136 1859,3133 1903,3133 1948,3133 1993,3133 2038,3130 2083,3130 2127,3130 2172,3130 2217,3127 2262,3127 2306,3127 2351,3127 2396,3127 2441,3127 2485,3127 2530,3124 2575,3124 2620,3121 2664,3124 2709,3124 2754,3121 2799,3121 2844,3121 2888,3121 2933,3118 2978,3115 3023,3115 3067,3112 3112,3112"/>
                <TextEquiv>
                    <Unicode>Sicher ist nur das Eine : dass ich seit</Unicode>
                </TextEquiv>
            </TextLine>
            <TextLine id="tr_2_tl_8" custom="readingOrder {index:7;}">
                <Coords points="1018,3185 1052,3193 1059,3188 1067,3196 1095,3185 1118,3206 1148,3190 1161,3206 1179,3208 1181,3081 1146,3094 1115,3068 1100,3066 1080,3084 1067,3078 1059,3086 1018,3089"/>
                <Baseline points="1032,3148 1053,3148 1098,3148 1142,3148 1187,3145"/>
                <TextEquiv>
                    <Unicode>Si:</Unicode>
                </TextEquiv>
            </TextLine>
            <TextLine id="tr_2_tl_9" custom="readingOrder {index:8;}">
                <Coords points="1215,3353 3208,3305 3208,3206 3078,3180 1217,3234"/>
                <Baseline points="1232,3300 1244,3300 1289,3297 1333,3297 1378,3297 1423,3297 1468,3297 1513,3297 1557,3297 1602,3294 1647,3297 1692,3294 1736,3294 1781,3291 1826,3291 1871,3291 1915,3288 1960,3288 2005,3288 2050,3288 2094,3288 2139,3285 2184,3285 2229,3285 2274,3285 2318,3285 2363,3282 2408,3282 2453,3282 2497,3282 2542,3282 2587,3279 2632,3282 2676,3279 2721,3276 2766,3276 2811,3276 2855,3276 2900,3276 2945,3273 2990,3273 3035,3273 3079,3273 3124,3273 3169,3270 3214,3273"/>
                <TextEquiv>
                    <Unicode>sechs Wochen keinen Brief von ihm bekommen</Unicode>
                </TextEquiv>
            </TextLine>
            <TextLine id="tr_2_tl_10" custom="readingOrder {index:9;}">
                <Coords points="1230,3560 1342,3529 1365,3529 1385,3542 1413,3521 1469,3529 1467,3425 1446,3425 1416,3399 1393,3412 1344,3384 1311,3402 1273,3389 1227,3397"/>
                <Baseline points="1241,3455 1286,3458 1331,3458 1375,3458 1420,3458 1465,3458 1474,3458"/>
                <TextEquiv>
                    <Unicode>habe.</Unicode>
                </TextEquiv>
            </TextLine>
        </TextRegion>
    </Page>
</PcGts>
