3544 4120
2514 429 2989 587 Juli 1903.
844 592 3041 844 Der Graf im II.Akt zum Parlamentsberichterstat-
865 794 2987 1029 ter: Ich unterscheide die Menschen nicht nach
863 966 3047 1190 der Moral, die für mich etwas ziemlich Vorüber-
879 1119 2886 1351 gehendes bedeutet; sondern nach dem Geruch.
893 1275 2430 1529 - Wenn man das wüsste, Herr Graf,
964 1458 1182 1643 Wie?
947 1600 2116 1829 Ich könnt' es schreiben.
942 1728 3017 1941 Ich würd' es ableugnen. Ich würde Sie einen
874 1933 2839 2118 Lügner nennen. Wahrscheinlich einen Unver-
890 2108 1346 2269 schämten.
999 2187 3126 2443 Ich will mich amüsieren, ich will spielen. Es
909 2375 2097 2574 ist doch vollkommen egal.
