3576 4104
2932 211 3232 427 1905.
576 475 2896 599 Markus: Ich hab' es für Dich getan. Niederhof ist
647 608 1742 789 der Freund des Prinzen.
576 783 2959 944 Richard: Nur darum jegen die Streikenden? Für Nie¬
602 932 1923 1125 derhof? Für die Regierenden?
591 1065 2208 1255 Markus: Und Aktien hab' ich auch.
576 1237 1466 1386 Richard: Wie viel?
582 1421 2760 1555 Markus: Nicht wenige,tch geb es zu. Schon seit
596 1552 2389 1706 etnem Jahr. Ein Papier wie ein andses.
579 1721 2045 1890 Richard: So hast Du Dein Blatt
585 1864 2896 2018 Markus: Schweig, keine irreparablen Worte. Wenn ich
594 2018 2804 2140 für die Streikenden gewesen wäre hätte sich was
591 2169 2819 2338 geändert? Mir, Dir hätte ich geschadet,niemandem
594 2318 982 2478 genüttt.
576 2445 2427 2585 Richard: Umso eher hättest Du's können.
582 2611 2335 2810 Manus: Das wäre Verlogenheit gewesen.
570 2766 2659 2944 Richard: Ich dachte unser Blatt hätte macht.
576 2878 2813 3051 Markus: Macht? nstnn.Die Geschichte geht ihren
591 3068 1552 3238 Gang. Man red' dazu.
576 3220 2757 3383 Richard: Wie kann's Dir Spass machen. Ich denke
638 3398 2786 3555 gerade Du solltest nur Deine Ueberseugung aus¬
591 3537 2730 3727 drücken.Es lässt sich noch gut machen.Du könn¬
