3544 4184
2647 378 2769 491 47
3025 396 3175 550 G.C.P.
2502 433 2644 565 lot.
1287 535 3103 700 blick. Es ist, wie die Nationalzeitung
2136 622 2936 752 dée mitTribue Haus
1305 715 3050 832 sagt, eine Brandfackel... Ich muss es
1300 901 1987 1016 bei mir haben.
1345 971 2998 1160 Das muss man doch auswendig können.
1116 1061 1267 1163 Ko;
1320 1130 2981 1322 / :hat gefunden:/ iest:/ "Eine Brand¬
1116 1170 1277 1402 Ad:
1317 1262 3108 1459 fackel, die eine junge Dame der Wiener
1322 1434 3132 1611 Gesellschaft mit seltener Kühnheit all
1322 1594 3073 1778 abendlich durch das graziöse Fräulein
1320 1763 3117 1922 Bradsky in das überfüllte Haus schleu¬
1327 1985 1868 2107 dern lässt.
1128 2032 3130 2268 Ko: Schön gesagt.- Uebrigens bin ich ganz
1332 2303 1581 2413 paff.
1138 2443 1930 2582 Ad: Warum denn?
1145 2510 3115 2709 Ko: Ja, das hab' ich nie von Ihnen vermu-
1342 2692 3202 2856 tet, dass Sie auch solche Sachen schrei¬
1347 2854 3157 3030 ben. Sie sind doch im allgemeinen eine
1352 2998 3080 3197 solche Gegnerin aller Emanzipation...
1347 3215 3190 3342 der Moderne im allgemeinen. Ueber ihrem
1352 3319 3147 3498 Feuilleton schwebt sozusagen die Melo-
1355 3479 3120 3660 die: Das Weib gehört ins Haus, in die
