3400 4072
305 265 1829 601 24 ich lieber selbst hin.
352 533 1634 715 M.. u. nennt ihn......
336 675 1721 1002 Dein Arlihal kommt.
278 941 2760 1261 R. tat Vater ich verlass der klek¬
352 1227 2230 1530 Ich will nichts.. Ich ersah alt
1283 1403 1829 1573 noteurs soi
533 1480 2519 1779 lehnsbricht. d. Uhr d. Sohn. wie
345 1637 484 1748 D
410 1653 2791 2045 ersten hein geb. ich eine Teilhandler 1)
469 1983 2615 2304 Jeder der stok ist, so nochereile
762 2251 2603 2504 cœurfe d'Acht auch, ihr mein Voll
691 2427 2680 2745 me i. (Tilljandler en cemantin)
752 2745 1585 2970 Übrigens vorher
