<?xml version="1.0" encoding="UTF-8" standalone="yes"?>
<PcGts xmlns="http://schema.primaresearch.org/PAGE/gts/pagecontent/2013-07-15" xmlns:xsi="http://www.w3.org/2001/XMLSchema-instance" xsi:schemaLocation="http://schema.primaresearch.org/PAGE/gts/pagecontent/2013-07-15 http://schema.primaresearch.org/PAGE/gts/pagecontent/2013-07-15/pagecontent.xsd">
    <Metadata>
        <Creator>prov=READ-COOP:name=TrHtr:version=2.1.0:model_id=51170:date=15_08_2023_08:09</Creator>
        <Created>2023-05-10T13:31:08.385+02:00</Created>
        <LastChange>2023-08-15T08:09:53.342+02:00</LastChange>
        <TranskribusMetadata docId="1429040" pageId="55435194" pageNr="62" tsid="132842196" status="IN_PROGRESS" userId="64420" imgUrl="https://files.transkribus.eu/Get?id=BUFAKPEGPORYCANASABEWVQL&amp;fileType=view" xmlUrl="https://files.transkribus.eu/Get?id=WOGNUVCBURIPPVEBKRROEFYC" imageId="44709184"/>
    </Metadata>
    <Page imageFilename="1429040_0062.jpg" imageWidth="3560" imageHeight="4136">
        <ReadingOrder>
            <OrderedGroup id="ro_1711799356895" caption="Regions reading order">
                <RegionRefIndexed index="0" regionRef="tr_1"/>
                <RegionRefIndexed index="1" regionRef="tr_2"/>
            </OrderedGroup>
        </ReadingOrder>
        <TextRegion id="tr_1" custom="readingOrder {index:0;}">
            <Coords points="620,382 2939,382 2939,2582 620,2582"/>
            <TextLine id="tr_1_tl_1" custom="readingOrder {index:0;}">
                <Coords points="2645,455 2662,455 2679,464 2688,455 2699,461 2708,452 2734,452 2737,355 2722,355 2708,366 2702,366 2696,358 2691,364 2685,358 2665,369 2648,369"/>
                <Baseline points="2661,435 2697,435 2742,432"/>
                <TextEquiv>
                    <Unicode>4</Unicode>
                </TextEquiv>
            </TextLine>
            <TextLine id="tr_1_tl_2" custom="readingOrder {index:1;}">
                <Coords points="607,776 813,804 962,733 1294,710 1385,756 1935,696 2104,736 2158,724 2164,627 1377,575 1208,658 613,630"/>
                <Baseline points="626,743 647,743 692,743 737,740 781,737 826,737 871,737 916,734 960,731 1005,728 1050,725 1095,722 1139,722 1184,719 1229,716 1274,716 1318,713 1363,713 1408,710 1453,710 1498,707 1542,704 1587,707 1632,704 1677,701 1721,701 1766,701 1811,698 1856,695 1900,692 1945,692 1990,686 2035,686 2079,686 2124,686 2169,683"/>
                <TextEquiv>
                    <Unicode>Opposition ist immer unfruchtbar.</Unicode>
                </TextEquiv>
            </TextLine>
            <TextLine id="tr_1_tl_3" custom="readingOrder {index:2;}">
                <Coords points="604,939 1053,973 1211,890 2213,899 2218,776 1431,807 1374,756 1199,836 1079,787 607,830"/>
                <Baseline points="620,898 656,901 701,901 746,901 790,898 835,895 880,892 925,892 969,889 1014,889 1059,889 1104,886 1148,886 1193,883 1238,883 1283,880 1327,880 1372,877 1417,874 1462,874 1506,874 1551,871 1596,868 1641,868 1686,868 1730,865 1775,862 1820,859 1865,859 1909,856 1954,856 1999,853 2044,850 2088,850 2133,850 2178,850 2223,850"/>
                <TextEquiv>
                    <Unicode>Die Menschen sind gemein und feig.</Unicode>
                </TextEquiv>
            </TextLine>
            <TextLine id="tr_1_tl_4" custom="readingOrder {index:3;}">
                <Coords points="610,1071 816,1139 2814,1013 2820,867 1718,968 615,947"/>
                <Baseline points="626,1050 632,1053 677,1050 722,1050 766,1047 811,1050 856,1047 901,1044 945,1044 990,1044 1035,1041 1080,1038 1125,1038 1169,1035 1214,1032 1259,1029 1304,1029 1348,1026 1393,1026 1438,1026 1483,1023 1527,1023 1572,1020 1617,1020 1662,1017 1706,1014 1751,1014 1796,1014 1841,1011 1885,1011 1930,1008 1975,1008 2020,1008 2065,1002 2109,999 2154,999 2199,996 2244,993 2288,990 2333,987 2378,987 2423,987 2467,987 2512,981 2557,981 2602,981 2646,975 2691,975 2736,972 2781,972 2825,972"/>
                <TextEquiv>
                    <Unicode>Der Sohn: Unser Blatt predigt ja Menschenliebe.</Unicode>
                </TextEquiv>
            </TextLine>
            <TextLine id="tr_1_tl_5" custom="readingOrder {index:4;}">
                <Coords points="607,1271 1008,1197 2556,1185 2559,1073 613,1131"/>
                <Baseline points="626,1205 635,1205 680,1205 725,1202 769,1199 814,1199 859,1199 904,1196 948,1193 993,1190 1038,1190 1083,1187 1128,1187 1172,1184 1217,1184 1262,1181 1307,1178 1351,1178 1396,1178 1441,1175 1486,1175 1530,1172 1575,1169 1620,1169 1665,1166 1709,1166 1754,1163 1799,1160 1844,1157 1888,1157 1933,1154 1978,1154 2023,1151 2068,1151 2112,1148 2157,1145 2202,1145 2247,1142 2291,1142 2336,1139 2381,1136 2426,1136 2470,1133 2515,1133 2560,1136"/>
                <TextEquiv>
                    <Unicode>Markus: Menschenliebe? Dich hab ich gern.</Unicode>
                </TextEquiv>
            </TextLine>
            <TextLine id="tr_1_tl_6" custom="readingOrder {index:5;}">
                <Coords points="613,1420 1786,1317 2110,1383 2150,1179 1929,1174 1798,1257 615,1294"/>
                <Baseline points="629,1360 629,1357 674,1357 719,1354 763,1351 808,1351 853,1348 898,1345 942,1342 987,1342 1032,1339 1077,1339 1122,1336 1166,1333 1211,1333 1256,1333 1301,1330 1345,1327 1390,1327 1435,1327 1480,1324 1524,1324 1569,1321 1614,1321 1659,1318 1703,1318 1748,1316 1793,1316 1838,1310 1882,1310 1927,1307 1972,1307 2017,1304 2062,1301 2106,1301 2151,1295"/>
                <TextEquiv>
                    <Unicode>Richard: Und das mit den Kohlen?</Unicode>
                </TextEquiv>
            </TextLine>
            <TextLine id="tr_1_tl_7" custom="readingOrder {index:6;}">
                <Coords points="630,1560 2757,1471 2834,1354 633,1454"/>
                <Baseline points="647,1512 689,1506 734,1506 778,1506 823,1504 868,1501 913,1501 957,1501 1002,1498 1047,1495 1092,1495 1136,1495 1181,1492 1226,1489 1271,1489 1316,1486 1360,1483 1405,1483 1450,1483 1495,1483 1539,1480 1584,1474 1629,1474 1674,1471 1718,1471 1763,1468 1808,1468 1853,1465 1897,1465 1942,1462 1987,1462 2032,1459 2076,1459 2121,1456 2166,1453 2211,1450 2256,1453 2300,1447 2345,1447 2390,1447 2435,1444 2479,1441 2524,1438 2569,1438 2614,1435 2658,1432 2703,1429 2748,1429 2793,1423 2837,1420"/>
                <TextEquiv>
                    <Unicode>Markus: Ja, ich hab ein paar Aktien,wie ich hun¬</Unicode>
                </TextEquiv>
            </TextLine>
            <TextLine id="tr_1_tl_8" custom="readingOrder {index:7;}">
                <Coords points="653,1720 2467,1620 2530,1603 2536,1474 1944,1574 658,1583"/>
                <Baseline points="671,1659 701,1659 746,1659 790,1653 835,1653 880,1653 925,1650 969,1650 1014,1650 1059,1647 1104,1644 1148,1644 1193,1644 1238,1641 1283,1638 1327,1635 1372,1635 1417,1632 1462,1632 1506,1629 1551,1629 1596,1626 1641,1626 1686,1623 1730,1623 1775,1620 1820,1617 1865,1614 1909,1611 1954,1608 1999,1608 2044,1608 2088,1605 2133,1605 2178,1605 2223,1602 2267,1599 2312,1596 2357,1596 2402,1593 2446,1593 2491,1590 2536,1590"/>
                <TextEquiv>
                    <Unicode>der Papiere habe. Kommt das in Betracht?</Unicode>
                </TextEquiv>
            </TextLine>
            <TextLine id="tr_1_tl_9" custom="readingOrder {index:8;}">
                <Coords points="635,1829 2808,1769 2931,1738 2934,1652 638,1729"/>
                <Baseline points="650,1814 656,1817 701,1811 746,1808 790,1808 835,1805 880,1805 925,1802 969,1799 1014,1796 1059,1796 1104,1796 1148,1793 1193,1793 1238,1790 1283,1787 1327,1787 1372,1784 1417,1784 1462,1781 1506,1781 1551,1778 1596,1778 1641,1775 1686,1772 1730,1772 1775,1769 1820,1769 1865,1766 1909,1766 1954,1763 1999,1760 2044,1760 2088,1757 2133,1754 2178,1754 2223,1751 2267,1751 2312,1748 2357,1748 2402,1745 2446,1742 2491,1742 2536,1742 2581,1736 2626,1736 2670,1736 2715,1733 2760,1730 2805,1727 2849,1724 2894,1724 2939,1718"/>
                <TextEquiv>
                    <Unicode>Nachrichten, dass die Streikbrecher von den Strei¬</Unicode>
                </TextEquiv>
            </TextLine>
            <TextLine id="tr_1_tl_10" custom="readingOrder {index:9;}">
                <Coords points="647,2030 1154,2032 1537,1935 2817,1929 2822,1829 2404,1763 2072,1872 656,1878"/>
                <Baseline points="665,1963 680,1966 725,1966 769,1963 814,1960 859,1960 904,1957 948,1957 993,1954 1038,1954 1083,1954 1128,1951 1172,1951 1217,1948 1262,1948 1307,1948 1351,1945 1396,1942 1441,1939 1486,1936 1530,1933 1575,1930 1620,1930 1665,1927 1709,1927 1754,1927 1799,1924 1844,1924 1888,1921 1933,1918 1978,1918 2023,1915 2068,1912 2112,1912 2157,1909 2202,1909 2247,1906 2291,1903 2336,1900 2381,1900 2426,1897 2470,1900 2515,1897 2560,1897 2605,1897 2649,1897 2694,1891 2739,1885 2784,1882 2828,1877"/>
                <TextEquiv>
                    <Unicode>kenden angegriffen werden. Das Militär hat ge¬</Unicode>
                </TextEquiv>
            </TextLine>
            <TextLine id="tr_1_tl_11" custom="readingOrder {index:10;}">
                <Coords points="656,2167 704,2161 750,2190 822,2167 853,2187 910,2161 956,2176 1019,2144 1099,2153 1102,2027 1005,2055 953,2044 927,2061 824,2038 756,2064 707,2052 658,2067"/>
                <Baseline points="671,2112 704,2112 749,2112 793,2112 838,2109 883,2106 928,2106 972,2103 1017,2103 1062,2103 1107,2103"/>
                <TextEquiv>
                    <Unicode>schossen.</Unicode>
                </TextEquiv>
            </TextLine>
            <TextLine id="tr_1_tl_12" custom="readingOrder {index:11;}">
                <Coords points="667,2307 1211,2250 1480,2296 1729,2270 1884,2241 1886,2170 1179,2155 1033,2207 925,2167 670,2201"/>
                <Baseline points="686,2261 728,2264 772,2264 817,2264 862,2261 907,2261 951,2258 996,2253 1041,2253 1086,2253 1130,2250 1175,2250 1220,2247 1265,2247 1310,2244 1354,2241 1399,2241 1444,2241 1489,2238 1533,2235 1578,2229 1623,2229 1668,2229 1712,2226 1757,2223 1802,2223 1847,2223 1891,2229"/>
                <TextEquiv>
                    <Unicode>Voll kommt: Ungeheuerlich.</Unicode>
                </TextEquiv>
            </TextLine>
            <TextLine id="tr_1_tl_13" custom="readingOrder {index:12;}">
                <Coords points="653,2482 799,2430 1403,2399 1563,2453 1640,2439 1646,2319 1408,2290 1268,2344 930,2356 899,2387 796,2333 656,2350"/>
                <Baseline points="668,2423 710,2420 754,2420 799,2417 844,2417 889,2417 934,2414 978,2411 1023,2408 1068,2408 1113,2408 1157,2408 1202,2402 1247,2402 1292,2402 1336,2399 1381,2399 1426,2396 1471,2393 1515,2390 1560,2390 1605,2387 1650,2390"/>
                <TextEquiv>
                    <Unicode>Dies ers t am Schluss</Unicode>
                </TextEquiv>
            </TextLine>
            <TextLine id="tr_1_tl_14" custom="readingOrder {index:13;}">
                <Coords points="676,2591 773,2628 919,2573 1531,2593 1904,2536 2021,2579 2027,2467 1254,2496 1108,2445 927,2516 678,2499"/>
                <Baseline points="692,2572 734,2572 778,2572 823,2572 868,2572 913,2569 957,2563 1002,2566 1047,2563 1092,2563 1136,2560 1181,2557 1226,2554 1271,2554 1316,2551 1360,2551 1405,2548 1450,2548 1495,2545 1539,2545 1584,2542 1629,2539 1674,2539 1718,2536 1763,2536 1808,2533 1853,2533 1897,2530 1942,2530 1987,2530 2032,2530"/>
                <TextEquiv>
                    <Unicode>Vorher all die andern Szenen.</Unicode>
                </TextEquiv>
            </TextLine>
        </TextRegion>
        <TextRegion id="tr_2" custom="readingOrder {index:1;}">
            <Coords points="683,2635 2942,2635 2942,3644 683,3644"/>
            <TextLine id="tr_2_tl_1" custom="readingOrder {index:0;}">
                <Coords points="667,2774 819,2742 1171,2800 1394,2708 1909,2754 1975,2705 2133,2714 2135,2642 1892,2599 1766,2645 1672,2599 1491,2651 670,2665"/>
                <Baseline points="683,2730 707,2730 752,2730 796,2727 841,2730 886,2727 931,2724 975,2724 1020,2721 1065,2718 1110,2718 1154,2715 1199,2712 1244,2712 1289,2709 1333,2709 1378,2709 1423,2706 1468,2706 1512,2706 1557,2703 1602,2700 1647,2697 1692,2694 1736,2694 1781,2694 1826,2691 1871,2691 1915,2688 1960,2688 2005,2688 2050,2685 2094,2685 2139,2688"/>
                <TextEquiv>
                    <Unicode>Die wachsende Wut Silbersteins.</Unicode>
                </TextEquiv>
            </TextLine>
            <TextLine id="tr_2_tl_2" custom="readingOrder {index:1;}">
                <Coords points="667,2903 1280,2943 1443,2862 1632,2871 1634,2788 1463,2800 1397,2765 1328,2808 1208,2779 1013,2834 916,2802 670,2814"/>
                <Baseline points="686,2879 698,2879 743,2879 787,2879 832,2879 877,2879 922,2876 966,2873 1011,2873 1056,2870 1101,2870 1145,2870 1190,2867 1235,2864 1280,2861 1324,2861 1369,2858 1414,2858 1459,2855 1504,2855 1548,2855 1593,2855 1638,2855"/>
                <TextEquiv>
                    <Unicode>Bis zu seinem Toast.</Unicode>
                </TextEquiv>
            </TextLine>
            <TextLine id="tr_2_tl_3" custom="readingOrder {index:2;}">
                <Coords points="676,3077 2430,2977 2679,3026 2934,2960 2937,2868 678,2980"/>
                <Baseline points="692,3034 704,3031 749,3031 793,3028 838,3028 883,3028 928,3025 972,3025 1017,3022 1062,3022 1107,3019 1151,3016 1196,3016 1241,3013 1286,3010 1330,3010 1375,3008 1420,3008 1465,3008 1509,3005 1554,3002 1599,3005 1644,2999 1689,2999 1733,2996 1778,2996 1823,2993 1868,2990 1912,2990 1957,2990 2002,2987 2047,2987 2091,2984 2136,2984 2181,2981 2226,2981 2270,2978 2315,2978 2360,2975 2405,2972 2449,2972 2494,2969 2539,2966 2584,2966 2629,2966 2673,2966 2718,2963 2763,2963 2808,2963 2852,2957 2897,2954 2942,2951"/>
                <TextEquiv>
                    <Unicode>Nach diesem Joast die Nachricht: Geschossen,sie¬</Unicode>
                </TextEquiv>
            </TextLine>
            <TextLine id="tr_2_tl_4" custom="readingOrder {index:3;}">
                <Coords points="707,3235 767,3258 879,3203 927,3232 993,3200 1045,3215 1128,3183 1171,3203 1257,3189 1262,3077 942,3106 876,3154 753,3094 710,3112"/>
                <Baseline points="722,3178 731,3181 775,3181 820,3181 865,3181 910,3181 954,3178 999,3175 1044,3172 1089,3172 1133,3172 1178,3169 1223,3166 1268,3166"/>
                <TextEquiv>
                    <Unicode>bem getötet.</Unicode>
                </TextEquiv>
            </TextLine>
            <TextLine id="tr_2_tl_5" custom="readingOrder {index:4;}">
                <Coords points="687,3343 824,3366 947,3338 1022,3378 1136,3323 1222,3366 1314,3318 1474,3318 1477,3260 1374,3229 1148,3283 1019,3258 962,3295 899,3252 690,3263"/>
                <Baseline points="704,3330 719,3330 763,3333 808,3330 853,3330 898,3330 942,3327 987,3327 1032,3324 1077,3324 1122,3321 1166,3321 1211,3318 1256,3315 1301,3312 1345,3312 1390,3309 1435,3306 1480,3300"/>
                <TextEquiv>
                    <Unicode>Voll: Ich werde -</Unicode>
                </TextEquiv>
            </TextLine>
            <TextLine id="tr_2_tl_6" custom="readingOrder {index:5;}">
                <Coords points="676,3529 790,3561 1005,3495 1234,3527 1612,3487 1958,3527 2009,3504 2012,3375 1729,3398 1620,3358 1529,3432 1446,3386 678,3438"/>
                <Baseline points="695,3488 722,3485 766,3482 811,3482 856,3479 901,3479 945,3476 990,3479 1035,3476 1080,3473 1125,3470 1169,3470 1214,3467 1259,3467 1304,3464 1348,3464 1393,3461 1438,3461 1483,3458 1527,3458 1572,3455 1617,3455 1662,3452 1706,3452 1751,3452 1796,3446 1841,3446 1885,3443 1930,3443 1975,3440 2020,3440"/>
                <TextEquiv>
                    <Unicode>Markus: Ich werde schreiben.</Unicode>
                </TextEquiv>
            </TextLine>
            <TextLine id="tr_2_tl_7" custom="readingOrder {index:6;}">
                <Coords points="684,3713 1391,3615 2605,3638 2608,3489 690,3550"/>
                <Baseline points="704,3634 731,3634 775,3634 820,3634 865,3631 910,3628 954,3628 999,3625 1044,3625 1089,3622 1133,3622 1178,3619 1223,3619 1268,3616 1313,3613 1357,3613 1402,3610 1447,3610 1492,3607 1536,3607 1581,3607 1626,3604 1671,3604 1715,3601 1760,3601 1805,3598 1850,3595 1894,3595 1939,3595 1984,3592 2029,3592 2073,3589 2118,3589 2163,3586 2208,3586 2253,3583 2297,3583 2342,3580 2387,3577 2432,3577 2476,3574 2521,3574 2566,3574 2611,3572"/>
                <TextEquiv>
                    <Unicode>Richard: Lass mich den Artikel schreiben.</Unicode>
                </TextEquiv>
            </TextLine>
        </TextRegion>
    </Page>
</PcGts>
