3560 4104
2870 393 3002 528 15
875 548 2572 738 II.Akt. Soirée, Jubiläum des Blatts.
872 726 2692 852 Grosse Gesellschaft. Exkneipenstimmung.
861 850 3097 1073 1. Beginn mit dem Schluss des witzigen Toastes
872 1036 1490 1191 von Mondberg.
855 1174 3163 1314 2. Adele Loser im Gespräch mit Frau Silberstein.
864 1340 2965 1498 Sie sagt der Frau: Sie haben vor der Ehe ein
858 1495 2907 1656 Kind gehabt. Ich finde das wunderschön. Das
867 1642 2988 1777 sollte allgemein eingeführt werden.- Sie wird
864 1782 2985 1909 wahrscheinlich auf dem Ueberbrettl auftreten.
858 1977 3068 2107 Redet allerlei vollkommen Konfuses über Frauen¬
870 2124 1487 2259 emanzipation.
858 2241 3114 2391 3. Silberstein ist eifersüchtig auf den Grafen.
870 2428 2956 2594 ohne dass seine Frau noch mit ihm gesprochen
855 2600 3011 2726 hätte. "Ja, so müsste man sein - schlank, ele¬
858 2744 2663 2876 gant; nicht ein dicker polnischer Jud,
861 2853 3042 3031 4. Markus jr.und Silberstein. Silberstein: Du
852 3054 3097 3186 hast dich mir entfremdet. Das ist ja ganz natür-
855 3183 2747 3364 lich. Du auf der Sonnenseite des Lebens,
867 3332 2204 3524 - Werburg gesellt sich dazu.
855 3481 2910 3668 5. Adele lässt sich Werburg vorstellen und
855 3642 3039 3806 fragt ihn nach kurzer Zeit, ob er sie für eine
