3352 3992
2797 308 2943 488 11
762 512 1759 719 Silberstein, Richard.
759 621 2590 823 Si: Ich wollte mir meine Sachen holen.
764 823 2895 995 Ri: Pardon, ich stehe dir nach wie vor weiter
990 958 2940 1141 zur Verfügung, aber ich bitte dich um Ent-
1003 1125 2927 1303 schuldigung. Selbstverständlich werde ich
1014 1266 3001 1468 es vor Allen wiederholen, die es gehört ha-
1014 1385 3084 1595 ben. Ich bitte die um Entschuldigung. Du hat¬
1030 1582 2858 1751 test Recht - unser Blatt ist gemein und
1027 1749 1470 1916 käuflich.
1032 1858 3044 2046 Ich muss mich damit zufriedengeben. Hm. Leb
801 1937 961 2065 Si:
1032 2020 2951 2211 wohl.- Was ist denn eigentlich geschehen?
1032 2189 2980 2343 Mir wird wol nichts Anderes übrig bleiben,
809 2208 969 2357 Ri:
1054 2317 3009 2513 als wieder fortzugehen. Und du - was wirst
1062 2542 1547 2678 du machen?
1067 2659 1818 2863 Ich weiss nicht,
833 2712 979 2837 Si:
1072 2704 2988 2980 Du könntest jetzt die Zeit benützen, dein
841 2879 987 2999 Ri:
1069 2940 3017 3166 grosses Stück oder deinen Roman zu schrei¬
1075 3158 1282 3307 ben.
1085 3272 2964 3447 Ja. Aber ich habe noch keinen Stoff. Und
860 3322 1006 3455 Si:
1083 3360 3070 3591 was noch schlimmer ist: Geld hab' ich auch
1091 3585 1377 3784 keins.
