3464 4248
2867 667 2998 827 19
1041 739 1786 933 Empfang nehmen.
904 884 3195 1172 Si: Wenn man nun das, was Sie hier gesagt haben,
1044 1035 2653 1261 in die Oeffentlichkeit brächte -?
896 1201 3183 1452 Gf: Ich sage es Ihnen ja nicht unter vier Augen.
887 1372 3012 1629 Si: In Ihrer Kandidatenrede aber haben Sie's
1013 1520 1654 1697 nicht gesagt.
881 1709 3138 1920 Gf: Nein, natürlich nicht. Denn damit hätt' ich
1010 1834 3132 2082 ja meine Wahl in Frage gestellt. Als ich mit
1004 1963 2995 2205 dem Luftballon aufsteigen wollte, hab' ich
981 2142 3027 2388 niht damit begonnen, Löcher in die Hülle zu
996 2293 1475 2467 schne iden.
