3608 4168
2765 406 2873 557 2
957 506 3213 708 zelfall. Z.B. protegiert der Herausgeber ein Un¬
971 754 3062 920 ternehmen, von dessen Faiseuren er bestochen
954 888 3142 1071 wurde: eine Bank, eine Heilquelle, oder er ist
948 1025 3108 1185 Aktionär. Oder er poussiert einen klerikalen
954 1217 3216 1354 Kandidaten, der unter der Maske des liberalismus
960 1354 3188 1520 oder der Parteilosigkeit kandidiert,-auf Wunsch
954 1502 3250 1639 der Regierung, die ihm dafür den Adel verspricht.
1788 1608 2194 1708 abso1ute
954 1671 3133 1777 Oder er versucht eine Schurkerei irgendwelcher
945 1828 3036 1965 Art. Auseinandersetzung mit dem Sohn bis zum
940 1974 1242 2119 Bruch.
940 2114 3030 2276 Der Sohn aber wird irgendwie in einen Streit
957 2299 3085 2425 verwickelt, in dem er notgedrungen die Partei
943 2439 3182 2542 des Vaters nehmen muss und gezwungen ist, Jeman¬
940 2596 3125 2708 den zu fordern, dessen Ansichten er eigentlich
943 2716 2945 2913 teilt und der seinen Vater mit Recht einen
940 2913 1851 3033 Schuft genannt hat.
925 3059 2988 3193 Er wird erschossen. Oder besser noch: er er-
943 3216 3139 3316 schiesst diesen Menschen und steht nun als Ret-
943 3362 3130 3510 ter der Ehre seines Vaters da. Auseinandersetz-
934 3525 3096 3667 ung mit dem Vater und endgiltiger Bruch; viel-
925 3682 2322 3867 leicht Selbstmord des Sohnes.
