3448 4168
2914 484 3036 598 76
795 641 2015 853 (We: Sie hat ganz Recht.
806 806 2943 976 Rich: Du, das Letzte, was ich im Coupé las,
997 909 3119 1109 war übrigens die Candidatur von deinem Freund
1002 1143 1500 1268 Niederhof.
872 1223 2297 1438 Si: Was? das ist dein Freund?
861 1417 2318 1590 We: Na ja, ich kenn' ihn halt.
463 1465 654 1624 C.N.
439 1566 694 1763 drie.
883 1537 3004 1710 St: Das ist ja ein Klerikaler! Wir werden in
1018 1731 2943 1954 der schärfsten Weise gegen ihn auftreten.
883 1901 2996 2066 Rich: Ja, das hab' ich mir wol gedacht, dass
1018 2015 3039 2201 unser Blatt sich bei dieser Gelegenheit ge-
1021 2191 2943 2409 hörig für Dr.Geter einsetzen wird. / : Lä¬
1026 2364 3052 2526 chelnd zu We:/ Das wird unsere Beziehungen
1010 2563 1835 2685 wol nicht stören.
880 2656 2927 2818 Si: Also, auch über die Zustände in Böhmen
1029 2792 3167 2996 bist du informierte (Elu es besolueur par Wet
880 2986 2959 3164 Rich: Soziemlich. - Jetzt wäre auch der Mo¬
1029 3169 2949 3323 ment für unser Blatt, seine frühere Stel-
1034 3307 2178 3480 lung wieder zu gewinnen.
896 3427 2239 3595 Si: Wie? wie meinst du das?
888 3581 2887 3842 Ri: Na, das ist doch sehr klar! (Das Blatt
