3528 4104
2819 352 2964 547 23
939 564 2312 743 eine Staatskarrière vor sich.
936 686 3117 825 - Der Artikel wird also im Sinnefür den Grafen
930 834 3066 1030 geändert. "Er wird überdies zu Ihrem Jubiläum
922 1027 1305 1188 kommen.'
936 1325 3060 1478 Indess sind in der Grube grässliche Dinge vor
925 1495 3092 1639 gegangen.Blut ist geflossen. Die Streikbrecher
936 1605 3188 1773 werden geschützt. Militär. Sieben Leute erschos-
927 1818 3040 1937 sen. Interpellation morgen. Dringlichkeitsan¬
936 1923 3040 2087 trag. Aufregung in Wien. Der Graf als Wilder.
930 2085 3143 2269 Die Regierung ist zu weit gegangen. Alles hängt
942 2260 3015 2439 von der morgigen Sitzung ab. Oder auch nicht
925 2451 1186 2558 mehr.
925 2694 3040 2884 Die Interpellation wurde gestern eingebracht.
925 2904 3134 3009 Antwort des Ministers. Man musste einschreiten.
996 3029 3100 3208 Empörende Rede des Grafen. "Was liegt daran?
936 3174 3103 3347 Tausende fallen in Religionskriegen, Millionen
944 3367 3140 3506 in grässlichen Krankheiten, und Sie, meine Her-
927 3525 3083 3639 ren, versuchen, dem Volk eine Komödie der Ent-
936 3625 3213 3837 rüstung vorzuspielen, weil sieben Menschen einen
