3560 4200
2765 467 2888 648 63
806 610 2975 818 Werb: Warum sagen Sie mir denn nimmer Robert?
812 783 3162 1016 Ag: Na, wenn man sich alle heiligen Zeiten einmal
1060 987 1440 1177 steht...
815 1121 2689 1299 Werb: Ich komm' schon nächstens einmal.
821 1282 2535 1483 Ag: Ja, aber gemütlich - zum Essen.
829 1431 2356 1624 Werb: Wenn S' mir was geben -?
835 1591 2975 1764 Ag: Wissen Sie, es is nur - Sie dürfen's ihm
1077 1737 2172 1936 aber nicht zurücksagen
844 1918 1939 2099 Werb: Bin ich denn so?
847 2047 3086 2263 Ag: Er is ein bissl empfindlich. Er denkt sich
1089 2205 3168 2389 immer gleich alles Mögliche. DassxSie sich
1101 2359 3174 2573 gar nicht um ihn gekümmert haben in der letz
1142 2508 3183 2695 ten Zeit, das hat ihn verletzt. Da meint er
1110 2695 3028 2879 immer gleich, man hat keinen Respekt vor
1118 2821 3051 3040 ihm. Und besonders Sie, von dem er so rie
1115 2996 1851 3183 sig viel hält...
876 3130 1375 3332 Werb: So?
1107 3247 2981 3486 Na, Sie werden's ja merken, heut an der
870 3367 1060 3554 Ag:
1113 3378 3113 3653 Kritik. Wie Sie uns damals das Stück vorge
1124 3621 2634 3863 lesen haben, da war er ganz weg.
