3432 4136
1392 544 2915 663 :auf seine Stirne weisend:
1004 562 1312 696 Kohnb:
1257 663 3004 880 stammt von einem (gewissen) deutsch-na-
1257 855 3022 969 tionalen Studenten, der offenbar auch
1257 1009 3124 1136 geglaubt hat, ich bin erhaben. Belieben
1275 1158 2987 1282 das festzuhalten, und sich antisemi¬
1262 1257 3101 1431 tisch mit andern Leuten auszuschmusen.)
1091 1471 3086 1600 Obend: Aber Kohnberger! ich weiss ja, Sie
1282 1583 3131 1754 sein a Maccabäer. Na hören Sie, wie ich
1282 1769 3074 1899 über die Dinge denk’, wissen Sie doch.
1267 1911 3039 2068 Beweis genug: ich sitz' in dem Blatt,
1287 2075 2970 2227 und - bitte - - :Er weist auf den
1307 2232 2617 2435 eben hereintretenden Markus:
1337 2572 2565 2791 Ist der geringen Kranken sehr die!
204 3052 360 3213 F.
