3448 4232
2762 356 2881 521 12
671 492 2901 700 Frau M: Gratuliere, lieber Franz. Ich darf Ih-
804 677 2832 885 nen doch so sagen? - Es soll ja ein so
819 839 2193 1012 riesiger Erfolg gewesen sein.
674 995 2424 1171 We: Ja, es ist ganz gut ausgefallen.
674 1157 2650 1328 Rich: Ja, nur unser Blatt ist etwas kühl.
628 1336 2846 1545 (Frau:M: So, wer hat denn das geschrieben? Der
816 1449 1834 1640 Kestner ist ja krank.
683 1597 1701 1822 Si: Ich war so frei.
697 1756 1466 1970 Frau M: Sie?...
694 1808 3023 2112 Si: Ja, ich habe mir erlaubt. - Du nimst mir es
856 2068 2496 2268 ja hoffentlich nicht übel, Verburg?
706 2247 2968 2430 We: Wesshalb sollt' ich dir's denn übel nehmen?
804 2372 2242 2545 Wer kümmert sich denn da drum?
454 2965 1617 3219 Jetzt möglichte Richard u. Wärker
1631 3072 2409 3280 Abzahle mit dir...
547 3150 1203 3352 John Fiele, etc...
457 3277 1762 3494 R: W. - was elf N. Culian pass -!-
605 3454 1221 3642 die Graf dage¬
