3464 4216
2835 192 2970 356 36
915 297 3008 521 gefeiert, und Sie befinden sich im Hause mei-
910 478 2462 656 nes Vaters, Ihres Chefredakteurs.
767 656 2938 842 Si: Ja, das wir ihm gebaut haben,- mit unserm
950 818 2184 1007 Schweiss, mit unserm Blut!
1004 972 2597 1177 Du, Silberstein, komm doch zu dir.
783 1026 934 1191 We:
996 1112 2792 1320 Rücksichten!... ich nehme Rücksiehten!
780 1180 940 1347 Si:
994 1269 2408 1466 Du, ich bitte dich, Gustav...
778 1323 956 1496 Ag:
983 1382 3078 1639 Wie? ich lasse mich niederbegeln... ich las-
772 1490 937 1663 Si:
923 1550 3005 1785 se mir von schlanken Grafs imponieren... ich
932 1688 3032 1895 spreche meine Ansichten nicht rückhaltlos aus
861 1855 2973 2109 ich verkaufe meine Ueberzeugung - was? Nun,
923 2001 2967 2252 ich will euch zeigen, dass ich niemand brau-
940 2157 2870 2408 che... Ich rede nicht die Wahrheit... ich
940 2327 3002 2557 verschweige... hm! vielleicht habt ihr nicht
942 2460 3038 2676 so Unrecht. Die Wahrheit verschweigen, heisst
942 2630 3062 2848 auch lügen. Und bitte, wenn es so dringend ge-
942 2789 3105 3035 wünscht wird, ich kann auch die ganze Wahrheit
1304 2935 1841 3048 hier sont ele
899 2946 2978 3197 sagen... Ich hätte den selben Toast gehalten
1728 3059 2503 3208 Battum de Heidl
945 3086 3083 3289 wie Freund Voll?... Na hört, ich will euch ei-
942 3205 3094 3491 nen Toast halten!.. (Auf wen hat Herr Voll toa-
940 3367 3054 3659 stiert? Auf den Herausgeber dieses Blattes...
1069 3694 2784 3972 Es ist unwahr, dass der Herausgeber
