3528 4120
547 573 2366 766 Blattes mit denen der Regierung gleich.
538 737 2142 927 Demons trationen vor dem Parlament.
530 918 1958 1103 Das Ministerium demissieniert.
533 1082 2741 1241 Richard will zu Silberstein sich entschuldigen.
538 1189 2743 1436 Da kommt S. in die Redaktion sich seine Papiere
547 1408 941 1531 abholen.
530 1517 2260 1701 Richard bittet ihn un Entschuldigung
541 1687 2856 1819 Si Ich kann es nicht annehmen, denn eben wollt ich
535 1834 2657 2009 zu Dir.Agathe hat sich mir zu Füssen gewofen.
533 2001 2087 2171 Dann Demission des Ministeriums.
533 2145 2703 2329 Nein, die Leute Jahren wieder ein, der Stetk ist
541 2335 757 2441 aus.
527 2470 2749 2634 Markus : Nun und wenn wir dagegen gewesen wären?
527 2605 1488 2746 Es ist noch zu frilh.
