3288 3912
892 396 2996 564 um die Minister, um keine Regierung, um kleine
892 555 2907 690 Abonnenten und nicht um unsere Karrière. Du
887 682 2845 855 hast zehn Millionen, ich bin dein einziger
892 868 2818 998 Sohn und könnte nötigenfalls, wie sich ja
890 998 2901 1141 schon gezeigt hat, auf deine zehn Millionen
890 1186 2845 1335 bis auf den letzten Heller verzichten. Wir
887 1292 2818 1459 hätten in Wirklichkeit auf nichts Anderes
887 1456 2845 1593 Rücksicht zu nehmen als auf unser Gewissen.
890 1634 3025 1750 Warum tun wir es nicht? Warum nehmen wir Rück-
890 1761 2934 1914 sicht auf allerlei, was uns nichts angeht? -
895 1949 2866 2065 Ja, um Himmelswillen, erkläre mir, was uns
901 2087 2861 2219 veranlasst, mit unserer wahren Meinung zu-
892 2192 3033 2402 rückzuhalten, so über alle Maassen vorsichtig,
936 2381 2960 2551 ... ja, ich habe kein anderes Wort: feige zu
901 2578 1173 2688 se in?
758 2629 2718 2823 Mark: Richard, überlege, was du sprichst.
752 2801 2923 3049 Rich: Das tu' ich. Ich verstehe auch die Feig-
898 2979 2925 3133 heit. - Ich verstehe die Feigheit der Leute,
903 3141 2877 3311 die um ihre Existenz zittern - oder um die
895 3257 2931 3492 Existenz der Ihrigen, und denen ein mutiges
914 3435 3012 3621 Wort ihr Brot kosten kann. Ich verstehe sogar
