<?xml version="1.0" encoding="UTF-8" standalone="yes"?>
<PcGts xmlns="http://schema.primaresearch.org/PAGE/gts/pagecontent/2013-07-15" xmlns:xsi="http://www.w3.org/2001/XMLSchema-instance" xsi:schemaLocation="http://schema.primaresearch.org/PAGE/gts/pagecontent/2013-07-15 http://schema.primaresearch.org/PAGE/gts/pagecontent/2013-07-15/pagecontent.xsd">
    <Metadata>
        <Creator>prov=READ-COOP:name=TrHtr:version=2.1.0:model_id=51170:date=15_08_2023_08:10</Creator>
        <Created>2023-05-10T13:31:21.032+02:00</Created>
        <LastChange>2023-08-15T08:10:19.957+02:00</LastChange>
        <TranskribusMetadata docId="1429040" pageId="55435588" pageNr="158" tsid="132842304" status="IN_PROGRESS" userId="64420" imgUrl="https://files.transkribus.eu/Get?id=IQTJNERBNWLLGFZEVZDAXUCZ&amp;fileType=view" xmlUrl="https://files.transkribus.eu/Get?id=XSTZVQSJURFMGAERXNPHOIKH" imageId="44709578"/>
    </Metadata>
    <Page imageFilename="1429040_0158.jpg" imageWidth="3432" imageHeight="4152">
        <ReadingOrder>
            <OrderedGroup id="ro_1711799547030" caption="Regions reading order">
                <RegionRefIndexed index="0" regionRef="tr_1"/>
                <RegionRefIndexed index="1" regionRef="tr_2"/>
            </OrderedGroup>
        </ReadingOrder>
        <TextRegion id="tr_1" custom="readingOrder {index:0;}">
            <Coords points="776,388 3083,388 3083,2042 776,2042"/>
            <TextLine id="tr_1_tl_1" custom="readingOrder {index:0;}">
                <Coords points="2852,494 2869,494 2883,482 2895,482 2921,459 2979,459 2979,329 2930,338 2918,329 2892,341 2878,329 2852,326"/>
                <Baseline points="2868,441 2913,438 2958,438 2984,441"/>
                <TextEquiv>
                    <Unicode>85</Unicode>
                </TextEquiv>
            </TextLine>
            <TextLine id="tr_1_tl_2" custom="readingOrder {index:1;}">
                <Coords points="759,644 860,672 912,641 987,664 1111,635 1180,678 1299,644 1383,675 1507,647 1510,548 1417,557 1244,505 1103,569 984,522 872,577 759,577"/>
                <Baseline points="776,641 793,641 838,641 883,638 928,638 973,638 1017,641 1062,644 1107,638 1152,638 1196,635 1241,632 1286,632 1331,632 1376,632 1420,629 1465,623 1510,623"/>
                <TextEquiv>
                    <Unicode>Mark: Gewäsch!</Unicode>
                </TextEquiv>
            </TextLine>
            <TextLine id="tr_1_tl_3" custom="readingOrder {index:2;}">
                <Coords points="771,892 1221,797 3033,805 3077,664 2575,707 2017,623 1383,727 776,649"/>
                <Baseline points="790,796 796,793 841,793 886,793 931,793 976,793 1020,793 1065,793 1110,790 1155,790 1199,790 1244,790 1289,790 1334,790 1379,788 1423,788 1468,788 1513,785 1558,785 1602,785 1647,785 1692,782 1737,782 1781,779 1826,779 1871,776 1916,776 1961,776 2005,776 2050,776 2095,773 2140,773 2184,773 2229,773 2274,770 2319,773 2364,773 2408,773 2453,773 2498,770 2543,767 2587,764 2632,764 2677,764 2722,764 2767,764 2811,761 2856,761 2901,758 2946,755 2990,752 3035,749 3080,752"/>
                <TextEquiv>
                    <Unicode>Voll: authentisch! Es ist allerdings zwölf Jahre</Unicode>
                </TextEquiv>
            </TextLine>
            <TextLine id="tr_1_tl_4" custom="readingOrder {index:3;}">
                <Coords points="903,955 1071,1019 1180,970 1250,1002 1345,1002 1501,976 1504,880 1261,857 1209,875 1111,837 1025,877 906,857"/>
                <Baseline points="919,949 925,949 970,943 1014,943 1059,946 1104,946 1149,946 1193,943 1238,943 1283,943 1328,940 1373,940 1417,940 1462,940 1507,943"/>
                <TextEquiv>
                    <Unicode>her seitdem.</Unicode>
                </TextEquiv>
            </TextLine>
            <TextLine id="tr_1_tl_5" custom="readingOrder {index:4;}">
                <Coords points="756,1157 2906,1105 2909,976 759,1045"/>
                <Baseline points="776,1107 805,1104 850,1104 895,1104 940,1104 985,1104 1029,1104 1074,1104 1119,1101 1164,1098 1208,1098 1253,1098 1298,1098 1343,1095 1387,1095 1432,1095 1477,1095 1522,1095 1567,1092 1611,1092 1656,1092 1701,1092 1746,1092 1790,1089 1835,1089 1880,1089 1925,1086 1970,1086 2014,1086 2059,1086 2104,1086 2149,1083 2193,1083 2238,1083 2283,1080 2328,1080 2372,1080 2417,1080 2462,1077 2507,1077 2552,1071 2596,1071 2641,1071 2686,1071 2731,1068 2775,1068 2820,1065 2865,1062 2910,1068"/>
                <TextEquiv>
                    <Unicode>Mark: Ich kenne viele Juden, die in der Zeit</Unicode>
                </TextEquiv>
            </TextLine>
            <TextLine id="tr_1_tl_6" custom="readingOrder {index:5;}">
                <Coords points="906,1319 2930,1256 2932,1143 2427,1189 2199,1094 1639,1186 912,1129"/>
                <Baseline points="925,1259 967,1256 1011,1256 1056,1253 1101,1253 1146,1253 1190,1253 1235,1253 1280,1250 1325,1250 1370,1250 1414,1250 1459,1250 1504,1250 1549,1247 1593,1247 1638,1247 1683,1247 1728,1244 1773,1244 1817,1241 1862,1244 1907,1241 1952,1241 1996,1241 2041,1238 2086,1241 2131,1241 2175,1238 2220,1235 2265,1235 2310,1232 2355,1229 2399,1232 2444,1232 2489,1232 2534,1229 2578,1229 2623,1226 2668,1226 2713,1223 2758,1223 2802,1220 2847,1220 2892,1220 2937,1217"/>
                <TextEquiv>
                    <Unicode>Antisemiten geworden sind; warum soll nicht</Unicode>
                </TextEquiv>
            </TextLine>
            <TextLine id="tr_1_tl_7" custom="readingOrder {index:6;}">
                <Coords points="912,1443 2243,1394 2684,1469 3002,1411 3005,1302 912,1325"/>
                <Baseline points="928,1405 946,1405 990,1408 1035,1408 1080,1411 1125,1408 1170,1408 1214,1405 1259,1405 1304,1405 1349,1405 1393,1405 1438,1405 1483,1405 1528,1402 1573,1402 1617,1402 1662,1399 1707,1399 1752,1396 1796,1393 1841,1393 1886,1393 1931,1393 1976,1393 2020,1393 2065,1393 2110,1393 2155,1393 2199,1390 2244,1390 2289,1387 2334,1387 2378,1387 2423,1384 2468,1384 2513,1384 2558,1384 2602,1384 2647,1382 2692,1379 2737,1379 2781,1382 2826,1379 2871,1379 2916,1379 2961,1379 3005,1382"/>
                <TextEquiv>
                    <Unicode>ein Antisemit in der selben Zeit Judenfreund</Unicode>
                </TextEquiv>
            </TextLine>
            <TextLine id="tr_1_tl_8" custom="readingOrder {index:7;}">
                <Coords points="918,1587 1022,1605 1114,1648 1140,1628 1172,1631 1209,1599 1276,1608 1276,1449 1250,1440 1212,1463 1154,1452 1085,1507 1039,1524 918,1507"/>
                <Baseline points="934,1561 979,1564 1023,1564 1068,1564 1113,1564 1158,1564 1202,1561 1247,1561 1280,1561"/>
                <TextEquiv>
                    <Unicode>werden?</Unicode>
                </TextEquiv>
            </TextLine>
            <TextLine id="tr_1_tl_9" custom="readingOrder {index:8;}">
                <Coords points="771,1766 2956,1735 3080,1723 3083,1599 1807,1567 1677,1642 1408,1576 774,1648"/>
                <Baseline points="790,1722 799,1722 844,1722 889,1725 934,1725 979,1722 1023,1725 1068,1725 1113,1722 1158,1722 1202,1722 1247,1722 1292,1719 1337,1716 1382,1716 1426,1716 1471,1716 1516,1716 1561,1716 1605,1716 1650,1713 1695,1710 1740,1710 1784,1710 1829,1710 1874,1710 1919,1710 1964,1707 2008,1707 2053,1704 2098,1704 2143,1701 2187,1704 2232,1704 2277,1704 2322,1704 2367,1701 2411,1701 2456,1701 2501,1698 2546,1695 2590,1695 2635,1692 2680,1692 2725,1689 2769,1689 2814,1689 2859,1689 2904,1689 2949,1686 2993,1683 3038,1677 3083,1677"/>
                <TextEquiv>
                    <Unicode>Voll: Er hat auf seinem Guten ein paar arme Leu¬</Unicode>
                </TextEquiv>
            </TextLine>
            <TextLine id="tr_1_tl_10" custom="readingOrder {index:9;}">
                <Coords points="918,1908 1042,1957 1726,1873 2927,1902 2947,1787 2222,1743 1556,1818 1429,1746 921,1758"/>
                <Baseline points="934,1877 937,1877 982,1874 1026,1877 1071,1874 1116,1874 1161,1874 1205,1874 1250,1874 1295,1874 1340,1871 1384,1871 1429,1871 1474,1871 1519,1871 1564,1871 1608,1868 1653,1868 1698,1865 1743,1865 1787,1865 1832,1868 1877,1868 1922,1868 1967,1865 2011,1862 2056,1862 2101,1862 2146,1859 2190,1859 2235,1859 2280,1859 2325,1859 2370,1856 2414,1856 2459,1856 2504,1853 2549,1850 2593,1850 2638,1847 2683,1847 2728,1847 2772,1847 2817,1847 2862,1844 2907,1844 2952,1844"/>
                <TextEquiv>
                    <Unicode>te einsperren lassen, die Holz im Werte von</Unicode>
                </TextEquiv>
            </TextLine>
            <TextLine id="tr_1_tl_11" custom="readingOrder {index:10;}">
                <Coords points="915,2061 1166,2032 1351,2067 1446,2029 1593,2093 1683,2055 1798,2090 1980,2038 2075,2081 2196,2038 2199,1942 1553,1957 1290,1905 915,1963"/>
                <Baseline points="931,2032 949,2032 993,2032 1038,2032 1083,2032 1128,2032 1173,2029 1217,2029 1262,2029 1307,2026 1352,2026 1396,2026 1441,2026 1486,2023 1531,2023 1576,2023 1620,2026 1665,2023 1710,2023 1755,2023 1799,2020 1844,2020 1889,2020 1934,2017 1978,2017 2023,2014 2068,2014 2113,2014 2158,2014 2202,2017"/>
                <TextEquiv>
                    <Unicode>20 Kreuzer gestohlen haben.</Unicode>
                </TextEquiv>
            </TextLine>
        </TextRegion>
        <TextRegion id="tr_2" custom="readingOrder {index:1;}">
            <Coords points="790,2108 3155,2108 3155,3765 790,3765"/>
            <TextLine id="tr_2_tl_1" custom="readingOrder {index:0;}">
                <Coords points="771,2303 1068,2202 2970,2199 2973,2052 1385,2127 1039,2038 776,2078"/>
                <Baseline points="790,2193 829,2190 874,2190 919,2187 964,2187 1008,2187 1053,2190 1098,2190 1143,2187 1187,2187 1232,2187 1277,2187 1322,2184 1367,2181 1411,2181 1456,2181 1501,2181 1546,2181 1590,2178 1635,2178 1680,2178 1725,2175 1770,2175 1814,2175 1859,2175 1904,2175 1949,2173 1993,2173 2038,2173 2083,2173 2128,2170 2173,2170 2217,2170 2262,2170 2307,2170 2352,2170 2396,2167 2441,2167 2486,2164 2531,2164 2575,2164 2620,2164 2665,2161 2710,2161 2755,2158 2799,2158 2844,2158 2889,2158 2934,2158 2978,2164"/>
                <TextEquiv>
                    <Unicode>Mark: Die Geschichte kenn' ich. Lassen Sie Dr.</Unicode>
                </TextEquiv>
            </TextLine>
            <TextLine id="tr_2_tl_2" custom="readingOrder {index:1;}">
                <Coords points="915,2424 1460,2344 2967,2358 2967,2228 2696,2214 918,2280"/>
                <Baseline points="934,2349 961,2346 1005,2346 1050,2343 1095,2343 1140,2343 1185,2343 1229,2343 1274,2340 1319,2340 1364,2337 1408,2337 1453,2334 1498,2334 1543,2337 1587,2334 1632,2334 1677,2331 1722,2334 1767,2334 1811,2331 1856,2328 1901,2328 1946,2328 1990,2328 2035,2328 2080,2328 2125,2328 2170,2328 2214,2325 2259,2325 2304,2322 2349,2325 2393,2322 2438,2322 2483,2322 2528,2319 2572,2319 2617,2319 2662,2319 2707,2316 2752,2316 2796,2316 2841,2316 2886,2316 2931,2319 2975,2322"/>
                <TextEquiv>
                    <Unicode>Geier Gutsbesitzer werden und warten Sie ab,</Unicode>
                </TextEquiv>
            </TextLine>
            <TextLine id="tr_2_tl_3" custom="readingOrder {index:2;}">
                <Coords points="926,2534 2753,2505 2846,2494 2849,2372 2702,2436 2358,2352 2188,2422 1432,2364 1296,2442 926,2422"/>
                <Baseline points="943,2501 973,2501 1017,2501 1062,2501 1107,2501 1152,2501 1196,2501 1241,2498 1286,2498 1331,2495 1376,2495 1420,2495 1465,2495 1510,2492 1555,2495 1599,2492 1644,2492 1689,2489 1734,2489 1779,2489 1823,2489 1868,2489 1913,2489 1958,2489 2002,2489 2047,2489 2092,2486 2137,2486 2181,2486 2226,2483 2271,2483 2316,2480 2361,2480 2405,2480 2450,2480 2495,2477 2540,2474 2584,2474 2629,2474 2674,2474 2719,2474 2764,2474 2808,2471 2853,2468"/>
                <TextEquiv>
                    <Unicode>was er tut, wenn man ihm das Holz aus den</Unicode>
                </TextEquiv>
            </TextLine>
            <TextLine id="tr_2_tl_4" custom="readingOrder {index:3;}">
                <Coords points="924,2670 1180,2722 2398,2635 2843,2693 2944,2650 2947,2523 2693,2577 2133,2508 1706,2589 1495,2511 1091,2598 926,2534"/>
                <Baseline points="940,2656 985,2656 1029,2656 1074,2656 1119,2656 1164,2653 1208,2653 1253,2653 1298,2653 1343,2653 1387,2650 1432,2650 1477,2650 1522,2650 1567,2650 1611,2647 1656,2647 1701,2650 1746,2650 1790,2647 1835,2644 1880,2644 1925,2644 1970,2644 2014,2644 2059,2644 2104,2644 2149,2644 2193,2641 2238,2638 2283,2638 2328,2635 2372,2638 2417,2638 2462,2638 2507,2635 2552,2635 2596,2635 2641,2635 2686,2632 2731,2632 2775,2629 2820,2629 2865,2626 2910,2626 2955,2626"/>
                <TextEquiv>
                    <Unicode>Wäldern stiehlt.- Kurz und gut: morgen muss</Unicode>
                </TextEquiv>
            </TextLine>
            <TextLine id="tr_2_tl_5" custom="readingOrder {index:4;}">
                <Coords points="924,2860 3103,2808 3103,2650 2791,2751 2107,2678 1492,2765 926,2728"/>
                <Baseline points="943,2814 958,2814 1002,2811 1047,2811 1092,2811 1137,2811 1182,2811 1226,2808 1271,2808 1316,2808 1361,2808 1405,2808 1450,2805 1495,2805 1540,2805 1584,2802 1629,2802 1674,2802 1719,2802 1764,2802 1808,2802 1853,2802 1898,2799 1943,2799 1987,2799 2032,2799 2077,2799 2122,2799 2167,2796 2211,2796 2256,2796 2301,2793 2346,2793 2390,2796 2435,2793 2480,2793 2525,2793 2570,2793 2614,2790 2659,2787 2704,2787 2749,2790 2793,2790 2838,2790 2883,2790 2928,2790 2972,2787 3017,2787 3062,2784 3107,2781"/>
                <TextEquiv>
                    <Unicode>unser Blatt einen Artikel haben, in dem... ich</Unicode>
                </TextEquiv>
            </TextLine>
            <TextLine id="tr_2_tl_6" custom="readingOrder {index:5;}">
                <Coords points="926,2979 2722,2984 2987,2944 2990,2808 2748,2872 2549,2823 2442,2892 926,2904"/>
                <Baseline points="943,2972 979,2972 1023,2969 1068,2969 1113,2969 1158,2969 1202,2966 1247,2966 1292,2966 1337,2966 1382,2966 1426,2964 1471,2964 1516,2961 1561,2961 1605,2958 1650,2958 1695,2958 1740,2958 1784,2958 1829,2958 1874,2958 1919,2958 1964,2955 2008,2955 2053,2955 2098,2955 2143,2952 2187,2952 2232,2952 2277,2949 2322,2952 2367,2949 2411,2949 2456,2949 2501,2949 2546,2946 2590,2946 2635,2943 2680,2943 2725,2943 2769,2943 2814,2940 2859,2940 2904,2937 2949,2934 2993,2931"/>
                <TextEquiv>
                    <Unicode>will nicht direkt sagen: die Kandidatur Nie¬</Unicode>
                </TextEquiv>
            </TextLine>
            <TextLine id="tr_2_tl_7" custom="readingOrder {index:6;}">
                <Coords points="935,3158 1717,3123 1873,3178 1966,3137 2078,3160 2246,3126 2248,3010 2081,2979 1876,3062 1697,3010 1426,3074 938,3065"/>
                <Baseline points="952,3125 958,3125 1002,3125 1047,3125 1092,3125 1137,3125 1182,3125 1226,3125 1271,3122 1316,3122 1361,3119 1405,3122 1450,3119 1495,3116 1540,3119 1584,3116 1629,3116 1674,3113 1719,3116 1764,3116 1808,3116 1853,3113 1898,3113 1943,3113 1987,3113 2032,3113 2077,3113 2122,3113 2167,3113 2211,3113 2256,3116"/>
                <TextEquiv>
                    <Unicode>derhofs unterstützt wird....</Unicode>
                </TextEquiv>
            </TextLine>
            <TextLine id="tr_2_tl_8" custom="readingOrder {index:7;}">
                <Coords points="802,3337 2589,3302 3091,3233 3094,3088 1593,3218 805,3195"/>
                <Baseline points="817,3289 859,3283 904,3283 949,3283 993,3283 1038,3283 1083,3286 1128,3283 1173,3280 1217,3280 1262,3280 1307,3277 1352,3274 1396,3271 1441,3271 1486,3274 1531,3274 1576,3274 1620,3274 1665,3271 1710,3268 1755,3268 1799,3268 1844,3268 1889,3268 1934,3268 1978,3268 2023,3268 2068,3265 2113,3265 2158,3265 2202,3262 2247,3262 2292,3259 2337,3259 2381,3259 2426,3259 2471,3256 2516,3256 2561,3253 2605,3253 2650,3247 2695,3238 2740,3229 2784,3229 2829,3226 2874,3223 2919,3223 2964,3220 3008,3220 3053,3217 3098,3217"/>
                <TextEquiv>
                    <Unicode>Voll: Das wäre allerdings zu deutlich.</Unicode>
                </TextEquiv>
            </TextLine>
            <TextLine id="tr_2_tl_9" custom="readingOrder {index:8;}">
                <Coords points="2650,3360 2681,3368 2719,3339 2788,3325 2892,3357 2964,3328 2996,3348 3120,3354 3146,3345 3149,3247 3094,3253 3059,3221 2970,3261 2869,3230 2820,3259 2748,3235 2704,3259 2652,3256"/>
                <Baseline points="2665,3328 2707,3322 2752,3322 2796,3322 2841,3322 2886,3322 2931,3325 2975,3322 3020,3322 3065,3325 3110,3322 3155,3319"/>
                <TextEquiv>
                    <Unicode>gleich selbst,</Unicode>
                </TextEquiv>
            </TextLine>
            <TextLine id="tr_2_tl_10" custom="readingOrder {index:9;}">
                <Coords points="776,3449 3010,3464 3091,3452 3094,3351 779,3360"/>
                <Baseline points="793,3441 817,3438 862,3438 907,3438 952,3438 996,3438 1041,3438 1086,3441 1131,3435 1176,3435 1220,3432 1265,3432 1310,3432 1355,3432 1399,3432 1444,3429 1489,3429 1534,3429 1579,3429 1623,3429 1668,3429 1713,3426 1758,3426 1802,3426 1847,3423 1892,3420 1937,3420 1981,3423 2026,3420 2071,3420 2116,3417 2161,3417 2205,3417 2250,3417 2295,3414 2340,3414 2384,3411 2429,3411 2474,3411 2519,3408 2564,3408 2608,3408 2653,3408 2698,3408 2743,3411 2787,3411 2832,3408 2877,3408 2922,3408 2966,3408 3011,3402 3056,3405 3101,3408"/>
                <TextEquiv>
                    <Unicode>Mark: Herr Voll, Sie können auch zu einem andern</Unicode>
                </TextEquiv>
            </TextLine>
            <TextLine id="tr_2_tl_11" custom="readingOrder {index:10;}">
                <Coords points="926,3616 3005,3585 3005,3475 2517,3492 2398,3423 2202,3501 1709,3435 929,3484"/>
                <Baseline points="943,3596 949,3593 993,3596 1038,3593 1083,3593 1128,3593 1173,3596 1217,3596 1262,3593 1307,3590 1352,3590 1396,3590 1441,3590 1486,3590 1531,3587 1576,3590 1620,3593 1665,3590 1710,3587 1755,3584 1799,3581 1844,3578 1889,3578 1934,3578 1978,3578 2023,3578 2068,3575 2113,3575 2158,3575 2202,3575 2247,3575 2292,3572 2337,3572 2381,3569 2426,3569 2471,3569 2516,3566 2561,3566 2605,3563 2650,3563 2695,3566 2740,3566 2784,3566 2829,3566 2874,3563 2919,3560 2964,3558 3008,3560"/>
                <TextEquiv>
                    <Unicode>Blatt gehen. Es giebt noch andere Leute, die</Unicode>
                </TextEquiv>
            </TextLine>
            <TextLine id="tr_2_tl_12" custom="readingOrder {index:11;}">
                <Coords points="924,3790 1241,3761 1420,3824 1919,3758 2297,3772 2300,3666 1541,3642 1426,3694 1183,3631 924,3706"/>
                <Baseline points="940,3752 961,3755 1005,3752 1050,3752 1095,3752 1140,3752 1185,3749 1229,3749 1274,3749 1319,3746 1364,3746 1408,3746 1453,3746 1498,3746 1543,3743 1587,3743 1632,3743 1677,3743 1722,3740 1767,3740 1811,3737 1856,3737 1901,3737 1946,3737 1990,3737 2035,3734 2080,3734 2125,3734 2170,3731 2214,3731 2259,3734 2304,3737"/>
                <TextEquiv>
                    <Unicode>Leitartikel schreiben können.</Unicode>
                </TextEquiv>
            </TextLine>
        </TextRegion>
    </Page>
</PcGts>
