3336 3976
2769 352 2906 479 12
702 499 1751 692 Ri: Was wirst du tun?
712 664 2625 851 Si: Stellung suchen, von neuem anfangen.
937 816 2972 983 Hm, das war eine überflüssige Sache gestern
712 877 882 1008 Ri :
955 1016 1262 1140 Abend.
953 1110 2954 1264 Es war blöd. Was ändre ich denn? Meine arme
722 1171 879 1295 Si:
965 1244 3002 1442 Agathe! Soll ich dir's nur gestehen: sie hat
970 1414 2962 1589 geweint, den ganzen Abend, die ganze Nacht.
978 1556 2939 1751 Jetzt hat sie geglaubt, ich gehe schon zum
973 1708 2919 1878 Duell, ist vor mir auf den Knieen gelegen,
981 1872 2944 2050 hat mich angejammert. Donnerwetter! es hat
988 2052 1606 2209 mir wehgetan.
