<?xml version="1.0" encoding="UTF-8" standalone="yes"?>
<PcGts xmlns="http://schema.primaresearch.org/PAGE/gts/pagecontent/2013-07-15" xmlns:xsi="http://www.w3.org/2001/XMLSchema-instance" xsi:schemaLocation="http://schema.primaresearch.org/PAGE/gts/pagecontent/2013-07-15 http://schema.primaresearch.org/PAGE/gts/pagecontent/2013-07-15/pagecontent.xsd">
    <Metadata>
        <Creator>prov=READ-COOP:name=TrHtr:version=2.1.0:model_id=51170:date=15_08_2023_08:10</Creator>
        <Created>2023-05-10T13:31:30.283+02:00</Created>
        <LastChange>2023-08-15T08:10:38.436+02:00</LastChange>
        <TranskribusMetadata docId="1429040" pageId="55435954" pageNr="227" tsid="132842389" status="IN_PROGRESS" userId="64420" imgUrl="https://files.transkribus.eu/Get?id=QNZRBJQHGOHRMFBZWLVJCWVR&amp;fileType=view" xmlUrl="https://files.transkribus.eu/Get?id=NFZUPIMPDCFCCCABNOKQPLKP" imageId="44709944"/>
    </Metadata>
    <Page imageFilename="1429040_0227.jpg" imageWidth="3368" imageHeight="4008">
        <ReadingOrder>
            <OrderedGroup id="ro_1711799692215" caption="Regions reading order">
                <RegionRefIndexed index="0" regionRef="tr_1"/>
                <RegionRefIndexed index="1" regionRef="tr_2"/>
            </OrderedGroup>
        </ReadingOrder>
        <TextRegion id="tr_1" custom="readingOrder {index:0;}">
            <Coords points="740,568 3043,568 3043,2473 740,2473"/>
            <TextLine id="tr_1_tl_1" custom="readingOrder {index:0;}">
                <Coords points="765,658 1177,638 1711,739 2079,653 2341,674 2367,542 767,565"/>
                <Baseline points="782,624 806,627 851,633 895,633 940,633 985,636 1030,639 1075,633 1119,636 1164,633 1209,633 1254,633 1299,630 1343,627 1388,627 1433,627 1478,627 1523,627 1567,627 1612,627 1657,627 1702,627 1747,624 1791,624 1836,624 1881,621 1926,621 1971,621 2015,621 2060,621 2105,621 2150,621 2195,621 2239,621 2284,621 2329,621 2374,618"/>
                <TextEquiv>
                    <Unicode>Voll: mit dem Parlamentsbericht:</Unicode>
                </TextEquiv>
            </TextLine>
            <TextLine id="tr_1_tl_2" custom="readingOrder {index:1;}">
                <Coords points="728,806 762,822 848,809 881,827 959,809 985,832 1016,837 1089,814 1086,723 1055,718 1011,736 967,713 920,731 892,718 866,741 845,741 824,723 809,734 752,705 726,708"/>
                <Baseline points="740,782 785,785 830,788 875,791 919,791 964,791 1009,788 1054,788 1093,791"/>
                <TextEquiv>
                    <Unicode>Fragen.</Unicode>
                </TextEquiv>
            </TextLine>
            <TextLine id="tr_1_tl_3" custom="readingOrder {index:2;}">
                <Coords points="1024,936 1657,933 1789,1014 2735,977 2792,946 2792,835 1024,887"/>
                <Baseline points="1039,934 1051,934 1096,934 1140,937 1185,937 1230,937 1275,937 1320,937 1364,937 1409,937 1454,934 1499,937 1544,934 1588,934 1633,934 1678,931 1723,931 1768,931 1812,928 1857,928 1902,928 1947,931 1992,928 2036,931 2081,928 2126,928 2171,928 2216,928 2260,925 2305,925 2350,922 2395,922 2440,919 2484,922 2529,919 2574,922 2619,922 2664,922 2708,919 2753,919 2798,919"/>
                <TextEquiv>
                    <Unicode>Der Minister nieht so, nicht so. "Ich</Unicode>
                </TextEquiv>
            </TextLine>
            <TextLine id="tr_1_tl_4" custom="readingOrder {index:3;}">
                <Coords points="736,993 767,993 796,1008 837,1003 866,1016 879,1001 923,993 946,1001 975,988 972,876 946,879 928,866 918,874 897,858 887,874 868,881 843,874 830,887 765,863 734,876"/>
                <Baseline points="749,931 794,937 839,937 884,940 928,940 973,940 982,940"/>
                <TextEquiv>
                    <Unicode>Voll:</Unicode>
                </TextEquiv>
            </TextLine>
            <TextLine id="tr_1_tl_5" custom="readingOrder {index:4;}">
                <Coords points="996,1102 2647,1138 2875,1099 2878,970 998,1037"/>
                <Baseline points="1009,1090 1048,1090 1093,1087 1137,1087 1182,1087 1227,1087 1272,1087 1317,1087 1361,1087 1406,1087 1451,1087 1496,1084 1541,1084 1585,1084 1630,1084 1675,1084 1720,1081 1765,1081 1809,1081 1854,1081 1899,1081 1944,1084 1989,1084 2033,1081 2078,1084 2123,1084 2168,1081 2213,1081 2257,1078 2302,1075 2347,1075 2392,1072 2437,1072 2481,1072 2526,1075 2571,1075 2616,1072 2661,1072 2705,1072 2750,1069 2795,1069 2840,1069 2885,1072"/>
                <TextEquiv>
                    <Unicode>nehme keinen Anstoss, die Interpellation</Unicode>
                </TextEquiv>
            </TextLine>
            <TextLine id="tr_1_tl_6" custom="readingOrder {index:5;}">
                <Coords points="957,1257 1576,1239 1755,1320 2375,1250 2966,1286 3036,1263 3036,1141 2009,1130 1693,1206 957,1164"/>
                <Baseline points="970,1239 982,1239 1027,1239 1072,1245 1116,1245 1161,1245 1206,1245 1251,1242 1296,1242 1340,1239 1385,1239 1430,1236 1475,1239 1520,1236 1564,1236 1609,1236 1654,1236 1699,1236 1744,1236 1788,1233 1833,1233 1878,1233 1923,1233 1968,1230 2012,1230 2057,1230 2102,1230 2147,1230 2192,1230 2236,1227 2281,1227 2326,1227 2371,1224 2416,1224 2460,1227 2505,1224 2550,1224 2595,1224 2640,1221 2684,1224 2729,1221 2774,1221 2819,1218 2864,1218 2908,1218 2953,1218 2998,1221 3043,1221"/>
                <TextEquiv>
                    <Unicode>der geschätzten u.s.w. sofort zu beantworten.</Unicode>
                </TextEquiv>
            </TextLine>
            <TextLine id="tr_1_tl_7" custom="readingOrder {index:6;}">
                <Coords points="959,1431 1555,1392 1856,1488 2860,1434 2953,1423 2955,1309 959,1325"/>
                <Baseline points="973,1394 988,1394 1033,1394 1078,1394 1122,1394 1167,1394 1212,1394 1257,1391 1302,1391 1346,1391 1391,1388 1436,1388 1481,1388 1526,1388 1570,1388 1615,1385 1660,1388 1705,1391 1750,1391 1794,1391 1839,1388 1884,1385 1929,1385 1974,1385 2018,1382 2063,1379 2108,1382 2153,1385 2198,1382 2242,1379 2287,1379 2332,1379 2377,1379 2422,1376 2466,1379 2511,1376 2556,1376 2601,1376 2646,1373 2690,1373 2735,1373 2780,1376 2825,1370 2870,1370 2914,1367 2959,1373"/>
                <TextEquiv>
                    <Unicode>Es sind Vorwürfe gegen den guten Willen der</Unicode>
                </TextEquiv>
            </TextLine>
            <TextLine id="tr_1_tl_8" custom="readingOrder {index:7;}">
                <Coords points="949,1589 1887,1537 2170,1607 2971,1589 3012,1444 949,1467"/>
                <Baseline points="964,1544 1003,1544 1048,1544 1093,1547 1137,1544 1182,1547 1227,1547 1272,1547 1317,1544 1361,1544 1406,1541 1451,1544 1496,1541 1541,1538 1585,1538 1630,1538 1675,1538 1720,1538 1765,1538 1809,1535 1854,1538 1899,1535 1944,1538 1989,1535 2033,1535 2078,1535 2123,1535 2168,1535 2213,1535 2257,1532 2302,1532 2347,1532 2392,1529 2437,1526 2481,1526 2526,1526 2571,1526 2616,1529 2661,1529 2705,1529 2750,1526 2795,1526 2840,1526 2885,1523 2929,1523 2974,1523 3019,1520"/>
                <TextEquiv>
                    <Unicode>Regierung erhoben worden; die Regierung kann</Unicode>
                </TextEquiv>
            </TextLine>
            <TextLine id="tr_1_tl_9" custom="readingOrder {index:8;}">
                <Coords points="949,1721 1835,1685 2297,1773 2976,1708 2976,1602 949,1618"/>
                <Baseline points="964,1699 967,1699 1012,1699 1057,1699 1102,1699 1146,1699 1191,1699 1236,1699 1281,1696 1326,1693 1370,1696 1415,1693 1460,1693 1505,1693 1550,1687 1594,1690 1639,1690 1684,1687 1729,1687 1774,1687 1818,1687 1863,1684 1908,1687 1953,1684 1998,1687 2042,1687 2087,1684 2132,1684 2177,1684 2222,1684 2266,1684 2311,1681 2356,1681 2401,1681 2446,1681 2490,1681 2535,1678 2580,1678 2625,1678 2670,1678 2714,1675 2759,1678 2804,1675 2849,1675 2894,1678 2938,1675 2983,1675"/>
                <TextEquiv>
                    <Unicode>nicht umhin " etc. etc. Die Verhältnisse in</Unicode>
                </TextEquiv>
            </TextLine>
            <TextLine id="tr_1_tl_10" custom="readingOrder {index:9;}">
                <Coords points="951,1890 2084,1835 2341,1908 2948,1885 3025,1742 951,1825"/>
                <Baseline points="967,1854 970,1854 1015,1848 1060,1848 1105,1848 1149,1848 1194,1851 1239,1851 1284,1848 1329,1848 1373,1848 1418,1845 1463,1845 1508,1845 1553,1842 1597,1842 1642,1842 1687,1842 1732,1842 1777,1842 1821,1839 1866,1842 1911,1842 1956,1839 2001,1839 2045,1836 2090,1836 2135,1836 2180,1836 2225,1836 2269,1836 2314,1833 2359,1833 2404,1833 2449,1830 2493,1830 2538,1830 2583,1830 2628,1830 2672,1830 2717,1830 2762,1827 2807,1830 2852,1827 2896,1827 2941,1827 2986,1824 3031,1824"/>
                <TextEquiv>
                    <Unicode>der Gegend längst aufgewühlt in die dortigen</Unicode>
                </TextEquiv>
            </TextLine>
            <TextLine id="tr_1_tl_11" custom="readingOrder {index:10;}">
                <Coords points="964,2022 1911,1999 2287,2069 2880,2009 2924,1903 964,1952"/>
                <Baseline points="979,2006 1003,2006 1048,2004 1093,2001 1137,2001 1182,2001 1227,2001 1272,2001 1317,2001 1361,2001 1406,2001 1451,2001 1496,1998 1541,1998 1585,1998 1630,1998 1675,1998 1720,1998 1765,1995 1809,1995 1854,1995 1899,1992 1944,1992 1989,1992 2033,1992 2078,1992 2123,1992 2168,1992 2213,1989 2257,1989 2302,1989 2347,1989 2392,1986 2437,1986 2481,1986 2526,1983 2571,1980 2616,1980 2661,1980 2705,1980 2750,1980 2795,1980 2840,1980 2885,1977 2929,1980"/>
                <TextEquiv>
                    <Unicode>Arbeiterkreise von aussen her Unzufrieden-</Unicode>
                </TextEquiv>
            </TextLine>
            <TextLine id="tr_1_tl_12" custom="readingOrder {index:11;}">
                <Coords points="967,2193 1944,2141 2131,2237 2953,2178 2953,2074 2795,2056 1174,2115 967,2058"/>
                <Baseline points="982,2156 988,2156 1033,2156 1078,2156 1122,2156 1167,2153 1212,2153 1257,2153 1302,2150 1346,2153 1391,2153 1436,2153 1481,2150 1526,2147 1570,2150 1615,2150 1660,2150 1705,2147 1750,2147 1794,2147 1839,2147 1884,2144 1929,2141 1974,2144 2018,2141 2063,2141 2108,2144 2153,2144 2198,2144 2242,2141 2287,2141 2332,2141 2377,2141 2422,2138 2466,2138 2511,2135 2556,2135 2601,2135 2646,2135 2690,2135 2735,2132 2780,2132 2825,2132 2870,2129 2914,2129 2959,2129"/>
                <TextEquiv>
                    <Unicode>heit hineingetragen worden, es muss konsta-</Unicode>
                </TextEquiv>
            </TextLine>
            <TextLine id="tr_1_tl_13" custom="readingOrder {index:12;}">
                <Coords points="970,2320 1763,2307 1965,2380 2300,2375 2911,2331 2914,2243 970,2253"/>
                <Baseline points="985,2308 991,2308 1036,2308 1081,2305 1125,2302 1170,2302 1215,2302 1260,2302 1305,2302 1349,2302 1394,2302 1439,2302 1484,2302 1529,2302 1573,2299 1618,2299 1663,2299 1708,2299 1753,2296 1797,2296 1842,2293 1887,2293 1932,2293 1977,2293 2021,2293 2066,2293 2111,2293 2156,2290 2201,2293 2245,2287 2290,2287 2335,2287 2380,2287 2425,2287 2469,2287 2514,2284 2559,2287 2604,2287 2649,2287 2693,2287 2738,2287 2783,2284 2828,2281 2873,2278 2917,2278"/>
                <TextEquiv>
                    <Unicode>tiert werden, dass vor dem plötzlichen Er-</Unicode>
                </TextEquiv>
            </TextLine>
            <TextLine id="tr_1_tl_14" custom="readingOrder {index:13;}">
                <Coords points="967,2486 2945,2504 2987,2346 967,2393"/>
                <Baseline points="982,2463 1021,2460 1066,2460 1111,2457 1155,2457 1200,2457 1245,2457 1290,2457 1335,2457 1379,2457 1424,2457 1469,2454 1514,2451 1558,2454 1603,2451 1648,2449 1693,2449 1738,2449 1782,2451 1827,2449 1872,2446 1917,2449 1962,2449 2006,2446 2051,2446 2096,2446 2141,2446 2186,2446 2230,2446 2275,2446 2320,2443 2365,2443 2410,2443 2454,2443 2499,2443 2544,2443 2589,2443 2634,2440 2678,2443 2723,2443 2768,2440 2813,2437 2858,2434 2902,2434 2947,2434 2992,2434"/>
                <TextEquiv>
                    <Unicode>scheinen gewisser Persönlichkeiten, die dem</Unicode>
                </TextEquiv>
            </TextLine>
        </TextRegion>
        <TextRegion id="tr_2" custom="readingOrder {index:1;}">
            <Coords points="979,2539 3061,2539 3061,3716 979,3716"/>
            <TextLine id="tr_2_tl_1" custom="readingOrder {index:0;}">
                <Coords points="975,2660 1532,2611 1747,2686 2300,2704 3020,2626 3023,2478 1778,2572 1216,2463 977,2533"/>
                <Baseline points="988,2619 1012,2616 1057,2613 1102,2613 1146,2613 1191,2613 1236,2613 1281,2613 1326,2610 1370,2610 1415,2610 1460,2607 1505,2607 1550,2607 1594,2604 1639,2604 1684,2601 1729,2604 1774,2604 1818,2604 1863,2601 1908,2601 1953,2601 1998,2601 2042,2601 2087,2598 2132,2601 2177,2601 2222,2598 2266,2598 2311,2595 2356,2595 2401,2595 2446,2598 2490,2598 2535,2595 2580,2595 2625,2595 2670,2595 2714,2595 2759,2592 2804,2589 2849,2589 2894,2589 2938,2589 2983,2589 3028,2592"/>
                <TextEquiv>
                    <Unicode>geschätzten Herrn Interpellanten nicht ferne</Unicode>
                </TextEquiv>
            </TextLine>
            <TextLine id="tr_2_tl_2" custom="readingOrder {index:1;}">
                <Coords points="977,2805 1768,2764 2051,2849 3051,2764 3054,2686 980,2709"/>
                <Baseline points="991,2771 1000,2771 1045,2768 1090,2768 1134,2768 1179,2768 1224,2768 1269,2768 1314,2765 1358,2765 1403,2765 1448,2765 1493,2762 1538,2762 1582,2762 1627,2762 1672,2759 1717,2759 1762,2759 1806,2756 1851,2756 1896,2756 1941,2756 1986,2756 2030,2756 2075,2756 2120,2753 2165,2753 2210,2753 2254,2750 2299,2750 2344,2750 2389,2750 2434,2750 2478,2747 2523,2744 2568,2747 2613,2747 2658,2747 2702,2747 2747,2750 2792,2750 2837,2747 2882,2744 2926,2744 2971,2741 3016,2741 3061,2744"/>
                <TextEquiv>
                    <Unicode>stehen, die Zustände in Dux vollkommen geord-</Unicode>
                </TextEquiv>
            </TextLine>
            <TextLine id="tr_2_tl_3" custom="readingOrder {index:2;}">
                <Coords points="964,2940 1823,2917 2134,2994 2974,2937 2974,2831 2414,2805 967,2860"/>
                <Baseline points="979,2929 1009,2923 1054,2920 1099,2920 1143,2923 1188,2923 1233,2920 1278,2923 1323,2920 1367,2920 1412,2920 1457,2917 1502,2917 1547,2917 1591,2917 1636,2917 1681,2917 1726,2914 1771,2914 1815,2914 1860,2914 1905,2914 1950,2911 1995,2911 2039,2911 2084,2911 2129,2908 2174,2908 2219,2908 2263,2908 2308,2908 2353,2908 2398,2908 2443,2905 2487,2905 2532,2902 2577,2905 2622,2899 2667,2899 2711,2902 2756,2902 2801,2902 2846,2902 2891,2899 2935,2899 2980,2902"/>
                <TextEquiv>
                    <Unicode>net waren. Vor drei Jahren ist auf eine an-</Unicode>
                </TextEquiv>
            </TextLine>
            <TextLine id="tr_2_tl_4" custom="readingOrder {index:3;}">
                <Coords points="1011,3119 1874,3070 1983,3147 2600,3059 3015,3103 3015,2994 2937,2974 1014,3036"/>
                <Baseline points="1027,3076 1051,3079 1096,3076 1140,3076 1185,3076 1230,3076 1275,3076 1320,3076 1364,3073 1409,3073 1454,3073 1499,3073 1544,3073 1588,3070 1633,3067 1678,3070 1723,3070 1768,3070 1812,3067 1857,3067 1902,3067 1947,3064 1992,3061 2036,3064 2081,3061 2126,3064 2171,3061 2216,3061 2260,3061 2305,3061 2350,3061 2395,3061 2440,3061 2484,3061 2529,3061 2574,3058 2619,3058 2664,3055 2708,3055 2753,3055 2798,3052 2843,3052 2888,3052 2932,3052 2977,3049 3022,3052"/>
                <TextEquiv>
                    <Unicode>ständige Vorstellung der beteiligten Arbei-</Unicode>
                </TextEquiv>
            </TextLine>
            <TextLine id="tr_2_tl_5" custom="readingOrder {index:4;}">
                <Coords points="980,3259 1729,3233 1981,3305 2574,3217 2826,3269 2937,3251 2940,3121 980,3160"/>
                <Baseline points="994,3237 1018,3237 1063,3234 1108,3237 1152,3237 1197,3237 1242,3237 1287,3234 1332,3234 1376,3231 1421,3231 1466,3228 1511,3228 1556,3228 1600,3231 1645,3228 1690,3228 1735,3225 1780,3225 1824,3225 1869,3228 1914,3228 1959,3228 2004,3225 2048,3225 2093,3225 2138,3222 2183,3222 2227,3222 2272,3219 2317,3219 2362,3219 2407,3216 2451,3216 2496,3216 2541,3219 2586,3216 2631,3216 2675,3213 2720,3213 2765,3213 2810,3213 2855,3213 2899,3210 2944,3213"/>
                <TextEquiv>
                    <Unicode>tor eine Lohnerhöhung erfolgt. Der jetzige</Unicode>
                </TextEquiv>
            </TextLine>
            <TextLine id="tr_2_tl_6" custom="readingOrder {index:5;}">
                <Coords points="980,3420 2979,3443 2940,3246 2105,3334 983,3292"/>
                <Baseline points="994,3386 1015,3389 1060,3389 1105,3386 1149,3386 1194,3386 1239,3386 1284,3386 1329,3386 1373,3383 1418,3383 1463,3383 1508,3383 1553,3380 1597,3380 1642,3383 1687,3380 1732,3380 1777,3374 1821,3374 1866,3374 1911,3374 1956,3377 2001,3377 2045,3377 2090,3374 2135,3374 2180,3374 2225,3371 2269,3371 2314,3368 2359,3368 2404,3368 2449,3368 2493,3368 2538,3365 2583,3368 2628,3368 2672,3365 2717,3365 2762,3365 2807,3362 2852,3362 2896,3362 2941,3359 2986,3362"/>
                <TextEquiv>
                    <Unicode>Streik kam vollkommen unerwartet, ohne dass</Unicode>
                </TextEquiv>
            </TextLine>
            <TextLine id="tr_2_tl_7" custom="readingOrder {index:6;}">
                <Coords points="983,3557 1835,3536 2201,3619 2393,3544 2748,3557 2810,3528 2813,3414 2652,3471 985,3474"/>
                <Baseline points="997,3539 1024,3542 1069,3542 1113,3542 1158,3542 1203,3542 1248,3542 1293,3542 1337,3542 1382,3542 1427,3539 1472,3539 1517,3536 1561,3536 1606,3536 1651,3536 1696,3533 1741,3533 1785,3533 1830,3533 1875,3533 1920,3533 1965,3530 2009,3530 2054,3530 2099,3530 2144,3527 2189,3527 2233,3527 2278,3524 2323,3521 2368,3524 2413,3521 2457,3524 2502,3521 2547,3521 2592,3518 2637,3518 2681,3518 2726,3518 2771,3518 2816,3515"/>
                <TextEquiv>
                    <Unicode>vorher ernstliche Verhandlungen mit den</Unicode>
                </TextEquiv>
            </TextLine>
            <TextLine id="tr_2_tl_8" custom="readingOrder {index:7;}">
                <Coords points="964,3746 2196,3689 2590,3767 2930,3671 2930,3596 2528,3572 2411,3642 967,3611"/>
                <Baseline points="979,3703 1009,3703 1054,3706 1099,3706 1143,3706 1188,3706 1233,3706 1278,3703 1323,3700 1367,3700 1412,3700 1457,3700 1502,3697 1547,3697 1591,3694 1636,3694 1681,3697 1726,3694 1771,3694 1815,3691 1860,3691 1905,3691 1950,3691 1995,3691 2039,3688 2084,3688 2129,3688 2174,3685 2219,3685 2263,3682 2308,3682 2353,3682 2398,3679 2443,3676 2487,3676 2532,3679 2577,3676 2622,3676 2667,3676 2711,3673 2756,3676 2801,3670 2846,3670 2891,3667 2935,3667"/>
                <TextEquiv>
                    <Unicode>maassgebenden Persönlichkeiten erfolgt wä-</Unicode>
                </TextEquiv>
            </TextLine>
        </TextRegion>
    </Page>
</PcGts>
