<?xml version="1.0" encoding="UTF-8" standalone="yes"?>
<PcGts xmlns="http://schema.primaresearch.org/PAGE/gts/pagecontent/2013-07-15" xmlns:xsi="http://www.w3.org/2001/XMLSchema-instance" xsi:schemaLocation="http://schema.primaresearch.org/PAGE/gts/pagecontent/2013-07-15 http://schema.primaresearch.org/PAGE/gts/pagecontent/2013-07-15/pagecontent.xsd">
    <Metadata>
        <Creator>prov=READ-COOP:name=TrHtr:version=2.1.0:model_id=51170:date=15_08_2023_08:10</Creator>
        <Created>2023-05-10T13:31:26.341+02:00</Created>
        <LastChange>2023-08-15T08:10:30.352+02:00</LastChange>
        <TranskribusMetadata docId="1429040" pageId="55435811" pageNr="198" tsid="132842360" status="IN_PROGRESS" userId="64420" imgUrl="https://files.transkribus.eu/Get?id=JZOLRWUEBJYKBZPGBQEZNGBR&amp;fileType=view" xmlUrl="https://files.transkribus.eu/Get?id=AVSGVVJOJHXLIPURZSPLERCZ" imageId="44709801"/>
    </Metadata>
    <Page imageFilename="1429040_0198.jpg" imageWidth="3480" imageHeight="4248">
        <ReadingOrder>
            <OrderedGroup id="ro_1711799633413" caption="Regions reading order">
                <RegionRefIndexed index="0" regionRef="tr_1"/>
                <RegionRefIndexed index="1" regionRef="tr_2"/>
            </OrderedGroup>
        </ReadingOrder>
        <TextRegion id="tr_1" custom="readingOrder {index:0;}">
            <Coords points="776,308 3018,308 3018,1574 776,1574"/>
            <TextLine id="tr_1_tl_1" custom="readingOrder {index:0;}">
                <Coords points="2821,377 2837,382 2851,377 2867,390 2900,374 2921,379 2935,369 2948,369 2954,263 2940,263 2930,274 2873,230 2829,228"/>
                <Baseline points="2835,364 2865,364 2910,361 2955,358"/>
                <TextEquiv>
                    <Unicode>18</Unicode>
                </TextEquiv>
            </TextLine>
            <TextLine id="tr_1_tl_2" custom="readingOrder {index:1;}">
                <Coords points="892,672 2591,553 2821,591 2829,450 2607,406 2344,501 897,558"/>
                <Baseline points="910,635 946,635 991,632 1035,629 1080,629 1125,623 1170,623 1214,620 1259,620 1304,620 1349,617 1394,614 1438,611 1483,608 1528,606 1573,603 1618,600 1662,594 1707,594 1752,591 1797,588 1841,585 1886,582 1931,579 1976,576 2021,573 2065,570 2110,567 2155,567 2200,564 2244,561 2289,558 2334,558 2379,555 2424,552 2468,546 2513,543 2558,540 2603,537 2647,534 2692,531 2737,528 2782,528 2827,531"/>
                <TextEquiv>
                    <Unicode>dass ich auch das eine Zeitlang mitmachen</Unicode>
                </TextEquiv>
            </TextLine>
            <TextLine id="tr_1_tl_3" custom="readingOrder {index:2;}">
                <Coords points="883,799 908,797 919,810 1003,797 1043,818 1098,791 1163,802 1222,783 1249,799 1252,737 1209,734 1173,705 1119,713 1098,732 1070,715 1043,732 978,715 932,732 889,726"/>
                <Baseline points="901,794 943,791 988,788 1032,785 1077,782 1122,782 1167,779 1212,776 1256,776"/>
                <TextEquiv>
                    <Unicode>miisate.</Unicode>
                </TextEquiv>
            </TextLine>
            <TextLine id="tr_1_tl_4" custom="readingOrder {index:3;}">
                <Coords points="984,951 3011,854 3024,631 2740,762 2523,734 2314,808 995,802"/>
                <Baseline points="1000,943 1003,943 1047,940 1092,937 1137,934 1182,934 1226,931 1271,928 1316,925 1361,925 1406,922 1450,922 1495,919 1540,916 1585,913 1629,910 1674,907 1719,904 1764,901 1809,898 1853,895 1898,892 1943,889 1988,886 2032,883 2077,883 2122,880 2167,880 2212,874 2256,868 2301,868 2346,865 2391,862 2435,856 2480,853 2525,853 2570,853 2615,850 2659,847 2704,844 2749,841 2794,838 2838,835 2883,832 2928,826 2973,823 3018,817"/>
                <TextEquiv>
                    <Unicode>Aber doch nur, um Ihrer politischen Ansicht</Unicode>
                </TextEquiv>
            </TextLine>
            <TextLine id="tr_1_tl_5" custom="readingOrder {index:4;}">
                <Coords points="759,1035 791,1033 808,1043 854,1014 870,1022 886,1008 913,1019 916,873 902,873 878,889 837,878 818,886 808,875 789,889 778,881 762,883"/>
                <Baseline points="776,952 788,952 832,949 877,949 922,949"/>
                <TextEquiv>
                    <Unicode>Si:</Unicode>
                </TextEquiv>
            </TextLine>
            <TextLine id="tr_1_tl_6" custom="readingOrder {index:5;}">
                <Coords points="911,1127 1612,1076 1946,1106 1954,981 1889,940 1740,992 1507,935 1325,1046 1276,1016 916,1030"/>
                <Baseline points="928,1104 970,1101 1014,1101 1059,1095 1104,1092 1149,1089 1194,1089 1238,1086 1283,1086 1328,1083 1373,1080 1417,1077 1462,1074 1507,1071 1552,1068 1597,1065 1641,1062 1686,1059 1731,1056 1776,1056 1820,1053 1865,1047 1910,1044 1955,1044"/>
                <TextEquiv>
                    <Unicode>Ausdruck zu verleihen.</Unicode>
                </TextEquiv>
            </TextLine>
            <TextLine id="tr_1_tl_7" custom="readingOrder {index:6;}">
                <Coords points="1008,1252 2612,1225 2843,1144 2938,1182 2943,1084 1531,1095 1301,1184 1011,1179"/>
                <Baseline points="1023,1250 1065,1247 1110,1247 1155,1247 1200,1244 1244,1244 1289,1241 1334,1238 1379,1238 1423,1232 1468,1229 1513,1226 1558,1223 1603,1220 1647,1217 1692,1214 1737,1212 1782,1209 1826,1206 1871,1203 1916,1203 1961,1197 2006,1194 2050,1191 2095,1191 2140,1188 2185,1191 2229,1188 2274,1182 2319,1179 2364,1176 2409,1173 2453,1167 2498,1164 2543,1164 2588,1161 2632,1155 2677,1155 2722,1152 2767,1149 2812,1143 2856,1140 2901,1140 2946,1140"/>
                <TextEquiv>
                    <Unicode>Ver sagt Ihnen das? Ich bin nicht auf die</Unicode>
                </TextEquiv>
            </TextLine>
            <TextLine id="tr_1_tl_8" custom="readingOrder {index:7;}">
                <Coords points="786,1304 835,1304 854,1290 867,1298 905,1287 916,1295 935,1293 932,1127 911,1127 905,1135 862,1106 835,1108 816,1119 799,1106 783,1108"/>
                <Baseline points="800,1262 844,1259 889,1259 934,1262 943,1262"/>
                <TextEquiv>
                    <Unicode>Gf:</Unicode>
                </TextEquiv>
            </TextLine>
            <TextLine id="tr_1_tl_9" custom="readingOrder {index:8;}">
                <Coords points="913,1501 1179,1406 1642,1434 1905,1363 2780,1366 2973,1434 3005,1238 2122,1287 1840,1222 1404,1263 1287,1341 924,1325"/>
                <Baseline points="934,1406 946,1406 991,1406 1035,1409 1080,1406 1125,1403 1170,1403 1214,1403 1259,1397 1304,1397 1349,1394 1394,1394 1438,1391 1483,1385 1528,1382 1573,1379 1618,1376 1662,1373 1707,1370 1752,1367 1797,1364 1841,1361 1886,1358 1931,1355 1976,1352 2021,1352 2065,1346 2110,1343 2155,1346 2200,1340 2244,1334 2289,1331 2334,1328 2379,1325 2424,1322 2468,1319 2513,1319 2558,1316 2603,1313 2647,1310 2692,1310 2737,1304 2782,1301 2827,1298 2871,1295 2916,1292 2961,1289 3006,1289"/>
                <TextEquiv>
                    <Unicode>Tigerjagd gegangen, um irgend einen Tiger zu</Unicode>
                </TextEquiv>
            </TextLine>
            <TextLine id="tr_1_tl_10" custom="readingOrder {index:9;}">
                <Coords points="938,1588 1859,1518 2024,1566 2225,1501 2816,1553 2913,1537 2921,1396 1564,1412 1406,1496 946,1490"/>
                <Baseline points="955,1564 1000,1561 1044,1561 1089,1561 1134,1561 1179,1558 1223,1555 1268,1549 1313,1549 1358,1549 1403,1543 1447,1540 1492,1537 1537,1534 1582,1528 1626,1525 1671,1522 1716,1519 1761,1516 1806,1513 1850,1510 1895,1507 1940,1504 1985,1501 2029,1501 2074,1498 2119,1498 2164,1495 2209,1492 2253,1489 2298,1486 2343,1480 2388,1477 2432,1477 2477,1474 2522,1468 2567,1468 2612,1465 2656,1462 2701,1459 2746,1453 2791,1453 2835,1447 2880,1444 2925,1444"/>
                <TextEquiv>
                    <Unicode>erlegen,- ich habe die Tiger nie als meine</Unicode>
                </TextEquiv>
            </TextLine>
        </TextRegion>
        <TextRegion id="tr_2" custom="readingOrder {index:1;}">
            <Coords points="958,1544 3176,1544 3176,3744 958,3744"/>
            <TextLine id="tr_2_tl_1" custom="readingOrder {index:0;}">
                <Coords points="940,1783 1664,1677 2683,1686 3024,1610 3030,1534 1369,1575 1114,1669 948,1626"/>
                <Baseline points="958,1725 970,1725 1014,1716 1059,1713 1104,1710 1149,1710 1194,1707 1238,1704 1283,1701 1328,1701 1373,1695 1417,1692 1462,1689 1507,1686 1552,1683 1597,1680 1641,1677 1686,1674 1731,1671 1776,1668 1820,1665 1865,1662 1910,1662 1955,1656 2000,1656 2044,1653 2089,1650 2134,1647 2179,1644 2224,1641 2268,1638 2313,1638 2358,1632 2403,1632 2447,1629 2492,1626 2537,1620 2582,1620 2627,1618 2671,1615 2716,1609 2761,1609 2806,1606 2850,1603 2895,1600 2940,1597 2985,1594 3030,1600"/>
                <TextEquiv>
                    <Unicode>persönlichen Feinde angesehen. Ich habe auch</Unicode>
                </TextEquiv>
            </TextLine>
            <TextLine id="tr_2_tl_2" custom="readingOrder {index:1;}">
                <Coords points="943,1911 1902,1818 2593,1859 2740,1775 3054,1762 3060,1653 2117,1743 1566,1691 1282,1805 948,1789"/>
                <Baseline points="958,1880 1003,1871 1047,1868 1092,1865 1137,1862 1182,1859 1226,1856 1271,1850 1316,1847 1361,1847 1406,1844 1450,1841 1495,1841 1540,1835 1585,1832 1629,1829 1674,1826 1719,1823 1764,1823 1809,1818 1853,1815 1898,1812 1943,1812 1988,1809 2032,1806 2077,1803 2122,1800 2167,1800 2212,1797 2256,1794 2301,1791 2346,1791 2391,1785 2435,1782 2480,1776 2525,1773 2570,1773 2615,1770 2659,1767 2704,1761 2749,1758 2794,1758 2838,1755 2883,1752 2928,1749 2973,1746 3018,1743 3062,1740"/>
                <TextEquiv>
                    <Unicode>nicht - Sie wissen vielleicht, dass ich kurze</Unicode>
                </TextEquiv>
            </TextLine>
            <TextLine id="tr_2_tl_3" custom="readingOrder {index:2;}">
                <Coords points="951,2046 2054,1973 2743,2011 2992,1930 2997,1846 959,1905"/>
                <Baseline points="967,2026 982,2026 1026,2023 1071,2021 1116,2018 1161,2015 1206,2012 1250,2006 1295,2003 1340,2000 1385,2000 1429,1997 1474,1994 1519,1994 1564,1988 1609,1985 1653,1982 1698,1979 1743,1976 1788,1973 1832,1973 1877,1970 1922,1967 1967,1964 2012,1961 2056,1961 2101,1958 2146,1955 2191,1952 2235,1949 2280,1949 2325,1946 2370,1940 2415,1940 2459,1934 2504,1931 2549,1928 2594,1925 2638,1919 2683,1916 2728,1916 2773,1910 2818,1910 2862,1907 2907,1904 2952,1898 2997,1901"/>
                <TextEquiv>
                    <Unicode>Zeit verheiratet war... nun, ich habe auch</Unicode>
                </TextEquiv>
            </TextLine>
            <TextLine id="tr_2_tl_4" custom="readingOrder {index:3;}">
                <Coords points="965,2190 2507,2168 2940,2062 3114,2117 3144,1948 3027,1892 2740,2014 1992,2057 1902,1997 1344,2011 970,2117"/>
                <Baseline points="979,2182 997,2179 1041,2179 1086,2176 1131,2173 1176,2170 1220,2167 1265,2164 1310,2161 1355,2158 1400,2155 1444,2152 1489,2149 1534,2143 1579,2140 1623,2137 1668,2134 1713,2134 1758,2131 1803,2128 1847,2125 1892,2122 1937,2122 1982,2116 2026,2116 2071,2113 2116,2110 2161,2107 2206,2104 2250,2101 2295,2098 2340,2095 2385,2092 2429,2089 2474,2086 2519,2083 2564,2077 2609,2074 2653,2071 2698,2068 2743,2065 2788,2062 2832,2059 2877,2059 2922,2053 2967,2050 3012,2047 3056,2047 3101,2044 3146,2047"/>
                <TextEquiv>
                    <Unicode>nicht geheiratet, weil ich irgend eine bestimm</Unicode>
                </TextEquiv>
            </TextLine>
            <TextLine id="tr_2_tl_5" custom="readingOrder {index:4;}">
                <Coords points="986,2347 2699,2322 2986,2233 2992,2138 995,2203"/>
                <Baseline points="1000,2325 1023,2328 1068,2325 1113,2322 1158,2322 1203,2319 1247,2316 1292,2313 1337,2313 1382,2310 1426,2304 1471,2301 1516,2298 1561,2295 1606,2295 1650,2295 1695,2289 1740,2286 1785,2283 1829,2280 1874,2277 1919,2274 1964,2268 2009,2268 2053,2265 2098,2262 2143,2256 2188,2253 2232,2250 2277,2250 2322,2247 2367,2244 2412,2241 2456,2241 2501,2238 2546,2232 2591,2229 2635,2226 2680,2226 2725,2221 2770,2221 2815,2218 2859,2215 2904,2209 2949,2206 2994,2203"/>
                <TextEquiv>
                    <Unicode>te Frau liebte; und ich habe mich nicht ge-</Unicode>
                </TextEquiv>
            </TextLine>
            <TextLine id="tr_2_tl_6" custom="readingOrder {index:5;}">
                <Coords points="986,2501 3098,2385 3108,2217 2740,2333 992,2425"/>
                <Baseline points="1003,2486 1044,2480 1089,2480 1134,2477 1179,2477 1223,2474 1268,2474 1313,2468 1358,2465 1403,2465 1447,2459 1492,2456 1537,2450 1582,2447 1626,2444 1671,2441 1716,2441 1761,2438 1806,2435 1850,2432 1895,2429 1940,2424 1985,2424 2029,2418 2074,2418 2119,2412 2164,2409 2209,2406 2253,2403 2298,2400 2343,2397 2388,2394 2432,2391 2477,2391 2522,2388 2567,2385 2612,2382 2656,2376 2701,2376 2746,2370 2791,2370 2835,2364 2880,2361 2925,2361 2970,2361 3015,2361 3059,2361 3104,2364"/>
                <TextEquiv>
                    <Unicode>schlagen, weil ich jemanden umbringen wollte,</Unicode>
                </TextEquiv>
            </TextLine>
            <TextLine id="tr_2_tl_7" custom="readingOrder {index:6;}">
                <Coords points="1000,2661 2867,2574 3005,2534 3014,2396 1005,2577"/>
                <Baseline points="1017,2635 1041,2632 1086,2632 1131,2632 1176,2627 1220,2624 1265,2621 1310,2621 1355,2618 1400,2612 1444,2612 1489,2609 1534,2603 1579,2600 1623,2600 1668,2597 1713,2594 1758,2588 1803,2585 1847,2582 1892,2579 1937,2576 1982,2573 2026,2573 2071,2570 2116,2567 2161,2564 2206,2561 2250,2558 2295,2552 2340,2549 2385,2546 2429,2543 2474,2540 2519,2540 2564,2537 2609,2537 2653,2534 2698,2528 2743,2525 2788,2522 2832,2522 2877,2519 2922,2519 2967,2519 3012,2516"/>
                <TextEquiv>
                    <Unicode>obwol ich einmal das Pech hatte, es zu tun;</Unicode>
                </TextEquiv>
            </TextLine>
            <TextLine id="tr_2_tl_8" custom="readingOrder {index:7;}">
                <Coords points="1014,2813 2672,2737 3168,2672 3173,2596 2640,2569 2247,2661 1019,2721"/>
                <Baseline points="1032,2785 1071,2785 1116,2782 1161,2779 1206,2779 1250,2773 1295,2770 1340,2770 1385,2764 1429,2764 1474,2761 1519,2758 1564,2755 1609,2752 1653,2746 1698,2743 1743,2740 1788,2737 1832,2734 1877,2731 1922,2728 1967,2728 2012,2725 2056,2722 2101,2719 2146,2716 2191,2713 2235,2710 2280,2707 2325,2704 2370,2701 2415,2698 2459,2695 2504,2692 2549,2689 2594,2689 2638,2686 2683,2683 2728,2680 2773,2677 2818,2671 2862,2668 2907,2668 2952,2668 2997,2665 3041,2659 3086,2659 3131,2656 3176,2656"/>
                <TextEquiv>
                    <Unicode>- ich wollte das nur alles mitmachen, weil ich</Unicode>
                </TextEquiv>
            </TextLine>
            <TextLine id="tr_2_tl_9" custom="readingOrder {index:8;}">
                <Coords points="1014,2978 2854,2878 3084,2832 3089,2724 1022,2859"/>
                <Baseline points="1029,2946 1032,2946 1077,2943 1122,2940 1167,2937 1212,2934 1256,2934 1301,2931 1346,2925 1391,2922 1435,2919 1480,2916 1525,2913 1570,2910 1615,2907 1659,2907 1704,2901 1749,2898 1794,2895 1838,2892 1883,2889 1928,2886 1973,2883 2018,2880 2062,2877 2107,2874 2152,2874 2197,2871 2241,2865 2286,2865 2331,2859 2376,2856 2421,2853 2465,2850 2510,2844 2555,2844 2600,2841 2644,2841 2689,2838 2734,2835 2779,2832 2824,2830 2868,2827 2913,2824 2958,2821 3003,2815 3047,2812 3092,2812"/>
                <TextEquiv>
                    <Unicode>finde, dass das Leben sehr kurz ist und dass</Unicode>
                </TextEquiv>
            </TextLine>
            <TextLine id="tr_2_tl_10" custom="readingOrder {index:9;}">
                <Coords points="1011,3141 2886,2986 3065,3030 3073,2913 1016,3041"/>
                <Baseline points="1029,3101 1056,3101 1101,3098 1146,3095 1191,3092 1235,3089 1280,3086 1325,3086 1370,3080 1415,3077 1459,3074 1504,3071 1549,3068 1594,3065 1638,3062 1683,3059 1728,3056 1773,3053 1818,3050 1862,3047 1907,3044 1952,3041 1997,3041 2041,3035 2086,3033 2131,3033 2176,3030 2221,3027 2265,3024 2310,3021 2355,3018 2400,3015 2444,3012 2489,3006 2534,3003 2579,3003 2624,2997 2668,2994 2713,2991 2758,2991 2803,2988 2847,2985 2892,2982 2937,2982 2982,2982 3027,2982 3071,2991"/>
                <TextEquiv>
                    <Unicode>man so viel erleben soll, als irgendwie mög-</Unicode>
                </TextEquiv>
            </TextLine>
            <TextLine id="tr_2_tl_11" custom="readingOrder {index:10;}">
                <Coords points="1035,3271 3049,3176 3060,3041 1043,3182"/>
                <Baseline points="1053,3253 1092,3256 1137,3253 1182,3250 1226,3244 1271,3241 1316,3241 1361,3238 1406,3236 1450,3230 1495,3227 1540,3227 1585,3224 1629,3221 1674,3218 1719,3215 1764,3212 1809,3209 1853,3206 1898,3200 1943,3197 1988,3194 2032,3191 2077,3188 2122,3185 2167,3182 2212,3182 2256,3179 2301,3176 2346,3173 2391,3167 2435,3164 2480,3161 2525,3161 2570,3158 2615,3155 2659,3152 2704,3152 2749,3146 2794,3140 2838,3137 2883,3134 2928,3128 2973,3128 3018,3128 3062,3125"/>
                <TextEquiv>
                    <Unicode>lich. Ich bin Abgeordneter geworden, so wie</Unicode>
                </TextEquiv>
            </TextLine>
            <TextLine id="tr_2_tl_12" custom="readingOrder {index:11;}">
                <Coords points="1046,3436 2889,3358 3070,3317 3079,3211 2659,3184 2431,3266 1054,3339"/>
                <Baseline points="1065,3409 1110,3406 1155,3406 1200,3403 1244,3400 1289,3397 1334,3394 1379,3394 1423,3388 1468,3385 1513,3382 1558,3379 1603,3376 1647,3373 1692,3370 1737,3367 1782,3364 1826,3364 1871,3358 1916,3355 1961,3352 2006,3346 2050,3346 2095,3340 2140,3337 2185,3334 2229,3331 2274,3331 2319,3328 2364,3325 2409,3322 2453,3319 2498,3316 2543,3313 2588,3310 2632,3307 2677,3307 2722,3301 2767,3301 2812,3298 2856,3295 2901,3295 2946,3289 2991,3283 3035,3280 3080,3277"/>
                <TextEquiv>
                    <Unicode>ich neulich mit dem Luftballon aufgestiegen</Unicode>
                </TextEquiv>
            </TextLine>
            <TextLine id="tr_2_tl_13" custom="readingOrder {index:12;}">
                <Coords points="1060,3572 3079,3461 3108,3377 2770,3328 2328,3436 1642,3412 1474,3490 1062,3499"/>
                <Baseline points="1074,3570 1098,3567 1143,3564 1188,3561 1232,3561 1277,3561 1322,3555 1367,3552 1412,3546 1456,3543 1501,3540 1546,3537 1591,3534 1635,3531 1680,3528 1725,3528 1770,3522 1815,3519 1859,3516 1904,3513 1949,3510 1994,3507 2038,3504 2083,3498 2128,3495 2173,3492 2218,3492 2262,3486 2307,3483 2352,3480 2397,3480 2441,3474 2486,3471 2531,3468 2576,3468 2621,3465 2665,3459 2710,3459 2755,3456 2800,3453 2844,3450 2889,3447 2934,3444 2979,3441 3024,3433 3068,3433 3113,3433"/>
                <TextEquiv>
                    <Unicode>bin. Und auf die selbe Weise werde ich nächt-</Unicode>
                </TextEquiv>
            </TextLine>
            <TextLine id="tr_2_tl_14" custom="readingOrder {index:13;}">
                <Coords points="1065,3791 1848,3694 2466,3729 2634,3650 3106,3677 3141,3493 1073,3658"/>
                <Baseline points="1083,3734 1125,3731 1170,3731 1214,3731 1259,3728 1304,3728 1349,3725 1394,3722 1438,3719 1483,3716 1528,3716 1573,3713 1618,3710 1662,3707 1707,3707 1752,3701 1797,3698 1841,3695 1886,3692 1931,3689 1976,3686 2021,3683 2065,3680 2110,3677 2155,3674 2200,3668 2244,3665 2289,3662 2334,3659 2379,3656 2424,3653 2468,3647 2513,3644 2558,3641 2603,3639 2647,3630 2692,3627 2737,3624 2782,3621 2827,3615 2871,3612 2916,3609 2961,3606 3006,3603 3050,3597 3095,3594 3140,3594"/>
                <TextEquiv>
                    <Unicode>stens vielleicht ein Ministerportefeuille in</Unicode>
                </TextEquiv>
            </TextLine>
        </TextRegion>
    </Page>
</PcGts>
