3464 4248
2763 522 2887 663 20
692 745 1377 937 Adele, Agathe.
697 782 2966 1087 Ad: Ah gnädige Frau, ich habe schon so viel von
852 1053 1468 1239 Ihnen gehört.
706 1191 1722 1380 Ag: Freut mich sehr.
717 1279 2876 1519 Ad: Sie sollen ein so reizendes Mäderl haben.
723 1454 2563 1710 Ag: Ja, das darf ich wol selber sagen.
742 1566 2379 1846 Ad: Ach, ich liebe Kinder so sehr!
745 1747 2351 1973 Ag: Ja, es ist ein grosses Glück.
754 1911 2995 2128 Ad: Das einzige für uns Frauen. Nicht wahr? Der
881 2049 3034 2340 Mann ist doch eigentlich nur Mittel zum Zweck.
768 2199 2975 2433 Ag: :etwas verlegen: Nun, das ist doch nicht
917 2441 1171 2639 so...
790 2467 2935 2777 Ad: Ich versichere Sie, gnädige Frau, es ist,
934 2653 3023 2938 wie ich sage. Wir, selbst in unserer glühend-
943 2825 3057 3051 sten Umarmung,- wir wollen das Kind. Der Mann
974 2981 2983 3218 - ha! dem ist das sehr egal. Uns will er in
962 3088 2839 3390 seiner Brunst. Das Kind ist ein accident
1002 3271 3088 3551 :spricht es englisch aus:
974 3415 3088 3714 fangen es, wo tragen es, wir gebären es, vir
977 3599 3062 3841 stillen es, wir päppeln es auf, wie erziehen
994 3714 3139 3977 es, wir wachen an seinem Krankenbett,- er hin-
443 3754 672 3935 Min.
