3528 4248
958 350 2687 611 Telegramme, wie vom Kriegsschauplatz!
794 533 3106 766 Rub: Morgen interpellieren die Sozialdemokraten.
941 691 3014 909 Der Ministerpräsident wird sofort antworten,
932 820 3106 1041 und dann wird auch sofort die Debatte über die
929 978 2670 1219 Interpellationsbeantwortung eröffnet.
760 1150 935 1316 Ko:
998 1118 2842 1348 Ja, wir bringen einfach die Mitteilung.
906 1305 3031 1548 Dreiviertel von dem Blatt entfällt morgen auf
900 1439 1537 1629 das Jubiläum.
743 1580 2922 1861 Rub: Da hab' ich Ihnen auch die Korrektur von
883 1769 3060 2002 Ihrem Bänkel mitgebracht. Sie haben auch schon
872 1893 2159 2145 bessere Sachen geschrieben.
711 2062 2231 2334 Ko: Da haben Sie nicht Unrecht.
711 2205 1850 2414 Rub: Ohne Ueberzeugung
697 2351 1847 2635 Ko: Halten Sie ’s Maul.
1015 3711 2162 3946 überhaupt noch nie gel¬
