3480 4168
2714 410 2838 545 36
1212 543 1755 753 Kohnberger?
1018 680 3016 883 Ko: Kohlengruben sind nicht mein Ressort.
1031 856 3172 1029 Voll: Ich war vor vier Wochen dort. Sie wis¬
1234 994 3224 1199 sen ja: ich hab' einen Artikel geschrieben
1234 1166 3159 1342 über die Zustände dort - einen grossarti-
1234 1336 3086 1542 gen, einen, der ungeheures Aufsehen ge¬
1234 1504 3097 1679 macht hätte, wenn der Verbrecher dadrin
1231 1658 3237 1831 mir nicht das Wesentlichste gestrichen und
1234 1806 2954 1985 mir um drei in der Früh einen andern
1245 1960 2705 2136 Schluss dazu geschrieben hätte.
1296 2130 2848 2308 Voll, gründen wir Zwei ein Blatt.
1066 2114 1212 2300 Si:
1285 2273 3143 2438 Meine Herren, Vorbesprechungen zu einer
1053 2346 1210 2452 Ko:
1806 2427 2020 2530 geblich
1247 2416 3154 2616 Revolution sollen nicht im Vorzimmer des
1245 2578 2433 2770 Königs abgehalten werden.
1066 2754 1663 2932 St: Hübsch!
1061 2889 2163 3073 Ko: Schenk' ich Ihnen.
1072 3027 3237 3226 Voll: Hören Sie, Silberstein, jetzt kommt der
1256 3208 3235 3391 junge Markus zurück; Sie sind ja ein inti-
1256 3388 3127 3537 mer Freund von ihm. Der Richard ist ein
1274 3572 3178 3761 anständiger und begabter Mensch, da wird
