<?xml version="1.0" encoding="UTF-8" standalone="yes"?>
<PcGts xmlns="http://schema.primaresearch.org/PAGE/gts/pagecontent/2013-07-15" xmlns:xsi="http://www.w3.org/2001/XMLSchema-instance" xsi:schemaLocation="http://schema.primaresearch.org/PAGE/gts/pagecontent/2013-07-15 http://schema.primaresearch.org/PAGE/gts/pagecontent/2013-07-15/pagecontent.xsd">
    <Metadata>
        <Creator>prov=READ-COOP:name=TrHtr:version=2.1.0:model_id=51170:date=15_08_2023_08:10</Creator>
        <Created>2023-05-10T13:31:20.716+02:00</Created>
        <LastChange>2023-08-15T08:10:19.412+02:00</LastChange>
        <TranskribusMetadata docId="1429040" pageId="55435583" pageNr="156" tsid="132842301" status="IN_PROGRESS" userId="64420" imgUrl="https://files.transkribus.eu/Get?id=TOHKCRBVBKDXQRNQLERKMGOB&amp;fileType=view" xmlUrl="https://files.transkribus.eu/Get?id=EBPXDCHXPAGUCKHTWMCTYMJT" imageId="44709573"/>
    </Metadata>
    <Page imageFilename="1429040_0156.jpg" imageWidth="3432" imageHeight="4152">
        <ReadingOrder>
            <OrderedGroup id="ro_1711799542558" caption="Regions reading order">
                <RegionRefIndexed index="0" regionRef="tr_1"/>
                <RegionRefIndexed index="1" regionRef="tr_2"/>
            </OrderedGroup>
        </ReadingOrder>
        <TextRegion id="tr_1" custom="readingOrder {index:0;}">
            <Coords points="322,442 3038,442 3038,1950 322,1950"/>
            <TextLine id="tr_1_tl_1" custom="readingOrder {index:0;}">
                <Coords points="2610,518 2662,527 2670,538 2702,541 2716,552 2739,552 2751,371 2722,371 2676,400 2662,386 2639,391 2619,386"/>
                <Baseline points="2626,501 2662,498 2707,495 2752,492"/>
                <TextEquiv>
                    <Unicode>84</Unicode>
                </TextEquiv>
            </TextLine>
            <TextLine id="tr_1_tl_2" custom="readingOrder {index:1;}">
                <Coords points="875,716 3021,693 3024,561 1965,636 1479,506 878,627"/>
                <Baseline points="892,701 928,698 973,701 1017,701 1062,698 1107,695 1152,695 1196,692 1241,692 1286,689 1331,689 1376,689 1420,686 1465,686 1510,689 1555,686 1599,692 1644,689 1689,689 1734,683 1779,683 1823,680 1868,677 1913,680 1958,677 2002,674 2047,674 2092,674 2137,674 2181,671 2226,671 2271,668 2316,668 2361,665 2405,662 2450,662 2495,662 2540,659 2584,659 2629,659 2674,659 2719,656 2764,656 2808,656 2853,653 2898,653 2943,650 2987,647 3032,647"/>
                <TextEquiv>
                    <Unicode>Grafen Niederhof nähere Auskunft erhalten.. Es</Unicode>
                </TextEquiv>
            </TextLine>
            <TextLine id="tr_1_tl_3" custom="readingOrder {index:2;}">
                <Coords points="305,765 337,768 354,783 363,774 386,780 394,771 420,780 463,780 460,607 420,604 388,581 365,601 345,593 319,610 302,610"/>
                <Baseline points="322,722 367,725 411,728 456,725 471,722"/>
                <TextEquiv>
                    <Unicode>et</Unicode>
                </TextEquiv>
            </TextLine>
            <TextLine id="tr_1_tl_4" custom="readingOrder {index:3;}">
                <Coords points="883,794 975,806 1131,771 1249,791 1309,768 1393,797 1516,760 1655,786 1655,722 1548,699 1145,719 1116,696 1013,742 886,716"/>
                <Baseline points="901,782 946,779 990,776 1035,776 1080,773 1125,770 1170,767 1214,767 1259,764 1304,764 1349,761 1393,761 1438,764 1483,761 1528,758 1573,758 1617,761 1662,767"/>
                <TextEquiv>
                    <Unicode>Ce n'en rettit très</Unicode>
                </TextEquiv>
            </TextLine>
            <TextLine id="tr_1_tl_5" custom="readingOrder {index:4;}">
                <Coords points="883,892 2817,849 2880,722 2429,768 2129,688 1640,788 886,788"/>
                <Baseline points="898,856 916,856 961,856 1005,856 1050,853 1095,853 1140,850 1185,850 1229,847 1274,847 1319,847 1364,847 1408,844 1453,844 1498,844 1543,844 1587,844 1632,847 1677,844 1722,844 1767,841 1811,841 1856,835 1901,832 1946,832 1990,829 2035,829 2080,829 2125,826 2170,826 2214,826 2259,823 2304,823 2349,823 2393,820 2438,820 2483,820 2528,817 2572,817 2617,814 2662,811 2707,811 2752,808 2796,808 2841,805 2886,805"/>
                <TextEquiv>
                    <Unicode>ist nicht richtig, dass er klerikal ist. Er</Unicode>
                </TextEquiv>
            </TextLine>
            <TextLine id="tr_1_tl_6" custom="readingOrder {index:5;}">
                <Coords points="875,1039 1836,1053 2250,984 2613,1050 3030,1004 3033,906 878,929"/>
                <Baseline points="892,1014 934,1011 979,1011 1023,1008 1068,1008 1113,1005 1158,1005 1202,1005 1247,1008 1292,1002 1337,1002 1382,999 1426,999 1471,996 1516,999 1561,999 1605,999 1650,996 1695,996 1740,993 1784,993 1829,990 1874,988 1919,988 1964,988 2008,988 2053,988 2098,985 2143,985 2187,982 2232,985 2277,982 2322,979 2367,979 2411,979 2456,976 2501,976 2546,976 2590,973 2635,973 2680,973 2725,970 2769,970 2814,967 2859,967 2904,964 2949,961 2993,958 3038,958"/>
                <TextEquiv>
                    <Unicode>ist kaum konservattv. Es wäre ein Glück für da</Unicode>
                </TextEquiv>
            </TextLine>
            <TextLine id="tr_1_tl_7" custom="readingOrder {index:6;}">
                <Coords points="866,1220 2978,1168 3007,987 869,1122"/>
                <Baseline points="883,1167 907,1167 952,1167 996,1167 1041,1167 1086,1164 1131,1164 1176,1161 1220,1161 1265,1158 1310,1155 1355,1158 1399,1158 1444,1158 1489,1158 1534,1155 1579,1155 1623,1152 1668,1149 1713,1149 1758,1149 1802,1149 1847,1146 1892,1146 1937,1143 1981,1143 2026,1140 2071,1140 2116,1140 2161,1140 2205,1137 2250,1137 2295,1137 2340,1137 2384,1137 2429,1137 2474,1134 2519,1134 2564,1131 2608,1131 2653,1128 2698,1128 2743,1125 2787,1122 2832,1122 2877,1119 2922,1116 2966,1116 3011,1110"/>
                <TextEquiv>
                    <Unicode>Land, wenn er gewählt würde, und ein anständt¬</Unicode>
                </TextEquiv>
            </TextLine>
            <TextLine id="tr_1_tl_8" custom="readingOrder {index:7;}">
                <Coords points="875,1347 2129,1304 2431,1367 2929,1292 2932,1214 875,1255"/>
                <Baseline points="892,1331 922,1328 967,1322 1011,1319 1056,1319 1101,1319 1146,1316 1190,1316 1235,1316 1280,1313 1325,1310 1370,1310 1414,1310 1459,1310 1504,1310 1549,1310 1593,1307 1638,1307 1683,1304 1728,1301 1773,1301 1817,1301 1862,1301 1907,1304 1952,1301 1996,1298 2041,1298 2086,1295 2131,1295 2175,1295 2220,1295 2265,1298 2310,1295 2355,1298 2399,1295 2444,1295 2489,1295 2534,1289 2578,1286 2623,1286 2668,1286 2713,1283 2758,1280 2802,1277 2847,1274 2892,1274 2937,1271"/>
                <TextEquiv>
                    <Unicode>ges Blatt hat die Verpflichtung, gegen Geier</Unicode>
                </TextEquiv>
            </TextLine>
            <TextLine id="tr_1_tl_9" custom="readingOrder {index:8;}">
                <Coords points="875,1496 2561,1491 2604,1367 2078,1404 1669,1321 1419,1419 875,1407"/>
                <Baseline points="892,1489 907,1486 952,1477 996,1477 1041,1474 1086,1471 1131,1468 1176,1468 1220,1468 1265,1468 1310,1468 1355,1465 1399,1465 1444,1468 1489,1465 1534,1465 1579,1462 1623,1459 1668,1462 1713,1459 1758,1456 1802,1456 1847,1456 1892,1456 1937,1456 1981,1456 2026,1456 2071,1450 2116,1450 2161,1447 2205,1447 2250,1444 2295,1444 2340,1444 2384,1444 2429,1444 2474,1444 2519,1441 2564,1441 2608,1444"/>
                <TextEquiv>
                    <Unicode>für den Grafen Niederhof einzutreten.</Unicode>
                </TextEquiv>
            </TextLine>
            <TextLine id="tr_1_tl_10" custom="readingOrder {index:9;}">
                <Coords points="745,1669 2360,1655 2849,1611 2949,1531 748,1565"/>
                <Baseline points="764,1632 802,1629 847,1632 892,1629 937,1629 982,1629 1026,1629 1071,1626 1116,1626 1161,1626 1205,1623 1250,1623 1295,1620 1340,1620 1384,1620 1429,1620 1474,1617 1519,1614 1564,1614 1608,1614 1653,1611 1698,1611 1743,1611 1787,1611 1832,1608 1877,1608 1922,1608 1967,1608 2011,1608 2056,1608 2101,1608 2146,1605 2190,1605 2235,1602 2280,1602 2325,1599 2370,1599 2414,1599 2459,1596 2504,1596 2549,1596 2593,1596 2638,1593 2683,1590 2728,1590 2772,1590 2817,1584 2862,1584 2907,1581 2952,1579"/>
                <TextEquiv>
                    <Unicode>Voll: Er ist der Bruder des Kohlengruben besi-</Unicode>
                </TextEquiv>
            </TextLine>
            <TextLine id="tr_1_tl_11" custom="readingOrder {index:10;}">
                <Coords points="872,1798 1680,1775 2075,1870 2590,1764 2947,1793 2949,1672 2711,1629 2501,1695 2184,1626 1634,1721 875,1689"/>
                <Baseline points="889,1787 895,1787 940,1784 985,1784 1029,1784 1074,1784 1119,1784 1164,1781 1208,1781 1253,1779 1298,1779 1343,1779 1387,1776 1432,1773 1477,1776 1522,1776 1567,1773 1611,1773 1656,1773 1701,1770 1746,1770 1790,1770 1835,1767 1880,1767 1925,1767 1970,1764 2014,1764 2059,1764 2104,1764 2149,1761 2193,1761 2238,1761 2283,1761 2328,1758 2372,1758 2417,1758 2462,1755 2507,1755 2552,1755 2596,1752 2641,1752 2686,1752 2731,1752 2775,1752 2820,1749 2865,1746 2910,1746 2955,1743"/>
                <TextEquiv>
                    <Unicode>tzers, der Bruder des verhasstesten Menschen</Unicode>
                </TextEquiv>
            </TextLine>
            <TextLine id="tr_1_tl_12" custom="readingOrder {index:11;}">
                <Coords points="881,1939 1157,1997 1341,1934 1773,1957 1827,1937 1830,1882 1629,1867 1413,1784 1249,1801 1073,1870 883,1867"/>
                <Baseline points="895,1940 937,1940 982,1940 1026,1940 1071,1940 1116,1940 1161,1940 1205,1937 1250,1937 1295,1937 1340,1934 1384,1934 1429,1934 1474,1931 1519,1931 1564,1928 1608,1928 1653,1928 1698,1928 1743,1928 1787,1928 1832,1928"/>
                <TextEquiv>
                    <Unicode>unter den Arbettern.</Unicode>
                </TextEquiv>
            </TextLine>
        </TextRegion>
        <TextRegion id="tr_2" custom="readingOrder {index:1;}">
            <Coords points="758,2003 3095,2003 3095,3666 758,3666"/>
            <TextLine id="tr_2_tl_1" custom="readingOrder {index:0;}">
                <Coords points="742,2170 1991,2080 2826,2129 3053,2060 3056,1922 2745,1977 2101,1899 745,2011"/>
                <Baseline points="758,2107 776,2104 820,2101 865,2098 910,2095 955,2095 999,2098 1044,2098 1089,2098 1134,2095 1179,2092 1223,2092 1268,2092 1313,2092 1358,2092 1402,2089 1447,2089 1492,2089 1537,2089 1581,2089 1626,2089 1671,2086 1716,2086 1761,2086 1805,2086 1850,2086 1895,2083 1940,2083 1984,2083 2029,2083 2074,2083 2119,2080 2164,2080 2208,2077 2253,2074 2298,2074 2343,2074 2387,2074 2432,2071 2477,2068 2522,2068 2567,2068 2611,2068 2656,2065 2701,2068 2746,2065 2790,2065 2835,2065 2880,2062 2925,2059 2969,2056 3014,2056 3059,2053"/>
                <TextEquiv>
                    <Unicode>Mark: Der Bruder..... Sage ich, wir sollen für de</Unicode>
                </TextEquiv>
            </TextLine>
            <TextLine id="tr_2_tl_2" custom="readingOrder {index:1;}">
                <Coords points="892,2267 1732,2239 2210,2351 2889,2334 2958,2325 2964,2155 2270,2170 2132,2109 1980,2187 892,2184"/>
                <Baseline points="907,2250 949,2253 993,2253 1038,2250 1083,2250 1128,2250 1173,2247 1217,2247 1262,2244 1307,2244 1352,2244 1396,2241 1441,2241 1486,2241 1531,2241 1576,2241 1620,2241 1665,2238 1710,2238 1755,2238 1799,2238 1844,2238 1889,2235 1934,2235 1978,2232 2023,2232 2068,2232 2113,2229 2158,2232 2202,2229 2247,2229 2292,2229 2337,2226 2381,2226 2426,2226 2471,2223 2516,2223 2561,2223 2605,2220 2650,2220 2695,2220 2740,2220 2784,2217 2829,2214 2874,2211 2919,2208 2964,2208"/>
                <TextEquiv>
                    <Unicode>Grubenbesitzer Partei nehmen? Die Brüder ver¬</Unicode>
                </TextEquiv>
            </TextLine>
            <TextLine id="tr_2_tl_3" custom="readingOrder {index:2;}">
                <Coords points="1186,2357 1249,2360 1286,2337 1321,2339 1335,2354 1352,2337 1370,2348 1393,2334 1424,2357 1462,2331 1491,2339 1493,2282 1419,2256 1367,2256 1344,2276 1286,2256 1260,2270 1237,2256 1217,2276 1188,2267"/>
                <Baseline points="1202,2325 1247,2328 1292,2328 1337,2328 1382,2325 1426,2325 1471,2322 1498,2325"/>
                <TextEquiv>
                    <Unicode>kann</Unicode>
                </TextEquiv>
            </TextLine>
            <TextLine id="tr_2_tl_4" custom="readingOrder {index:3;}">
                <Coords points="886,2431 1292,2463 1424,2414 1862,2449 2040,2403 2112,2437 2112,2334 1609,2311 1505,2357 1226,2362 1157,2325 886,2362"/>
                <Baseline points="901,2411 910,2408 955,2405 999,2405 1044,2405 1089,2405 1134,2405 1179,2405 1223,2405 1268,2405 1313,2405 1358,2402 1402,2402 1447,2402 1492,2399 1537,2396 1581,2396 1626,2396 1671,2393 1716,2393 1761,2393 1805,2393 1850,2393 1895,2393 1940,2390 1984,2390 2029,2387 2074,2390 2119,2393"/>
                <TextEquiv>
                    <Unicode>kehren nicht mit einander.</Unicode>
                </TextEquiv>
            </TextLine>
            <TextLine id="tr_2_tl_5" custom="readingOrder {index:4;}">
                <Coords points="757,2584 1186,2564 1468,2627 1508,2616 1511,2437 1410,2466 1312,2449 1257,2489 1142,2469 1053,2547 964,2480 757,2498"/>
                <Baseline points="773,2570 799,2567 844,2567 889,2567 934,2567 979,2567 1023,2564 1068,2564 1113,2561 1158,2561 1202,2561 1247,2561 1292,2561 1337,2558 1382,2555 1426,2555 1471,2555 1516,2555"/>
                <TextEquiv>
                    <Unicode>Voll: Wirklich?</Unicode>
                </TextEquiv>
            </TextLine>
            <TextLine id="tr_2_tl_6" custom="readingOrder {index:5;}">
                <Coords points="748,2768 2046,2708 2319,2791 2518,2711 2909,2739 3010,2624 2446,2555 2095,2650 748,2650"/>
                <Baseline points="764,2725 776,2722 820,2725 865,2722 910,2722 955,2722 999,2725 1044,2725 1089,2719 1134,2716 1179,2716 1223,2716 1268,2716 1313,2716 1358,2713 1402,2713 1447,2713 1492,2710 1537,2710 1581,2710 1626,2707 1671,2707 1716,2707 1761,2707 1805,2704 1850,2704 1895,2704 1940,2704 1984,2701 2029,2704 2074,2704 2119,2701 2164,2701 2208,2701 2253,2698 2298,2698 2343,2698 2387,2698 2432,2695 2477,2695 2522,2692 2567,2692 2611,2692 2656,2692 2701,2692 2746,2692 2790,2689 2835,2689 2880,2686 2925,2683 2969,2683 3014,2680"/>
                <TextEquiv>
                    <Unicode>Mark: Sie kennen sich kaum!... Gegen den jungen</Unicode>
                </TextEquiv>
            </TextLine>
            <TextLine id="tr_2_tl_7" custom="readingOrder {index:6;}">
                <Coords points="901,2889 2400,2849 2699,2898 2857,2852 2860,2771 904,2774"/>
                <Baseline points="916,2874 943,2877 988,2877 1032,2877 1077,2877 1122,2877 1167,2874 1211,2874 1256,2871 1301,2871 1346,2868 1390,2868 1435,2871 1480,2868 1525,2868 1570,2868 1614,2865 1659,2862 1704,2862 1749,2862 1793,2862 1838,2859 1883,2859 1928,2859 1973,2856 2017,2853 2062,2853 2107,2853 2152,2853 2196,2853 2241,2853 2286,2850 2331,2850 2375,2850 2420,2847 2465,2847 2510,2847 2555,2847 2599,2844 2644,2844 2689,2844 2734,2844 2778,2844 2823,2841 2868,2841"/>
                <TextEquiv>
                    <Unicode>Grafen liegt politischmichts Nachteiliges</Unicode>
                </TextEquiv>
            </TextLine>
            <TextLine id="tr_2_tl_8" custom="readingOrder {index:7;}">
                <Coords points="901,3070 1568,3021 1732,3093 2653,3004 2924,3062 3010,3044 3013,2924 2017,2961 1689,2889 1502,2970 904,2961"/>
                <Baseline points="919,3029 958,3029 1002,3032 1047,3032 1092,3032 1137,3029 1182,3029 1226,3029 1271,3029 1316,3023 1361,3023 1405,3023 1450,3023 1495,3020 1540,3020 1584,3020 1629,3020 1674,3020 1719,3020 1764,3020 1808,3017 1853,3017 1898,3014 1943,3014 1987,3011 2032,3011 2077,3011 2122,3011 2167,3014 2211,3011 2256,3008 2301,3005 2346,3005 2390,3005 2435,3005 2480,3002 2525,3002 2570,2999 2614,2999 2659,2999 2704,2996 2749,2999 2793,2996 2838,2996 2883,2996 2928,2996 2972,2996 3017,2993"/>
                <TextEquiv>
                    <Unicode>vor. Er soll ein gebildeter, vornehmer Mensch</Unicode>
                </TextEquiv>
            </TextLine>
            <TextLine id="tr_2_tl_9" custom="readingOrder {index:8;}">
                <Coords points="909,3211 952,3217 961,3208 990,3231 1039,3223 1065,3237 1102,3229 1145,3243 1145,3039 1108,3053 1079,3044 1059,3059 1033,3050 1013,3070 987,3065 973,3079 958,3070 929,3088 909,3082"/>
                <Baseline points="925,3184 970,3184 1014,3184 1059,3184 1104,3184 1149,3184 1152,3184"/>
                <TextEquiv>
                    <Unicode>sein.</Unicode>
                </TextEquiv>
            </TextLine>
            <TextLine id="tr_2_tl_10" custom="readingOrder {index:9;}">
                <Coords points="765,3393 2961,3347 2964,3223 1617,3283 1214,3194 1007,3289 768,3257"/>
                <Baseline points="785,3346 820,3343 865,3343 910,3346 955,3346 999,3346 1044,3346 1089,3340 1134,3337 1179,3337 1223,3337 1268,3337 1313,3337 1358,3334 1402,3331 1447,3331 1492,3331 1537,3331 1581,3331 1626,3331 1671,3328 1716,3328 1761,3328 1805,3328 1850,3325 1895,3328 1940,3325 1984,3325 2029,3325 2074,3322 2119,3322 2164,3319 2208,3319 2253,3316 2298,3319 2343,3316 2387,3316 2432,3313 2477,3313 2522,3313 2567,3313 2611,3313 2656,3313 2701,3313 2746,3313 2790,3310 2835,3310 2880,3307 2925,3304 2969,3304"/>
                <TextEquiv>
                    <Unicode>Voll: Herr Chefredakteur, es ist bekannt, dass</Unicode>
                </TextEquiv>
            </TextLine>
            <TextLine id="tr_2_tl_11" custom="readingOrder {index:10;}">
                <Coords points="901,3525 2311,3565 2544,3473 2932,3473 2932,3413 2037,3401 1948,3344 901,3459"/>
                <Baseline points="916,3498 925,3498 970,3498 1014,3498 1059,3498 1104,3498 1149,3498 1193,3498 1238,3495 1283,3495 1328,3492 1373,3492 1417,3492 1462,3492 1507,3492 1552,3489 1596,3486 1641,3486 1686,3486 1731,3483 1776,3483 1820,3483 1865,3483 1910,3480 1955,3480 1999,3480 2044,3480 2089,3477 2134,3477 2178,3474 2223,3477 2268,3474 2313,3474 2358,3471 2402,3471 2447,3468 2492,3468 2537,3468 2581,3465 2626,3465 2671,3465 2716,3465 2761,3462 2805,3462 2850,3462 2895,3462 2940,3468"/>
                <TextEquiv>
                    <Unicode>er einmal in seinem Schloss hat ausräuchern</Unicode>
                </TextEquiv>
            </TextLine>
            <TextLine id="tr_2_tl_12" custom="readingOrder {index:11;}">
                <Coords points="909,3695 3088,3646 3056,3545 2590,3522 912,3582"/>
                <Baseline points="925,3656 946,3656 990,3656 1035,3653 1080,3656 1125,3656 1170,3656 1214,3656 1259,3656 1304,3653 1349,3650 1393,3650 1438,3647 1483,3647 1528,3647 1573,3644 1617,3647 1662,3644 1707,3644 1752,3644 1796,3641 1841,3641 1886,3638 1931,3638 1976,3638 2020,3635 2065,3635 2110,3632 2155,3632 2199,3632 2244,3632 2289,3632 2334,3632 2378,3629 2423,3626 2468,3626 2513,3626 2558,3626 2602,3626 2647,3623 2692,3623 2737,3620 2781,3620 2826,3620 2871,3620 2916,3620 2961,3620 3005,3617 3050,3617 3095,3620"/>
                <TextEquiv>
                    <Unicode>lassen, weil ein jüdischer Tapezierer dort war.</Unicode>
                </TextEquiv>
            </TextLine>
        </TextRegion>
    </Page>
</PcGts>
