3560 4072
407 219 808 454 Jun. 8th
2974 404 3057 520 4
1076 606 2163 799 scheint (nebensächlich).
2340 589 2893 799 S. Cberiteur
3018 642 3320 805 dire
1071 744 3292 943 So kommt es endlich zu der Toast, in dem Stlber-
1079 918 3112 1065 stein dem Markus alle seine Laghsheiten,Ge-
1082 1087 3189 1237 sinnungslos igketten ja Gemeinheiten vorwtrft.
1281 1192 1837 1289 der Tode Leichler
1090 1223 3284 1369 und Richard ihm die Türe weist (Duellforderung)
1444 1331 1693 1438 the S.
1087 1372 3162 1566 Obendorf; Schad, dass er nicht auch betrunken
1090 1566 2094 1718 ist, penn er schreibt.
1087 1671 3178 1840 In diesem Akt markt man auch, ###te Markus eine
1095 1834 3209 1983 Verbindung Niederhofs mit seinem Sohn herbei¬
1098 2008 3054 2136 führen will. Niederhof, ein Freund des Erz¬
1084 2144 3181 2310 herzogs, spricht über die glänzenden Reisebe-
1098 2324 2141 2476 richte laichards u.s.w.
1087 2432 3032 2592 Der dritte Akt spielt am Morgen darauf. Es
2351 2548 3225 2669 à je nen entferr le sieur
1101 2631 3126 2755 ist erwiesen, dass ein Pagrom stattgefunden,
1098 2747 3032 2938 dass Markus mit Wissen und Willen es als
1104 2905 2617 3084 falsches Gerücht bezeichnet hat.
1090 3048 3184 3217 Es hat schon eine Sozialdemokratische Inter-
1101 3225 3178 3389 pellation im Abgeordnetenhaus stattgefunden:
1095 3380 3145 3519 Wie die Regierung dazu komme einem Schurken
1093 3546 3057 3679 Ehren zu erweisen,mit einem Staat sich zu
