3544 4200
2859 527 2987 636 62
967 692 3098 864 ist eigentlich viel wichtiger für ihn als ich
1073 906 1728 1031 meiner Seel'!
784 1002 2618 1190 Werb: Ja, es is schon was Wahres äran.
1105 1155 3095 1336 Sehn Sie, wirklich heiter is er eigentlich
779 1256 980 1442 Ag.
1026 1320 3146 1497 doch nur, wenn er sich mit der Kleinen spielt
1084 1479 2976 1709 na ja, sonst hat er ja wirklich nicht
1041 1659 2173 1815 viel Gutes auf der Welt.
792 1773 2918 1964 Werb: Sie sind doch ein bissl zu bescheiden,
1044 2011 1402 2139 Agathe.
1034 2128 2987 2263 Na ja, wenn er mich auch gern hat., aber
824 2109 1007 2295 Ag:
1063 2250 3095 2435 denken Sie doch, was er sich für Sorgen mit
1065 2401 2915 2613 mir auf den Hals geladen hat. Es hätt's
1071 2624 1932 2743 nicht Jeder getan.
2486 2637 2653 2761 Dein
1155 2716 3050 2883 Na hören Sie, ich will meinem Freund Gu¬
835 2785 1094 2934 Werb:
1089 2899 3074 3048 stav nicht nahetreten, aber dass er Sie ge
1092 3040 3077 3228 heiratet hat, war doch das weitaus Vernünf
1094 3212 3130 3339 tigste, was er in seinem ganzen Leben getan
3042 3302 3185 3511 FJ
1100 3408 1304 3511 hat.
1092 3551 3000 3721 Glauben Sie wirklich, Herr v.Werburg...
861 3562 1036 3707 Ag:
