3560 4104
2773 471 3197 685 2/6. 905.
726 648 2751 844 Fialla verhandelt schon lang mit dem Blatt,
726 816 3222 1002 Seit Markus sein ganzes Vermögen in den Kohlengruben
775 952 2549 1129 angelegt hat, ist er leicht zu haben.
735 1092 3176 1349 Man wundert sich, dass er gegen die Streikenden ein
788 1309 1110 1470 tritt.
751 1408 3123 1656 Das Gerücht sickert durch, dass ihm die Hälfte der
744 1613 1724 1774 Kohlengruben gehört.
757 1696 3191 1929 Der Streik ist ausgebrochen, die Leute wollen nicht
778 1879 2245 2078 einfahren wegen grosser Gefahr.
769 2056 1799 2258 Man giebt nicht nach.
782 2137 3160 2394 Es sind Neuwahlen in dem Bezirk, im letzten Moment
797 2314 2642 2518 wird Niederhof aufgestellt und gewählt.
797 2472 3169 2695 Man wurde XXXXX für Geyer eintreten, wenn er nicht
813 2639 2912 2807 direkte Majestätsbeleidigung begangen hätte.
856 2751 2692 2943 Im II.Akt ist Niederhof schon gewählt.
828 2903 3107 3067 Er dankt das zum Teil dem Eintreten des Blattes.
819 3064 3145 3213 Nach käuzer Ruhe, da einige Streikbrecher und die
822 3191 3098 3334 Streikenden die Streikbrecher tätlich angriffen.
819 3331 2335 3501 Militär, das die Leute beschoss.
828 3486 2202 3703 Schuld haben die Streikenden.
