3544 4088
357 206 752 434 June 82
2873 354 2958 494 6
1055 481 3183 681 Jüdischen Fallhändlers aus Szegedin.Hätte ich
1049 618 3081 805 jetzt gegen den Fürsten geschrieben,dte so-
1044 818 3084 942 zialdemokratische Hetze mitgemacht, so hätte
1060 939 3065 1096 uns da oben sehr geschadet. Der Fürst tstzur
1044 1079 3216 1255 Jagd beim Erzherzog eingeladen.) Und wem hätten
1041 1252 3062 1420 wir genützt? Machen wir die Leute lebendig,
1041 1379 3164 1579 die dort erschlagen worden sind? Politik,mein
1027 1571 1291 1681 Sohn.
1013 1689 2073 1884 Richard: Ueberzeugung.
1008 1881 3150 2010 Markus: Was heisst Ueberzeugung? (Ist es etwas
1038 1986 2933 2192 so grosses? Wissen wir vor Recht hat?Auf
1016 2172 3095 2337 Macht kommt es an.Ueber Macht gibt es keine
1005 2318 1843 2469 Dishussion u. s.w.
1008 2483 3081 2628 Richard: geht auf all das nicht ein, ist ent¬
1030 2601 2018 2779 schlossen abzuretsen.
1002 2749 3013 2930 Silberstein kommt. Vorwand: Er hat hier in
1016 2925 2560 3112 seinem Pult wichtige Manuscripte.
1002 3098 2224 3254 Richard entschuldigt sich.
997 3232 3199 3392 Silberstein ist betreten, endlich gesteht er zu,
1005 3441 2982 3554 dass er selbst auch hergekommen ist,um die
1005 3540 3010 3680 Sache zu aplanteren, auf Bitten seiner Frau.
