<?xml version="1.0" encoding="UTF-8" standalone="yes"?>
<PcGts xmlns="http://schema.primaresearch.org/PAGE/gts/pagecontent/2013-07-15" xmlns:xsi="http://www.w3.org/2001/XMLSchema-instance" xsi:schemaLocation="http://schema.primaresearch.org/PAGE/gts/pagecontent/2013-07-15 http://schema.primaresearch.org/PAGE/gts/pagecontent/2013-07-15/pagecontent.xsd">
    <Metadata>
        <Creator>prov=READ-COOP:name=TrHtr:version=2.1.0:model_id=51170:date=15_08_2023_08:09</Creator>
        <Created>2023-05-10T13:31:04.579+02:00</Created>
        <LastChange>2023-08-15T08:09:45.658+02:00</LastChange>
        <TranskribusMetadata docId="1429040" pageId="55435085" pageNr="32" tsid="132842166" status="IN_PROGRESS" userId="64420" imgUrl="https://files.transkribus.eu/Get?id=PUKXLDWALODYJWDHGWXEIHGX&amp;fileType=view" xmlUrl="https://files.transkribus.eu/Get?id=WSPNVGNOVCELADZEIJDKWVXH" imageId="44709075"/>
    </Metadata>
    <Page imageFilename="1429040_0032.jpg" imageWidth="3560" imageHeight="4104">
        <ReadingOrder>
            <OrderedGroup id="ro_1711799297635" caption="Regions reading order">
                <RegionRefIndexed index="0" regionRef="tr_1"/>
                <RegionRefIndexed index="1" regionRef="tr_2"/>
            </OrderedGroup>
        </ReadingOrder>
        <TextRegion id="tr_1" custom="readingOrder {index:0;}">
            <Coords points="910,472 3226,472 3226,2144 910,2144"/>
            <TextLine id="tr_1_tl_1" custom="readingOrder {index:0;}">
                <Coords points="2707,566 2721,566 2733,558 2739,563 2753,560 2765,552 2773,555 2796,543 2831,543 2834,451 2793,457 2785,448 2776,457 2765,457 2736,440 2713,443"/>
                <Baseline points="2725,525 2748,528 2793,525 2838,522"/>
                <TextEquiv>
                    <Unicode>19</Unicode>
                </TextEquiv>
            </TextLine>
            <TextLine id="tr_1_tl_2" custom="readingOrder {index:1;}">
                <Coords points="897,759 1247,759 1310,727 1629,770 1750,733 1802,750 1805,675 1698,626 1592,667 1342,658 1285,687 1247,658 897,675"/>
                <Baseline points="913,743 958,743 1002,740 1047,740 1092,737 1137,737 1181,734 1226,734 1271,731 1316,728 1361,728 1405,728 1450,728 1495,725 1540,725 1584,722 1629,722 1674,722 1719,719 1763,719 1808,722"/>
                <TextEquiv>
                    <Unicode>III.Akt. Redaktion.</Unicode>
                </TextEquiv>
            </TextLine>
            <TextLine id="tr_1_tl_3" custom="readingOrder {index:2;}">
                <Coords points="894,925 2885,859 2891,716 2290,787 2069,713 1707,825 897,828"/>
                <Baseline points="910,898 925,898 970,898 1014,901 1059,898 1104,895 1149,889 1193,889 1238,886 1283,883 1328,883 1372,880 1417,877 1462,877 1507,877 1552,874 1596,874 1641,874 1686,871 1731,868 1775,868 1820,865 1865,865 1910,865 1954,862 1999,859 2044,859 2089,856 2134,853 2178,853 2223,853 2268,853 2313,850 2357,850 2402,847 2447,844 2492,844 2537,841 2581,838 2626,838 2671,835 2716,835 2760,835 2805,835 2850,838 2895,838"/>
                <TextEquiv>
                    <Unicode>1. Jemand liest die Rede des Grafen vor.</Unicode>
                </TextEquiv>
            </TextLine>
            <TextLine id="tr_1_tl_4" custom="readingOrder {index:3;}">
                <Coords points="894,1066 2693,1049 2994,1009 3000,854 2083,871 1894,971 1365,1012 897,980"/>
                <Baseline points="910,1047 943,1047 987,1044 1032,1044 1077,1044 1122,1044 1167,1041 1211,1038 1256,1038 1301,1035 1346,1032 1390,1035 1435,1035 1480,1032 1525,1032 1569,1029 1614,1026 1659,1026 1704,1023 1749,1023 1793,1020 1838,1020 1883,1017 1928,1017 1972,1014 2017,1014 2062,1011 2107,1011 2151,1008 2196,1011 2241,1008 2286,1005 2331,1002 2375,999 2420,996 2465,996 2510,993 2554,993 2599,993 2644,990 2689,987 2734,987 2778,984 2823,984 2868,984 2913,981 2957,981 3002,984"/>
                <TextEquiv>
                    <Unicode>Schiessen - das Gesindel ist nichts Besseres</Unicode>
                </TextEquiv>
            </TextLine>
            <TextLine id="tr_1_tl_5" custom="readingOrder {index:4;}">
                <Coords points="902,1224 2977,1181 3084,1141 3086,1009 905,1155"/>
                <Baseline points="919,1202 943,1199 987,1199 1032,1199 1077,1199 1122,1199 1167,1196 1211,1196 1256,1196 1301,1190 1346,1190 1390,1187 1435,1187 1480,1187 1525,1184 1569,1184 1614,1181 1659,1181 1704,1178 1749,1178 1793,1175 1838,1175 1883,1172 1928,1170 1972,1167 2017,1167 2062,1167 2107,1164 2151,1164 2196,1161 2241,1158 2286,1158 2331,1158 2375,1155 2420,1152 2465,1149 2510,1149 2554,1149 2599,1146 2644,1143 2689,1143 2734,1140 2778,1140 2823,1137 2868,1137 2913,1134 2957,1131 3002,1128 3047,1128 3092,1131"/>
                <TextEquiv>
                    <Unicode>wert. Grosse Kulturfortschritte werden nur mit</Unicode>
                </TextEquiv>
            </TextLine>
            <TextLine id="tr_1_tl_6" custom="readingOrder {index:5;}">
                <Coords points="902,1391 1612,1336 1744,1377 1908,1328 2023,1365 2026,1276 905,1287"/>
                <Baseline points="922,1361 955,1358 999,1355 1044,1355 1089,1355 1134,1355 1178,1355 1223,1352 1268,1349 1313,1346 1358,1343 1402,1343 1447,1343 1492,1340 1537,1337 1581,1337 1626,1334 1671,1334 1716,1331 1760,1331 1805,1331 1850,1328 1895,1328 1940,1325 1984,1328 2029,1331"/>
                <TextEquiv>
                    <Unicode>Menschenopfern erkauft.</Unicode>
                </TextEquiv>
            </TextLine>
            <TextLine id="tr_1_tl_7" custom="readingOrder {index:6;}">
                <Coords points="917,1537 2963,1486 2969,1348 2118,1322 1408,1463 920,1448"/>
                <Baseline points="934,1513 958,1510 1002,1510 1047,1510 1092,1510 1137,1510 1181,1510 1226,1510 1271,1504 1316,1504 1361,1501 1405,1498 1450,1498 1495,1498 1540,1495 1584,1492 1629,1489 1674,1489 1719,1486 1763,1483 1808,1483 1853,1483 1898,1480 1943,1477 1987,1477 2032,1474 2077,1471 2122,1468 2166,1468 2211,1468 2256,1465 2301,1465 2345,1462 2390,1462 2435,1462 2480,1459 2525,1459 2569,1459 2614,1456 2659,1453 2704,1450 2748,1453 2793,1450 2838,1450 2883,1450 2928,1447 2972,1450"/>
                <TextEquiv>
                    <Unicode>Voll: Diesem Menschen hab' ich die Hand ge-</Unicode>
                </TextEquiv>
            </TextLine>
            <TextLine id="tr_1_tl_8" custom="readingOrder {index:7;}">
                <Coords points="925,1724 948,1727 997,1696 1026,1707 1058,1684 1132,1701 1218,1678 1233,1696 1244,1687 1282,1704 1285,1592 1247,1586 1161,1609 1098,1569 1040,1606 977,1604 928,1624"/>
                <Baseline points="940,1668 973,1671 1017,1668 1062,1668 1107,1665 1152,1665 1196,1665 1241,1662 1286,1665"/>
                <TextEquiv>
                    <Unicode>drückt!</Unicode>
                </TextEquiv>
            </TextLine>
            <TextLine id="tr_1_tl_9" custom="readingOrder {index:8;}">
                <Coords points="908,1862 3164,1799 3219,1687 2328,1632 1664,1759 1210,1678 914,1750"/>
                <Baseline points="928,1832 943,1832 987,1832 1032,1832 1077,1829 1122,1823 1167,1820 1211,1820 1256,1817 1301,1817 1346,1814 1390,1811 1435,1811 1480,1808 1525,1808 1569,1805 1614,1805 1659,1802 1704,1802 1749,1799 1793,1799 1838,1796 1883,1796 1928,1793 1972,1793 2017,1787 2062,1787 2107,1784 2151,1781 2196,1778 2241,1778 2286,1775 2331,1772 2375,1772 2420,1772 2465,1772 2510,1769 2554,1769 2599,1766 2644,1763 2689,1760 2734,1760 2778,1758 2823,1755 2868,1755 2913,1755 2957,1752 3002,1749 3047,1749 3092,1746 3136,1743 3181,1740 3226,1743"/>
                <TextEquiv>
                    <Unicode>2. Markus Er muss gehalten werden. Diese Sachen</Unicode>
                </TextEquiv>
            </TextLine>
            <TextLine id="tr_1_tl_10" custom="readingOrder {index:9;}">
                <Coords points="931,2017 3150,1943 3173,1848 2239,1891 1810,1810 1595,1911 934,1923"/>
                <Baseline points="946,1975 984,1975 1029,1978 1074,1975 1119,1975 1164,1972 1208,1969 1253,1966 1298,1966 1343,1963 1387,1963 1432,1960 1477,1960 1522,1960 1566,1960 1611,1954 1656,1954 1701,1952 1746,1952 1790,1949 1835,1949 1880,1949 1925,1946 1969,1943 2014,1946 2059,1943 2104,1940 2149,1940 2193,1937 2238,1934 2283,1931 2328,1928 2372,1928 2417,1925 2462,1922 2507,1922 2551,1922 2596,1919 2641,1919 2686,1916 2731,1916 2775,1913 2820,1910 2865,1907 2910,1907 2954,1904 2999,1901 3044,1898 3089,1898 3133,1895 3178,1892"/>
                <TextEquiv>
                    <Unicode>werden wir streichen. Wenn unser Blatt es nicht</Unicode>
                </TextEquiv>
            </TextLine>
            <TextLine id="tr_1_tl_11" custom="readingOrder {index:10;}">
                <Coords points="940,2138 2469,2127 2658,2095 2661,2009 943,2081"/>
                <Baseline points="955,2131 964,2131 1008,2131 1053,2134 1098,2131 1143,2128 1187,2128 1232,2125 1277,2125 1322,2125 1367,2122 1411,2119 1456,2119 1501,2119 1546,2113 1590,2113 1635,2110 1680,2110 1725,2107 1769,2107 1814,2104 1859,2104 1904,2101 1949,2098 1993,2098 2038,2095 2083,2092 2128,2092 2172,2089 2217,2089 2262,2089 2307,2089 2351,2086 2396,2083 2441,2083 2486,2083 2531,2080 2575,2080 2620,2080 2665,2080"/>
                <TextEquiv>
                    <Unicode>schreibt, so hat er es nicht gesagt.</Unicode>
                </TextEquiv>
            </TextLine>
        </TextRegion>
        <TextRegion id="tr_2" custom="readingOrder {index:1;}">
            <Coords points="949,2155 3256,2155 3256,3708 949,3708"/>
            <TextLine id="tr_2_tl_1" custom="readingOrder {index:0;}">
                <Coords points="934,2310 2963,2267 3150,2210 3155,2092 937,2219"/>
                <Baseline points="949,2289 964,2292 1008,2295 1053,2295 1098,2295 1143,2289 1187,2286 1232,2283 1277,2280 1322,2280 1367,2277 1411,2277 1456,2274 1501,2274 1546,2271 1590,2268 1635,2265 1680,2265 1725,2262 1769,2262 1814,2262 1859,2259 1904,2259 1949,2256 1993,2253 2038,2250 2083,2247 2128,2247 2172,2244 2217,2241 2262,2241 2307,2241 2351,2238 2396,2235 2441,2232 2486,2232 2531,2232 2575,2229 2620,2226 2665,2226 2710,2223 2754,2223 2799,2217 2844,2217 2889,2217 2933,2214 2978,2214 3023,2211 3068,2208 3113,2208 3157,2205"/>
                <TextEquiv>
                    <Unicode>3. Fiala kommt. Jetzt muss das Blatt sich ent¬</Unicode>
                </TextEquiv>
            </TextLine>
            <TextLine id="tr_2_tl_2" custom="readingOrder {index:1;}">
                <Coords points="954,2489 3147,2405 3167,2316 2696,2262 2175,2368 960,2371"/>
                <Baseline points="973,2444 981,2444 1026,2444 1071,2444 1116,2444 1161,2441 1205,2438 1250,2438 1295,2435 1340,2432 1384,2429 1429,2429 1474,2429 1519,2426 1563,2426 1608,2423 1653,2423 1698,2423 1743,2420 1787,2420 1832,2417 1877,2414 1922,2414 1966,2408 2011,2405 2056,2405 2101,2402 2146,2402 2190,2399 2235,2399 2280,2396 2325,2396 2369,2396 2414,2393 2459,2390 2504,2387 2548,2384 2593,2381 2638,2378 2683,2378 2728,2378 2772,2375 2817,2375 2862,2372 2907,2372 2951,2372 2996,2369 3041,2366 3086,2363 3130,2357 3175,2357"/>
                <TextEquiv>
                    <Unicode>schieden wenden. Es kommt eine liberale Regier¬</Unicode>
                </TextEquiv>
            </TextLine>
            <TextLine id="tr_2_tl_3" custom="readingOrder {index:2;}">
                <Coords points="960,2635 2670,2572 2675,2437 2106,2425 1885,2512 963,2561"/>
                <Baseline points="976,2605 1020,2602 1065,2605 1110,2602 1155,2602 1199,2599 1244,2596 1289,2593 1334,2590 1378,2587 1423,2587 1468,2584 1513,2584 1558,2581 1602,2578 1647,2578 1692,2575 1737,2575 1781,2572 1826,2569 1871,2566 1916,2566 1960,2563 2005,2560 2050,2560 2095,2560 2140,2560 2184,2554 2229,2557 2274,2557 2319,2557 2363,2554 2408,2551 2453,2551 2498,2548 2542,2548 2587,2545 2632,2545 2677,2548"/>
                <TextEquiv>
                    <Unicode>ung. Das Ministerium wird weggefegt.</Unicode>
                </TextEquiv>
            </TextLine>
            <TextLine id="tr_2_tl_4" custom="readingOrder {index:3;}">
                <Coords points="960,2773 3035,2727 3104,2716 3107,2604 963,2687"/>
                <Baseline points="976,2760 1002,2760 1047,2760 1092,2760 1137,2760 1181,2760 1226,2754 1271,2754 1316,2754 1361,2754 1405,2751 1450,2748 1495,2745 1540,2742 1584,2739 1629,2739 1674,2734 1719,2734 1763,2731 1808,2731 1853,2728 1898,2728 1943,2725 1987,2722 2032,2719 2077,2719 2122,2716 2166,2716 2211,2713 2256,2713 2301,2710 2345,2707 2390,2707 2435,2704 2480,2704 2525,2704 2569,2701 2614,2698 2659,2698 2704,2695 2748,2692 2793,2692 2838,2689 2883,2686 2928,2683 2972,2683 3017,2680 3062,2677 3107,2677"/>
                <TextEquiv>
                    <Unicode>4. Der junge Markus zu seinem Vater: Haft du</Unicode>
                </TextEquiv>
            </TextLine>
            <TextLine id="tr_2_tl_5" custom="readingOrder {index:4;}">
                <Coords points="968,2940 2980,2879 3009,2716 2538,2733 2288,2834 971,2865"/>
                <Baseline points="984,2928 996,2925 1041,2922 1086,2916 1131,2913 1175,2910 1220,2907 1265,2907 1310,2907 1355,2910 1399,2907 1444,2904 1489,2898 1534,2898 1578,2895 1623,2892 1668,2889 1713,2889 1758,2883 1802,2883 1847,2880 1892,2880 1937,2877 1981,2877 2026,2874 2071,2874 2116,2871 2160,2871 2205,2868 2250,2868 2295,2865 2340,2862 2384,2862 2429,2859 2474,2862 2519,2859 2563,2859 2608,2856 2653,2853 2698,2853 2742,2850 2787,2847 2832,2844 2877,2841 2922,2841 2966,2838 3011,2850"/>
                <TextEquiv>
                    <Unicode>gewusst, dass die Sache so steht, dass der</Unicode>
                </TextEquiv>
            </TextLine>
            <TextLine id="tr_2_tl_6" custom="readingOrder {index:5;}">
                <Coords points="977,3084 2150,3066 2219,3046 2221,2971 980,2994"/>
                <Baseline points="993,3077 1020,3074 1065,3071 1110,3071 1155,3071 1199,3068 1244,3065 1289,3065 1334,3062 1378,3062 1423,3059 1468,3059 1513,3056 1558,3053 1602,3050 1647,3050 1692,3047 1737,3047 1781,3044 1826,3041 1871,3038 1916,3038 1960,3038 2005,3038 2050,3035 2095,3032 2140,3032 2184,3032 2229,3038"/>
                <TextEquiv>
                    <Unicode>Graf solch ein Mensch ist?</Unicode>
                </TextEquiv>
            </TextLine>
            <TextLine id="tr_2_tl_7" custom="readingOrder {index:6;}">
                <Coords points="1014,3242 2948,3201 3164,3184 3170,3081 2819,2992 2219,3029 1989,3155 1017,3175"/>
                <Baseline points="1029,3220 1071,3226 1116,3226 1161,3223 1205,3223 1250,3220 1295,3217 1340,3217 1384,3214 1429,3214 1474,3211 1519,3208 1563,3208 1608,3205 1653,3205 1698,3202 1743,3202 1787,3199 1832,3199 1877,3199 1922,3196 1966,3193 2011,3193 2056,3190 2101,3190 2146,3187 2190,3187 2235,3184 2280,3181 2325,3178 2369,3175 2414,3172 2459,3172 2504,3169 2548,3166 2593,3166 2638,3163 2683,3163 2728,3160 2772,3160 2817,3160 2862,3157 2907,3157 2951,3154 2996,3151 3041,3148 3086,3148 3130,3148 3175,3145"/>
                <TextEquiv>
                    <Unicode>- Auseinandersetzung. Allgemeines über Politik</Unicode>
                </TextEquiv>
            </TextLine>
            <TextLine id="tr_2_tl_8" custom="readingOrder {index:7;}">
                <Coords points="989,3400 3086,3342 3247,3316 3253,3198 991,3308"/>
                <Baseline points="1005,3390 1017,3387 1062,3384 1107,3381 1152,3381 1196,3378 1241,3375 1286,3372 1331,3372 1375,3369 1420,3369 1465,3369 1510,3366 1555,3366 1599,3366 1644,3363 1689,3363 1734,3360 1778,3357 1823,3357 1868,3354 1913,3351 1957,3348 2002,3345 2047,3345 2092,3345 2137,3342 2181,3339 2226,3336 2271,3336 2316,3333 2360,3336 2405,3330 2450,3330 2495,3324 2540,3324 2584,3324 2629,3319 2674,3319 2719,3316 2763,3316 2808,3313 2853,3316 2898,3313 2942,3310 2987,3307 3032,3307 3077,3304 3122,3301 3166,3298 3211,3298 3256,3289"/>
                <TextEquiv>
                    <Unicode>und Ueberzeugung, Gleichgiltigkeit und Epheimerie</Unicode>
                </TextEquiv>
            </TextLine>
            <TextLine id="tr_2_tl_9" custom="readingOrder {index:8;}">
                <Coords points="991,3578 2914,3506 3144,3474 3147,3348 997,3403"/>
                <Baseline points="1008,3533 1047,3536 1092,3536 1137,3533 1181,3530 1226,3530 1271,3530 1316,3527 1361,3524 1405,3521 1450,3524 1495,3524 1540,3521 1584,3521 1629,3518 1674,3518 1719,3513 1763,3513 1808,3510 1853,3507 1898,3504 1943,3504 1987,3501 2032,3498 2077,3495 2122,3495 2166,3495 2211,3492 2256,3489 2301,3489 2345,3486 2390,3483 2435,3480 2480,3480 2525,3480 2569,3477 2614,3474 2659,3474 2704,3471 2748,3471 2793,3468 2838,3468 2883,3465 2928,3465 2972,3462 3017,3462 3062,3462 3107,3459 3151,3462"/>
                <TextEquiv>
                    <Unicode>dieser Dinge. Politik hat nichts mit Moral zu</Unicode>
                </TextEquiv>
            </TextLine>
            <TextLine id="tr_2_tl_10" custom="readingOrder {index:9;}">
                <Coords points="1000,3710 1035,3701 1069,3719 1127,3701 1204,3722 1204,3543 1178,3543 1164,3558 1147,3546 1106,3558 1086,3552 1029,3581 1000,3578"/>
                <Baseline points="1017,3698 1032,3698 1077,3695 1122,3695 1167,3695 1211,3695"/>
                <TextEquiv>
                    <Unicode>tun.</Unicode>
                </TextEquiv>
            </TextLine>
        </TextRegion>
    </Page>
</PcGts>
