3560 4104
645 548 3084 842 Werburg: Ich möchte vielleicht ein politisches Stück
642 774 3136 956 schreiben, wenn ich für wahr hielte, dass sich irgend
648 885 3088 1134 ein Mensch so für das Vaterland interessiert als für
674 1047 2961 1290 Liebe Und Tod. Wenn ich mir nur einen von diesen
635 1160 3240 1390 Herren, die eben im Brustton der Ueberzeugung das Elend
645 1374 3127 1565 des Vaterlands beklagt, vorstellen könnte, wie er zu-
654 1516 3123 1727 hause in seinen vier Wänden über das Elend das Vater-
658 1646 3114 1882 landes weint -! Wenn ich nicht wüsste, dass ihm sei-
654 1801 2968 2038 ne Zigarre wichtiger ist als das ganze Vaterland.
