3560 4104
671 577 1966 867 Ueberzeugung - wie epheimer!
674 802 3179 1039 Sehr wahr. Aber den Leuten gegenüber tut ihr, als sei
727 970 3132 1167 nichts wichtiger, als sei jeder ein Schuft, der sie
746 1117 2352 1314 verrät, verkauft, ja nur vergisst.
680 1248 3054 1457 Ihr spielt den Leuten die Ueberzeugungstreuen vor
733 1438 1289 1647 das ist es!
693 1519 3201 1810 Es ist nicht genug, selbst zu wissen: das ist falsche
702 1697 3145 1909 Münze, und sie zu verachten; man darf sie auch nicht
702 1869 1582 2097 in Umlauf bringen.
