3304 3976
738 406 2019 598 Mark: Nein, es geht nicht.
752 604 2870 746 Rich: So lies doch! Ich unterschreib' es mit
892 719 2930 927 meinem Namen. Ich ganz allein trage die Ver-
900 911 1435 1067 antwortung.
760 1026 1899 1202 Mark: Es ist unmöglich!
760 1199 2966 1342 Rich: Jedes Wort, das ich sage, ist wahr. Alle
914 1331 3010 1515 anständigen und vernünftigen Leute werden uns
892 1484 2925 1649 zustimmen, alle unsere... alle deine Fehler
916 1665 1970 1841 werden vergessen sein.
796 1789 1830 2011 Mark: Es ist zu spät!
804 1954 2999 2107 Rich: Dazu kann es nicht zu spät sein! Hast du
944 2110 3037 2247 Verpflichtungen übernommen? Sie gelten nichts
933 2222 3043 2404 mehr. Einer solchen Regierung gegenüber giebt
966 2393 2971 2574 es keine Verpflichtungen. Ein Parlament, in
963 2543 3048 2719 dem solche Dinge ungestraft ausgesprochen wer
960 2714 3037 2873 den dürfen, setzt sich selbst ihrer Beschimp-
955 2875 3032 3051 fung aus. Ein Subjekt, das es wagt auszuspre-
977 3002 2980 3177 chen, dass es um ein paar Menschenleben von
980 3125 2996 3378 Arbeitern nicht schade ist, ist ein Schurke
985 3325 3040 3512 der keine Schonung verdient. Wenn er auch ge.
985 3487 2933 3734 stern noch an unserm Tisch gesessen ist...
