3528 4104
2672 385 2817 581 12
818 575 2954 761 6. Mondberg wieder herein. Ueber lepstein und
815 721 3003 946 Raubmörder. Immer mehr von lepstein wird gestri¬
829 934 1080 1068 chen.
877 1051 3045 1196 — Wenn man denkt: vor vier Tagen ist er noch da
826 1236 3005 1362 gesessen, und heut ist uns schon ein Korneubur
820 1347 1780 1533 ger Grasl wichtiger.
823 1479 2917 1681 Der Sektionschef hat sich anmelden lassen.
826 1664 1681 1860 Redaktionssitzung.
832 1786 3117 2020 7. Obendorfer schreibt etwas Lustiges über Wien
823 1977 1746 2171 fürs morgige Blatt.
912 2094 2934 2285 Adele Loser kommt herein. Sie ist jetzt am
829 2299 3020 2447 Ueberbrettl beteiligt, redet die ungeheuerlich-
835 2441 3042 2612 sten Dinge. Schreibt jetzt ein "Dirnenlied" für
835 2587 2974 2763 das Ueberbrettl. Frägt endlich Obendorfer mit
829 2755 2980 2909 grossen blauen Augen, ob er sie für eine Jung-
840 2914 1370 3082 frau halte.
838 3057 2980 3248 Wie O. daraufhin etwas zutraulicher wird, ist
843 3205 1530 3401 sie entrüstet.
838 3324 3119 3530 8. Der Sektionschef kommt. Die Andern sind noch
840 3484 2920 3726 bei der Redaktionssitzung, er spricht mit O.
