3464 4168
2791 421 2942 615 93
856 586 1929 815 da sehe ich deutlich...
699 830 1564 963 Mark: Sprech nur.
2298 876 2930 1102 dass ich vier
702 1013 2269 1146 Rich: Ja, du wirst mir erwidern,
859 1155 2208 1274 einhalb Jahre nicht hier war.
2312 1207 2428 1323 G.C.F.P.
711 1282 1465 1468 Mark: Rede nur.
722 1442 3020 1567 Rich: Nun, ich sehe, dass in Oesterreich mit der
856 1610 2901 1738 Freiheit und Selbstbestimmung des Volkes in
821 1778 3026 1889 der willkürlichsten Weise geschaltet wird, dass
856 1886 3011 2045 die Kraft der Volksvertretungen sich in läppi¬
873 2074 3009 2208 schen Streitigkeiten zersplittert und dass ge-
870 2240 3020 2338 rade die Leute, auf die es ankommt, ausschlies
867 2318 3000 2541 lich an sich denken und nicht an ihre Pflicht,
821 2489 3017 2707 (und das vergessen, worauf es ankommt: die Lage
873 2716 2907 2823 der Arbeitenden zu verbessern Dass es nach
876 2855 3038 2985 wie vor denen am besten geht, die an besten zu
876 2994 2994 3107 kriechen verstehen; ich sehe oben Phrasendre-
879 3168 2994 3325 scherei, im Parlament Gleichgiltigkeit und in
870 3264 2988 3426 der Presse Liebedieneret, Lüge, Feigheit oder
876 3467 1950 3592 zumindesten Vorsicht...
734 3534 3061 3780 Mark: Ich glaube, du tust der Presse - wenigstens
