3544 4216
2826 315 2952 441 53
1097 455 2962 651 We: Bankett...? - Ich hab' mit dem
1281 628 3004 828 Papa und mit der Mama im Fristol ge¬
1293 791 3146 945 nachtmahlt. Jetzt hab' ich sie schlafen
1298 943 2761 1118 g'schickt. Es is ja schon spät.
1337 1095 3067 1274 Herr von Werbürg wünschen wol unsern
1106 1125 1253 1256 Ko;
1305 1286 2124 1419 Chef zu sprechen?
1337 1391 3141 1540 Nein. Den Richard wollt' ich sprechen.
1118 1456 1279 1573 We:
2861 1515 3113 1634 Jekringt
1300 1568 3046 1720 Ich hab' nämlich ein Telegramm bekom¬
1309 1727 3155 1874 men: wenn ich ihn heut noch sehen will,
1321 1909 3102 2014 so möcht' ich in die Redaktion kommen.
1277 2056 2728 2201 Und ich möcht' ihn gern sehen.
1358 2191 2364 2352 Er ist noch nicht da.
1125 2177 1293 2338 Ko:
1134 2334 2931 2488 We: So werd' ich halt warten.- Bitte,
1337 2509 3053 2635 stören Sie sich nicht, lieber Doktor.
1321 2674 3085 2798 Sie haben ja grad fortgehn wollen mit
1328 2852 1953 2987 dem Fräulein.
1146 2957 3020 3120 Ad: Es war mir eine grosse Freude. Ich
1337 3146 2971 3330 hab' mich eigentlich schon lang ge¬
1349 3251 3062 3498 sehnt, Sie kennen zu lernen. Es muss
1351 3438 3015 3601 ein wunderbares Gefühl sein nach so
1358 3606 3116 3783 einem Erfolg. Es war auch eine schöne
