3528 4136
2731 483 2865 620 69
958 633 2913 845 Zeit. Alles ist spurlos an dir vorüberge¬
936 807 1272 995 gangen.
681 968 928 1076 Werb:
1006 944 2991 1127 Ja freilicht - Die Wirren in China und der
920 1121 2151 1298 Aufstand in Magedonten....
917 1247 2790 1446 Nein, nein, so komm' mir nicht! Ich red'
679 1255 842 1392 Si :
912 1449 2779 1618 nicht von der äussern Politik. Aber ich
923 1575 2801 1787 spreche von den grossen sozialen Fragen.
917 1738 2994 1918 Schau' XX nur einmal hinauf, wie's jetzt da
920 1934 2801 2033 oben zugeht - in Böhmen. Dort liegen die
925 2060 2854 2237 Stoffe. Der Aufstand des Elends gegen das
386 2111 899 2269 Uddm
904 2173 3063 2310 Kapital...  Man keinen sein Strenzer etc.
236 2232 697 2417 du Jüder!
1073 2291 2573 2414 sollenst in Rohlenpreter einfahre.
676 2336 826 2508 We
912 2379 2911 2495 Gewiss, das sind auch Stø fe. Aber ich seh
2323 2463 2849 2567 wy in case het
236 2465 746 2629 Heeweel du
917 2535 2827 2685 nicht ein, warum Leut', die nicht gefrüh-
295 2578 786 2731 hider... 14 kr
241 2658 786 2865 Ave jr Elizt
912 2669 2886 2860 stückt haben, von vornherein interessanter
266 2755 786 2961 mit Zelfin
917 2819 2127 3002 seinsollen als die Andern.
676 2980 821 3098 St:
912 3002 2889 3155 Gewiss könnten auch die Andern interessant
912 3141 2889 3286 sein, aber in deinem Stück sind sie’s eben
901 3321 2932 3458 nicht. Ich pfeif' auf die Leute, die nichts
896 3428 2978 3629 Anderes zu tun X haben, als sich um die Lie-
896 3611 3047 3753 be und um den Tod zu XHX kümme rn. Le cuj 1er
657 3747 821 3906 We:
896 3764 2076 3943 Is auch ein Standpunkt.
