3496 4216
2809 382 2934 558 38
1197 404 1373 573 xx
950 523 3085 789 Obendorfer /: kommt:/ Na, Voll, san wir wie-
1152 751 1543 932 der gut?
961 881 2990 1073 Voll: Machtlos ist man! das ist es. Natür¬
1163 998 2960 1221 lich bin ich wieder gut mit Ihnen. Was
1166 1176 3165 1389 hab' ich davon, wenn ich mit Ihnen bös bin
1171 1343 2960 1524 Geh' ich heut fort von dem Blatt, sind
1174 1543 2674 1689 morgen drei Dutzend für mich da.
1216 1657 2915 1843 Reden S' nicht so kindisch. Der Chef
990 1707 1136 1819 Ob:
1176 1824 3064 1978 weiss sehr gut, was er an Ihnen hat. Sie
1192 1965 3080 2169 sollten aber auch wissen, was Sie an ihm
1187 2148 1479 2331 haben.
1240 2283 2639 2469 Wo er Hecht hat, hat er Recht.
985 2315 1160 2448 Ko:
1227 2445 3088 2620 Man kommt sich halt entgegen. Mit Ihrem
1001 2477 1158 2636 Ob:
1192 2573 3173 2774 Brandartikel möchten Sie die Welt nicht um
1205 2769 3130 2944 ein Haar anders machen, sondern höchstens
1211 2905 3067 3093 sich selber Unannehmlichkeiten zuziehen.
1195 3045 3059 3258 Um die Welt zu verbessern, müssen schon
1213 3226 2161 3422 andere Leut' kommen.
1030 3380 3157 3608 Voll: Fangen Sie schon wieder an? : Wenn ich
1219 3566 1755 3744 nur könnt '!
