3432 4168
2654 461 2788 618 87
800 596 2967 886 von." (Noch eines. "In der heute stattfindenden
811 780 2883 1004 Wählerversammlung in Dux wurden dem Dr.Geier
819 984 2830 1177 lebhafte Ovationen bereitet. Am Schluss der
814 1093 2903 1289 Rede wurden von einigen Teilnehmern so hefti¬
825 1292 2752 1454 ge Rufs gegen den Ministerpräsidenten....
2861 1423 2947 1594 G.C.P.
674 1429 2768 1650 Mark: Gegen höhere Persönlichkeiten -
688 1588 2900 1764 Voll:... laut, so dass die Versammlung aufge¬
842 1764 2978 1899 löst wurde. "Ein drittes. "In einer für mor¬
844 1893 2964 2092 gen anberaumten Versammlung wird der so plötz-
847 2075 2771 2237 lich aufgetauchte Kandidat Graf Niederhof
850 2223 2978 2394 sprechen. Diese überraschende Kandidatur wird
844 2394 2861 2536 auf direkte Einflussnahme der Regierung zu-
850 2550 1457 2704 rückgeführt.“
702 2679 2950 2886 Mark: Schretben Sie! "Die Annahme, dass die Re¬
867 2849 2877 3028 gierung der Kandtdatur des Grafen Niederhof
858 2995 2925 3143 nahesteht, ist durchaus unbegründet. Wie wir
858 3095 3009 3333 aus bester Quelle erfahren, hat Graf Niederhof
926 3300 2947 3504 nicht zu verwechseln mit dem gleichnamigen
870 3431 3012 3618 Besitzer der Kohlengruben - nicht die Absicht,
884 3632 3003 3820 sich einer Fraktion des Abgeordnetenhauses an¬
