3464 4168
2631 377 2769 656 96
826 734 2936 990 Jedenfalls hat unser Blatt die Verpflichtung,
826 904 2991 1160 für das Prinzip der Unterdrückten einzutreten.
691 1048 3011 1356 Mark: Wer sagt dir, dass Dr.Geier das in höherem
751 1212 2646 1448 Maass vertritt als der Graf Niederhof?
708 1422 2355 1609 Rich: Das glaubst du selbst nicht.
700 1578 2945 1805 Mark: — Denkst du es iet für die Sache des Sezt
809 1721 2882 1911 alismus etwas gewonnen Um zu Resultaten
852 1845 2882 2053 zu kommen, tut vor allem Eines Not: Friede.
849 2021 2977 2222 Es ist mir bekannt - ich sage dir: es istmir
869 2153 2830 2372 bekannt —, dass die Regierung geneigt ist,
869 2309 2933 2530 den Wilnschen der sozialdemokratischen Partei
867 2456 2945 2654 weitest entgegenzukommen, (wenn diese Wünsche
875 2588 2994 2833 im Parlament in anständiger Weise vorgebracht
875 2772 2781 3008 werden. Dagegen hat sie die Absicht, den
887 2925 2922 3149 Streikmachern und den Hetzern in der schärf¬
895 3069 2864 3308 sten Weise entgegenzutreten. Und wer heute
892 3247 2980 3469 ehrlich auf Seite des Volkes steht, der wird
895 3385 3014 3590 eher für einen Mann der Ordnung eintreten als
895 3547 2951 3780 für die Revolutionärs. Man muss die Zeit be¬
