3560 4120
660 484 2863 704 Die Regierung benützt die Gelegnheit das Markus
634 713 2855 933 die Kohlenaktien hauft, um ihn für sich zu gewin¬
622 909 827 995 nen.
845 951 2784 1138 Fiala hat ihm geraten die Kohlenaktien zu
625 1191 2890 1367 kaufen, um damit das wesentlichste Blatt beim Aus¬
631 1338 2725 1546 bruch des Stretks auf Seite der Regierung zu
619 1505 1009 1634 br ingen.
645 1640 1787 1807 Markus wütend auf Fiala.
604 1760 2816 1951 Markus wollte mit der Regierung gut stehen, weil
613 1936 2772 2127 er daran denkt seinen Sohn mit dem Prinzen auf
598 2095 2957 2294 Reisen zu schicken. Er sagt zu ihn: Du kannst dann
604 2247 1417 2391 alles gut machen.
604 2379 2904 2552 Fiala hat die Artikel des Sohne einem hohen Herrn
607 2544 1402 2711 zu lesen gegeben.
601 2711 2764 2849 Im 2. Akt müsste ein Gespräch vorfallen. Jemand
651 2872 2708 3045 erzählt Silberstein, dass Markus Kohlenaktien
601 3031 2846 3207 hat. Diesmal ist er hineingefallen. Fiala hat es
604 3171 989 3286 gemacht.
3104 220 3286 376 06
