3432 4232
2973 501 3106 654 22
1038 600 3126 798 Frau, ich werfe nie einen Stein - o nein! im
1052 771 3071 976 Gegenteil! Unsere moderne Ehe ist sogar ein
1057 943 3213 1169 Unding, eine Lüge. Ich bin theoretisch absolut
1044 1095 3120 1273 für die freie Liebe,- und vor allem, gnädige
1057 1256 3077 1447 Frau, adoriere ich die natürlichen Kinder,
1060 1409 3251 1627 die Kinder der Liebe! Sehen Sie, ich von meinen
1063 1570 3229 1779 Standpunkt finde das entzückend, wenn sich ein
1076 1744 3134 1897 junges Geschöpf dem Geliebten hingiebt, ohne
1087 1878 3191 2041 erst den Segen der Kirche abzuwarten, wie Sie
1087 2025 3003 2210 es getan... Ja, ich, wenn ich Gesetzgeber
1090 2177 3123 2387 wäre, ich würde die Ehe überhaupt erst nach
1098 2354 3202 2553 erfolgter Geburt eines Kindes gestatten. Aber
1104 2450 3210 2709 dam wäre sie obligatorisch. O, das würde das
1093 2649 3120 2823 Leben sehr erleichtern!
1204 2785 3044 3014 :ein Medaillon öffnend:
970 2815 1128 3011 Ag:
1101 3033 1458 3145 Kleine.
1199 3090 3150 3357 Antzückend! Die Locken! Das einzige wahre
973 3131 1139 3311 Ad:
1136 3232 3281 3412 Wunder! - Wie kommt es denn, dass Sie nur eins
1120 3349 3161 3646 haben? - 10 entschuldigen Sie, gnädige Frau,
1335 3570 1461 3665 12
1134 3586 3158 3769 das pflegt ja Zufall zu sein... Ach, könnte
1128 3760 2597 3973 man es denn nicht einmal sehen?
