3576 4088
735 512 3195 686 Ruben wird von Obendorfer gefrozzelt. "Na, wann gehn
729 702 3042 852 S' denn nach Palästina?“ Ruben wird manchmal sehr
748 885 1008 1048 wild.
726 977 3119 1167 Im III Akt erfährt man, dass er dem Niederhof nach
787 1152 2638 1327 seiner Rede die Nase eingeschlagen hat.
744 1268 3168 1474 Man sagt ihm: Na, jetzt haben Sie die Sympathie von
744 1471 1535 1661 Marcus verloren.
751 1547 3073 1820 Mercus kommt dann und ist sehr freundlich zu ihm.
