3320 3960
789 418 2942 565 Markus wehrt sich immer weiter. Es stellt sieh
800 578 2903 714 heraus, dass er Mitteilhaber der Kohlengruben
800 728 2837 847 war, dass er also nicht die Möglichkeit hat,
800 872 2272 1046 vorzugehen. Also ist er nicht.
797 1032 2947 1187 Noch einmal zeigt ihm Richard einen Ausweg. Er
855 1187 2945 1331 soll eben auf den Gewinn verzichten, sein Un-
805 1342 3036 1564 recht eingestehen, sich vom Grafen lossagen etc.
805 1500 1708 1655 Er erreicht nichts.
883 1638 1608 1857 Verzichte... so
958 1696 2682 2070 jetzt Nachricht: Me führt ein
