3496 4232
3004 492 3185 665 ev.
1398 538 2003 705 If. Akt.
875 639 3088 886 Grosser Saal, durch Vorhang geteilt. Hinter dem
872 872 3113 1068 Vorhang hört man ein Couplet singen. Bühne leer.
863 990 1755 1188 Ruben, ein Diener.
869 1142 2607 1350 Diener: Das Diner ist schon zu Ende.
860 1301 3154 1525 Rub: Das weiss ich. Das Diner war schon zu En e,
1013 1485 3039 1666 wie ih fortgegangen bin. 4 Ah, jetzt singen
1007 1600 2423 1810 sie das Bänkel von Kohnberger.
909 1752 2103 2000 :Bravo! hinter der Szene:
846 2032 2895 2236 Kohnberger: :kommt : aus dem Saal: Guten
1007 2236 2521 2383 Abend. - Na, was giebt’s, Ruben?
857 2394 3171 2584 Rub: Singt da der Girardi nicht grad Ihr Bänkel?
852 2512 1804 2702 Ko: Ist doch egal.
857 2702 3056 2857 Rub: Vieso haben Sie gewusst, dass ich da bin!
846 2852 3076 3039 Ko: ich hab's gespürt, dass Sie gekommen sind.
998 3036 3183 3211 Wenn irgendwas geschieht, das mit dem Blatt im
998 3136 3042 3312 Zusammenhang steht, spür' ich's auf hundert
1004 3347 1410 3473 Schritt.
855 3413 2426 3649 Rub: Es ist wirklich grossartig.
857 3617 2987 3784 Ko: Also geben Sie einmal her. - Das sind ja
