3400 4232
2821 372 2962 546 23
754 527 2993 807 Ag: O ja. Wenn Sie mir einmal das Vergnügen ma-
913 788 1575 996 chen wollen...
999 846 3040 1101 Gern. Wenn Ihr Herr Gemal es erlaubt... Ich
771 957 951 1148 Ad:
924 1043 3018 1257 glaube nämlich, ich bin ihm nicht sehr sympath-
932 1140 3007 1431 thisch. Aber das tut nichts. Wir Zwei werden
946 1312 2971 1562 uns schon vertragen, wir werden schon gegen
949 1451 3032 1745 ihn zusammenstehen. Der Mann ist ja der gebo-
946 1612 2918 1914 rene Feind. Sind Sie nicht auch dieser An¬
946 1747 3120 2075 sicht? - Es ist und bleibt wahr: die Liebe ist
979 1969 2155 2213 eigentlich nur ein Kampf.
1062 2039 2901 2338 Nun ja, man streitet sich wol zuweilen.
840 2166 1001 2377 Ag:
1076 2227 2971 2513 Wie fein! - Liebe gnädige Frau, ich kann
835 2360 1015 2552 Ad:
1007 2388 2968 2632 Ihnen gar nicht sagen, wie sympathisch Sie
993 2521 3170 2829 mir sind. Viel sympathischer als die Frauen in
1015 2635 3179 2951 unsern Kreisen... ich meine... ick drücke mich
1018 2863 3107 3101 manchmal so ungeschickt aus... Es ist sonder.
1032 2973 3084 3262 bar: so glänzend ich schreibe, im Reden ver-
1035 3198 2222 3381 haspel ich mich manchmal.
