3432 4152
2710 421 2836 553 74
999 591 2890 796 sie umschaut. Na, das muss wieder anders
993 802 1366 907 werden!
858 901 3028 1139 We: Freust du dich eigentlich, dass du wieder
1004 1104 1414 1236 da bist?
869 1247 2979 1379 Rich: Das ist nicht in einem Worte zu sagen.
1004 1390 3036 1549 Ich freue mich natürlich, wieder zuhause zu
1017 1546 3031 1692 sein - Vater, Mutter, euch wieder zu haben.
974 1700 3085 1827 Aber wie man sich wieder in diese Wiener Ver¬
1034 1800 3060 2021 hältnisse hineingewöhnen wird, das ist noch
1028 2019 3093 2194 sehr die Frage. Na, es wird ja mancherlei zu
1031 2199 1514 2316 tun geben.
1244 2270 1649 2375 I am say
888 2318 3023 2459 Si: Wirst du bei uns eintreten, in die Redak-
1031 2507 1298 2626 tion?
896 2523 2971 2799 Rich: Das glaub' ich eigentlich nicht. Papa
1042 2782 3112 2923 scheint auch nicht sehr dafür zu sein. Es ist
1042 2901 3066 3066 auch vielleicht besser. Man kann viel leicht
1058 3041 3144 3287 von cussen mehr leisten. (Nun, darüber später.
467 3087 845 3228 half, wie
337 3182 977 3409 zahle dir den eigenblich
1106 3230 3077 3368 Du fühlst dich doch wohl hier, Gustav? So
1047 3441 2545 3600 weit du dich wohl fühlen kannst.
912 3554 2947 3762 Si: Nun ja, man arbeitet, man tut, was man
