3464 4216
781 600 3019 829 Graf Niederhof und Agathe treten zu Silberstein.
775 809 1091 961 MXXXX
786 857 3041 1096 Agathe: Der Herr Graf möchte, dass ich dich ihm
925 1068 1781 1240 vorstelle, Gustav.
795 1184 3050 1376 Graf: sehr liebenswürdig: Ich habe Ihre Frau
939 1345 3013 1531 Gemalin ersucht. Leider hat sich während des
939 1528 2534 1703 Trubels keine Gelegenheit ergeben.
803 1691 1190 1883 Si: Oh!
812 1790 2934 2007 Graf: Ich erlaubte mir eben zu bemerken, mit
958 1939 2788 2154 welchem Vergnügen ih Ihre Artikel lese.
820 2063 2867 2303 Si: Sie sind sehr liebenswürdig, Herr Graf.
823 2221 3089 2427 Graf: Sie gehören zu dem Geistreichsten, was in
958 2416 2520 2605 der letzten Zeit vorgekommen ist.
1133 2480 2743 2726 aber to whiis.. I had... Aber tauxcirt.
832 2712 2954 2915 Kajetan: :tritt hinzu: Habe die Ehre, Herr
987 2864 3010 3109 Graf. - Kajetan... Ich hatte die Ehre, Herr
987 2982 3053 3194 Graf, Ihnen in London vorgestellt zu werden.
1130 3140 1953 3261 he met garder perly
863 3219 2080 3382 Graf: Freilich, freilich!
