3512 4152
2710 450 2854 623 73
902 572 2989 772 Rich: Aber ist es nicht, als hätte man sich
1041 794 3062 976 heute Früh adieu gesagt? Es war nur
1046 930 2981 1119 ein etwas langer Tag.— Asst ihr, wann wir
1041 1114 3070 1274 Vier das letzte Mal zusammen waren? Ihr er¬
1043 1255 2225 1431 innert euch sicher nicht!
897 1401 2222 1588 Ag: O ja! In Heiligenkreuz.
886 1542 3008 1786 Rich: Ja, (an einem wunderbaren Frühlingstag)
1030 1710 3081 1862 Und Gustav hat die Forellen allein gegessen.
1024 1862 3022 2032 Und dann waren wir im Stift und dann haben
1027 2022 3046 2225 wir Kaffee getrunken - bei welcher Gelegen-
1024 2211 3005 2350 heit Gustav kein Kipfel übriggelassen hat
1068 2293 1745 2406 dutte, das oud
881 2322 2390 2480 Si: Seine Erinnerungen an mich!
878 2515 2534 2650 We: Kommst du direkt von der Bahn?
870 2645 3049 2805 Rich: Nein, ich war ja schon zuhause. Ich hab
1019 2791 3035 2965 Verspätung gehabt; ich sollte schon um sie¬
1014 2935 3081 3114 ben da sein. Die Mama war schon ganz verzwei¬
1005 3098 3035 3314 felt. Sie denkt immer an Entgleisungen, Zu-
1019 3282 2984 3439 sammenstösse.... Sie hat sich übrigens be-
1005 3420 2946 3569 klagt, über euch Beide. /:Zu St:/ Ueber
1003 3583 2995 3783 dich besonders. Dass ihr euch gar nicht um
