3480 4232
724 626 1691 799 Silberstein, Agathe.
724 655 2928 938 Si:  Wir werden jetzt nach Hause gehen, Agathe.
741 883 2862 1114 Ag: Nach Hause gehn, gleich nach dem Diner -
886 1053 1437 1246 warum denn?
750 1200 3047 1373 Si: Ih langweile mich hier. Ich finde überhaupt,
900 1344 2504 1549 wir haben hier nichts zu suchen.
756 1494 2946 1702 Ag: Aber die Leute sind ja so liebenswürdig.
756 1676 2888 1852 Si: Ah, du meinst, weil dieser Klachel jetzt
909 1823 3075 1991 einige freundliche Worte an mich zu richten ge
906 1985 1518 2187 ruht hat -?
779 2045 3098 2331 Ag: Aber was hast du denn, Gustav? Ist es dir am
909 2259 3084 2452 End' nicht Recht, dass ich dir den Grafen Nie-
932 2438 2083 2628 derhof vorgestellt hab’?
790 2565 3003 2807 Si: Das is wer - was? Das wär' einer für dich?
943 2752 2120 2957 Schlank, elegant, jung...
796 2917 1601 3122 Ag: Aber Gustav!
805 3018 2314 3326 Si: Ich kenne dich, mein Kind.
