3336 3960
730 440 1636 585 Richard und Markus:
741 535 2979 733 Rich: Diesen gegen체ber kommst du damit aus, mir
970 772 2864 880 gegen체ber nicht. Ich verlange Aufkl채rung.
972 919 2666 1025 Sind wir freiheitlich oder abh채ngig?
1053 997 2822 1170 Ich habe gelernt / etc/ Die Leute sind
730 1011 989 1220 Mark:
972 1204 3048 1362 nicht reif. Auch ich habe so angefangen, ich
970 1385 1923 1560 ben Egoist geworden.
936 1546 2516 1786 Marien ist den Artikal, u V. nicht erschienen
683 1722 2845 2042 M. Miss molt de Interp. braubnons atmarle
