3544 4088
2611 358 2761 533 24
811 445 2996 702 angenehmen und raschen Tod durch eine Kugel ge-
811 677 1461 849 funden haben.
893 792 3045 972 Leute vor die Burg. Ministerium gestürzt, ein
811 1005 1680 1188 fortschrittliches
838 1125 3029 1347 - Der Sektionschef als Anwalt der neuen Regier-
817 1284 1024 1486 lung.
844 1366 2901 1606 - Wesentlich: der Herausgeber weiss, dass er
833 1617 2966 1778 keine Ueberzeugung hat und dass er sein Blatt
847 1753 1273 1956 verkauft.
882 1860 2950 2068 - Zum Schluss ein jubelnder Freiheitsartikel.
