3480 4152
2801 341 2937 525 64
1247 464 1519 600 in uy
780 522 2446 675 Werb: Ja, es hat ihm gut gefallen.
747 702 947 836 Ag:
983 672 2979 858 Aber was wissen denn Sier Ihnen hat er ja
1019 827 3107 1005 gar nichts gesagt. Aber zu mir, wie wir dann
1013 977 2921 1155 am Abend spazteren gegangen sind und die
1011 1158 3107 1344 Kleine schon schlafen gegangen ist “Ja, wenn
1008 1327 2979 1474 man sieht, was der wieder kann,- da müsst
1002 1449 2932 1635 man sich gleich erschiessen. Sowas bring
972 1613 3029 1824 ich mein Lebtag nicht zusammen." Ah, er war
1002 1768 1855 1946 wirklich ganz hin.
758 1913 2965 2102 Werb: Na, zum Erschiessen ist doch kein Grund.
980 2068 2901 2243 Er könnt' doch wahrhaftig sehr zufrieden
991 2246 1247 2396 sein.
963 2396 1938 2599 Er und zufrieden -!
747 2401 913 2549 Ag:
744 2549 2973 2724 Werb: Er hat sich doch eine glänzende Stellung
980 2712 3051 2929 gemacht (Er ist doch) unter den jüngern Jour¬
1027 2823 1258 2943 (Seale)
983 2871 3018 3082 nälisten (der weitaus hervorragendste. (Hören
961 3076 3037 3204 Sie, wenn ich so eine Prosa schreiben könnt'
986 3154 1133 3320 - 1
961 3329 2907 3504 Um Gotteswillen, sagen Sie ihm das nicht,
722 3354 900 3479 Ag:
972 3495 2904 3659 das mit dem Journalisten! Das vertragt er
961 3620 3018 3815 gar nicht. Er ist ja doch nur bei dem Blatt,
