3544 4072
456 250 944 461 Yoursisten
972 539 2489 783 dorf,Kajetan bleiben wie früher.
969 894 2669 1069 Im amiten Akt Jubiläum des Blattes.
958 1042 3041 1230 Jener Fürst ist am Bahnhof jubelnd empfangen
972 1197 1319 1303 worden.
969 1311 3002 1542 Gerüchte über das Fogrom.Es soll aber nicht
975 1494 1458 1658 wahr sein.
953 1639 3144 1822 Auf dem Fest des Blattes auch der Graf Nieder¬
958 1803 3086 1947 hof.Gilt als Wilder des Parlaments. Im wesent-
961 1955 2061 2116 lichen tst er klerikal.
958 2080 3158 2278 Es fällt auf, dass er auf dem Fest tat. beiertut
953 2239 3122 2394 Er selbst will eben alles kennen lernen. Sport¬
1861 2339 2447 2416 The Clerke to be
986 2433 2916 2508 seele. Silberstein wird gereizt durch die
964 2561 2200 2672 hochmütige Art Niederhofs.
814 2633 1508 2775 Taw Kirdssin
964 2744 3047 2902 Ferner sein Gespräch mit Werburg, der ihm das
955 2841 3164 3025 Nichtige, Vergebliche seiner kritischen Bemühun-
969 3019 1558 3164 gen vorhält.
964 3172 3016 3375 Endlich dadurch, dass die Redaktionskollegen
975 3336 1653 3469 chn verhöhnen.
958 3469 3189 3591 Dann auch durch seine im wesentlichen gutmütige
958 3566 2916 3766 Frau, die ihm mit Niederhof zu kokettieren
