3352 3992
2609 299 2742 420 10
1049 425 2954 595 Verzichte, gestehe dein Unrecht ein. Sage
736 420 977 638 Rich:
951 598 2925 762 dich los. Gründen wir ein neues Blatt. Ge-
971 693 2960 902 stehe, dass eine ungeheure Gefahr ist, ver-
974 905 2859 1049 lange du, dass die Kohlengruben gesperrt
971 1069 1331 1256 werden.
756 1325 3017 1537 Jetzt kommt die Nachricht, dass die Arbeiter die
756 1514 2262 1678 Arbeit wieder aufgenommen haben.
756 1764 3066 2012 Mark: Nun, was verlangst du eigentlich? Soll ich
1017 1963 2992 2127 jetzt der einzige Streikende sein? Das wär'
1012 2118 2957 2333 doch etwas zu viel. Denk' nach, mein Sohn.
