3608 4168
1042 551 1859 744 I.Akt. Redaktion.
1025 704 2646 914 Der Herausgeber, der Unterhändler,
1025 914 3307 1059 Die Regierung will den Pakt nicht weiter, es sei
1025 1030 3208 1303 denn, dass Sie diesen Kandidaten unterstützen.
1013 1187 2501 1391 Er wird selbst zu Ihnen kommen,
1013 1363 1879 1513 Der Sohn kommt an?
1008 1496 2387 1666 Szene mit dem Theaterreferat.
1002 1627 3018 1837 Besprechungen betreffs der morgigen Nummer.
994 1820 3253 2001 Endet damit, dass der Artikel gegen den Kandida-
1002 1959 3086 2146 ten weggeworfen und über Persien geschrieben
988 2160 3250 2319 wird. H: Ich habe andere Informationen bekommen,
1025 2294 3205 2470 - Auch über das Jubiläum des verdienten Theater
982 2410 1465 2595 kritikers.
971 2683 1377 2904 II. Akt.
957 2864 3162 3114 Der Artikel über den Kandidaten ist bereits er-
957 3057 3174 3230 schienen. Aufsehen. Ein junger Graf als Libera-
951 3205 1175 3358 ler?
940 3313 2464 3548 Der alte Kritiker wird gefeiert.
942 3520 3072 3716 Der frühere Burgtheaterdirektor etc. im Hause
948 3645 1752 3875 des Herausgebers
