3352 3992
2890 332 2978 468 5
1088 491 3129 638 wollte, vor den Streikenden schützen musste,
1095 648 2990 833 erst als Steine gegen das Militar flogen,
1088 797 3150 931 - ja erst in dem Moment - dies steht amtlich
1080 913 2980 1152 fest, meine Herren —, als der Zugsführer
1088 1116 3083 1221 Karl Zabadil durch einen Stein am Kopf ver-
1093 1252 3014 1445 wundet wurde" - Rufe: “An der Kappe!" Ge¬
1082 1427 3078 1556 lächter. Unruhe. -“ erst dann gab der Ober¬
1090 1574 3083 1772 leutnant den Befehl zum Feuern. Niemand be¬
1098 1736 3165 1913 dauert es mehr als wir, dass bei dieser Gele
1093 1890 3050 2047 genheit drei - " Rufe: "Vier!" - Arbeiter
1088 2042 3132 2214 ihre Widersetzlichkeit zu teuer büssen muss.
1080 2209 1620 2309 ten" u.s.w.
856 2355 2736 2448 Markus: :ist eingetreten:  Nur weiter!
