3608 4168
2281 345 2781 545 Juli 1903.
893 640 1477 773 Silberstein.
907 720 3121 943 Ich bin zum Schuften geboren und verdammt, mein
896 896 2689 1054 Lebenlang anständige Dinge zu begehen.
915 1076 3115 1221 Gebt mir zehntausend Gulden Rente un d ich will
918 1263 2136 1380 euch zeigen, was ich kann.
907 1452 3143 1683 Er hat eventuell den Skandal provoziert, um end-
923 1683 3109 1850 lich frei zu werden, das Stück arbeiten zu kön¬
932 1891 1143 2039 nen.
937 2142 3059 2311 Ja, du hast's leicht, du gehst fort. Ich muss
943 2342 1346 2467 bleiben.
