3416 4056
818 334 1408 472 Zum III. Akt.
823 466 1731 643 Richard und Markus.
829 568 3026 762 Rich: Sage, Vater, was hat diese Bemerkung des
984 736 3105 927 Grafen zu bedeuten gehabt? "Staatskarrière".
832 835 3091 1062 Mark: Ich wollte heute noch nicht mit dir davon
984 986 3097 1205 reden. Da es sich aber fügt: man interessiert
995 1175 3142 1368 sich sehr für dich, man spürt, was deine Feder
995 1326 3108 1523 für einen Wert hätte, wie du der Sache nütz en
995 1565 2318 1692 könntest, die du vertrittst.
871 1689 3097 1852 Rich: Aus alldem ersehe ich, dass die Gerüchte,
1014 1829 3122 1989 die umherschwiren, wahr sind: unser Blatt ist
1017 2040 1456 2158 offiziös.
871 2071 3116 2296 Mark: Was soll dieses Wort bedeuten? Du weisst,
1037 2282 3099 2448 was unser Blatt gewesen ist, du hast es erst
1037 2394 3153 2596 heute gehört. Wir sind für die freiheitlichen
1043 2577 3113 2743 Ideen, für den Fortschritt eingetreten - bis
1040 2729 3119 2920 zu einem gewissen Punkt: bis dorthin, wo die
1099 2889 2976 3052 Freiheit anfängt, eine Gefahr zu werden.
916 3085 1655 3254 Rich: Für wen?
919 3091 3094 3364 Mark: Für die Besitzenden, für den Staat, füre
1087 3403 2206 3529 die öffentliche Ordnung,
944 3482 3192 3690 Rich: Vorläufig scheint sie mir nur eine Gefahr
