3464 4280
2678 310 2819 471 27
707 468 2877 762 Si: Es heisst, Herr Graf werden morgen in der
854 664 2917 894 Debatte das Wort ergreifen. Man ist sehr ge-
876 894 1227 1063 spannt.
937 951 2971 1190 Ich bin auch sehr neugierig, was ich reden
739 1095 905 1201 Gf:
891 1172 1201 1377 werde.
750 1270 2977 1532 Si: Nun, Herr Graf müssen doch wenigstens eine
908 1434 2230 1678 ungefähre Vorstellung haben.
785 1606 2075 1848 Gf: Warum glauben Sie das?
790 1730 2865 2000 Si: Nun, wenn Sie auch ein Wilder sind, Sie
943 1885 3052 2152 selbst wissen doch, auf wessen Seite Sie ste-
954 2129 1170 2293 hen.
833 2184 2805 2448 Gf: Muss man denn auf einer Seite stehen?
851 2325 3101 2578 Si: Ja, wir gewöhnlichen Menschen bilden es uns
986 2463 3023 2753 ein. Wenn man auch keiner bestimmten Partei
954 2615 2859 2902 angehört, eine Ueberzeugung hat man douh.
874 2796 3124 3038 Gf: O ja, ich hab' auch eine. Dass man sein Lei
1026 2908 3181 3210 ben auf eine so amüsante Weise hinbringen soll
1035 3184 1635 3377 als möglich.
899 3262 3210 3506 Si: Aber auf diese haben Sie sich doch nicht ins
1060 3474 2204 3673 Parlament wählen lassen.
931 3520 3244 3834 Gf: O doch! Es war nur von vornherein ausgemacht
