3416 4232
2676 531 2812 662 30
668 765 1927 968 Silberstein: kommt hinzu:
679 829 2867 1121 Ad: Herr Doktor, wir haben uns sehr angefreun-
840 1068 2242 1296 det, Ihre kleine Frau und ich.
709 1260 1555 1441 Si: Schön, schön.
712 1282 2879 1583 Ad: Sie sagt mir eben, dass Sie sich schon in
873 1438 2915 1710 verschiedenen belletristischen Arbeiten ver-
879 1730 1449 1872 sucht haben.
754 1719 2995 2053 si: Wirklich? Nicht möglich! Hab' ich mich ver-
918 2002 1210 2183 sucht?
782 2075 3015 2350 Obend: :ist hinzugekommen:  Freilich, Sie ken-
918 2206 2959 2492 nen ihn nicht. Wenn er mehr Zeit hätt', war'
954 2481 2022 2662 er der Goethe geworden.
1032 2528 3012 2801 Lieber Obendorfer, das ist eben der Unter-
973 2670 3076 2962 schied zwischen Ihnen und mir: Sie könnten so
820 2653 976 2848 Si:
990 2845 3007 3098 viel Zeit haben, als Sie wollen,- sie wären
993 3009 3009 3299 doch nie was Anderes geworden wie der Oben-
1015 3279 1363 3429 dorfer.
