3560 4088
2938 347 3057 492 20
1023 542 3257 670 Der Junge: Ja, da hat ja Herr Silberstein Recht
992 692 1353 842 gehabt!
992 802 3068 972 5. Grosse Strassendemonstrationen. Die Rede
997 975 3252 1133 des Grafen hat dem Fass den Boden ausgeschlagen.
1006 1124 3269 1280 Die Minister haben demissioniert, der Kaiser hat
1003 1283 3254 1463 die Demission angenommen. Liberales Ministerium,
1110 1483 3034 1605 Wo bleibt die Baronie? Fiala's Rolle. Der
1017 1596 3096 1814 junge Markus: Ja, da muss ich Silberstein um
1009 1794 2071 1915 Entschuldigung bitten.
1107 1918 2483 2099 Er kommt her, du wirst sehen.
1025 2028 3195 2215 6. Voll kann nun endlich einen revolution채ren
1020 2257 2901 2407 Artikel schreiben. Er pfaucht und turnt.
1028 2396 2952 2537 Silberst.will den jungen Markus sprechen.
1119 2551 2545 2704 Pardon, es ist nicht 체blich.
1113 2658 3237 2856 Silberst: Es ist ja alleseins, besonders f체r
1037 2836 3308 3034 mich, der mit der Politik nichts zu tun hat. Ich
1042 2994 3023 3161 will von dem ganzen Treiben nichts wissen.
1107 3147 3325 3308 Der junge M. bittet Silberst.um Entschuldigung.
1082 3285 3305 3461 Silberst, sehr angenehm ber체hrt. Zuerst posie-
1051 3475 3215 3650 rend, gesteht aber dann dem jungen M., dass er
1074 3585 3156 3808 ihn gleichfalls um Entschuldigung hat bitten
