3496 4184
2826 288 2954 525 40
1131 532 3035 714 Zeit muss man haben, keine Sorgen sollte
1141 724 3117 877 man haben - oder ein Egoist sollte man we¬
1138 818 3075 1040 nigstens sein. Es ist keine Kunst, Stücke
1143 998 2993 1151 zu schreiben, wenn man in einem schönen
1128 1146 3038 1306 Ringstrassenpalais sitzt und zwanzigtau¬
1146 1311 2178 1483 send Gulden Rente hat.
1180 1461 2373 1653 Ah, darauf kommt' hinaus!
917 1483 1104 1651 Ko:
956 1606 2858 1791 Si: Ja, darauf kommt's hinaus! Freilich
1143 1757 2989 1981 schau'n dann auch die Stücke danach aus
1128 1932 2412 2134 blutleer, lebensfern, kalt.
1030 2084 2796 2259 Ko: Haben Sie das alles geschrieben?
941 2264 1727 2437 Si: Aehnliches.
