3480 4232
2856 219 2969 332 me
720 658 2046 867 Rich: Aber Herr Obendorfer!
737 819 2017 999 Ob: Na ja, weil's wahr is.
743 898 2890 1159 Si: Das ist unerhört! Noch nie hat jemand ge-
881 1041 3084 1320 wagt zu behaupten, dass irgend welche Rücksich¬
906 1221 3067 1466 ten mich davon abhalten, die Wahrheit zu sagen
909 1421 1787 1601 oder zu schreiben.
788 1584 1708 1792 Ob: Haha!.:Geht:
799 1584 3042 1908 Voll: :ist indess gekommen: / Das tut er immer.
931 1792 3022 2110 Das kenn' ich schon. Wenn's heiss wird, geht
951 2085 1120 2243 er.
816 2074 3005 2358 Si: Sie schweigen, lieber Voll. Mit Ihnen hab
968 2288 3005 2513 ich überhaupt nicht mehr zu reden. Nach dem
968 2501 1792 2670 heutigen Toast...
858 2611 2774 2831 Voll: Sie hätten keinen andern gehalten.
864 2735 3126 2977 Rich: Ja, meine Herren, ich bitte Sie, wenn Sie
1013 2884 3174 3135 irgend etwas vorzubringen haben, so lassen wir
1021 3044 2994 3292 das doch. Heut ist ja wahrhaftig nicht der
1035 3194 3180 3450 Tag... Es scheint ja wirklich, dass Sie aller-
1027 3298 3191 3618 lei Klagen haben, dass Sie sich nicht ganz zu-
1055 3478 3196 3770 frieden fühlen. Aber bedenken Sie doch freund-
1050 3635 3087 3984 lichst, heute wird das Jubiläum des Blattes
