<?xml version="1.0" encoding="UTF-8" standalone="yes"?>
<PcGts xmlns="http://schema.primaresearch.org/PAGE/gts/pagecontent/2013-07-15" xmlns:xsi="http://www.w3.org/2001/XMLSchema-instance" xsi:schemaLocation="http://schema.primaresearch.org/PAGE/gts/pagecontent/2013-07-15 http://schema.primaresearch.org/PAGE/gts/pagecontent/2013-07-15/pagecontent.xsd">
    <Metadata>
        <Creator>prov=READ-COOP:name=TrHtr:version=2.1.0:model_id=51170:date=15_08_2023_08:10</Creator>
        <Created>2023-05-10T13:31:25.936+02:00</Created>
        <LastChange>2023-08-15T08:10:29.653+02:00</LastChange>
        <TranskribusMetadata docId="1429040" pageId="55435790" pageNr="195" tsid="132842357" status="IN_PROGRESS" userId="64420" imgUrl="https://files.transkribus.eu/Get?id=FHDTDSXKKRPNSGOCLXHUHZMP&amp;fileType=view" xmlUrl="https://files.transkribus.eu/Get?id=LBRTMMFBUXMEPBMZSMVHTUQN" imageId="44709780"/>
    </Metadata>
    <Page imageFilename="1429040_0195.jpg" imageWidth="3496" imageHeight="4232">
        <ReadingOrder>
            <OrderedGroup id="ro_1711799627168" caption="Regions reading order">
                <RegionRefIndexed index="0" regionRef="tr_1"/>
            </OrderedGroup>
        </ReadingOrder>
        <TextRegion id="tr_1" custom="readingOrder {index:0;}">
            <Coords points="692,397 3020,397 3020,1827 692,1827"/>
            <TextLine id="tr_1_tl_1" custom="readingOrder {index:0;}">
                <Coords points="2680,482 2702,479 2719,487 2750,470 2770,473 2790,292 2773,289 2762,297 2753,292 2722,309 2699,306"/>
                <Baseline points="2697,456 2736,453 2781,447"/>
                <TextEquiv>
                    <Unicode>15</Unicode>
                </TextEquiv>
            </TextLine>
            <TextLine id="tr_1_tl_2" custom="readingOrder {index:1;}">
                <Coords points="677,751 1252,711 1394,748 1637,700 1719,739 1756,722 1770,499 1612,467 1371,510 1187,490 1011,524 872,609 799,566 688,592"/>
                <Baseline points="692,752 737,743 781,743 826,743 871,737 916,734 961,731 1005,731 1050,725 1095,725 1140,722 1184,722 1229,719 1274,716 1319,710 1363,707 1408,704 1453,698 1498,695 1542,692 1587,686 1632,686 1677,680 1722,677 1766,677"/>
                <TextEquiv>
                    <Unicode>of: so?... Ich dachte.</Unicode>
                </TextEquiv>
            </TextLine>
            <TextLine id="tr_1_tl_3" custom="readingOrder {index:2;}">
                <Coords points="674,935 2473,836 2546,824 2561,634 2359,700 685,779"/>
                <Baseline points="692,898 725,898 769,898 814,895 859,892 904,889 949,889 993,883 1038,880 1083,877 1128,877 1172,871 1217,865 1262,865 1307,859 1351,856 1396,856 1441,850 1486,850 1531,844 1575,838 1620,838 1665,835 1710,832 1754,826 1799,823 1844,820 1889,817 1933,814 1978,817 2023,814 2068,808 2113,808 2157,802 2202,796 2247,793 2292,787 2336,787 2381,781 2426,778 2471,772 2515,769 2560,769"/>
                <TextEquiv>
                    <Unicode>Rich: Wie kommen Sie darauf, Herr Graf?</Unicode>
                </TextEquiv>
            </TextLine>
            <TextLine id="tr_1_tl_4" custom="readingOrder {index:3;}">
                <Coords points="694,1099 2968,943 2977,819 1960,921 1521,850 702,969"/>
                <Baseline points="713,1053 740,1053 784,1053 829,1050 874,1044 919,1038 963,1038 1008,1035 1053,1032 1098,1032 1143,1026 1187,1023 1232,1020 1277,1017 1322,1011 1366,1008 1411,1005 1456,1002 1501,999 1545,999 1590,996 1635,990 1680,990 1725,987 1769,981 1814,981 1859,975 1904,972 1948,972 1993,966 2038,963 2083,961 2127,955 2172,955 2217,952 2262,949 2307,946 2351,940 2396,934 2441,931 2486,928 2530,925 2575,922 2620,919 2665,916 2709,913 2754,910 2799,904 2844,901 2888,898 2933,895 2978,892"/>
                <TextEquiv>
                    <Unicode>Gf: Ich habe wol Ihren Herrn Papa misverstanden.</Unicode>
                </TextEquiv>
            </TextLine>
            <TextLine id="tr_1_tl_5" custom="readingOrder {index:4;}">
                <Coords points="697,1229 2767,1099 2957,1074 2966,946 705,1102"/>
                <Baseline points="716,1205 728,1205 772,1202 817,1202 862,1199 907,1196 952,1196 996,1193 1041,1187 1086,1187 1131,1184 1175,1178 1220,1172 1265,1172 1310,1166 1354,1163 1399,1160 1444,1157 1489,1154 1534,1152 1578,1149 1623,1146 1668,1143 1713,1140 1757,1137 1802,1137 1847,1131 1892,1128 1936,1122 1981,1119 2026,1116 2071,1113 2116,1107 2160,1104 2205,1101 2250,1098 2295,1095 2339,1092 2384,1089 2429,1083 2474,1080 2518,1077 2563,1077 2608,1074 2653,1074 2697,1071 2742,1065 2787,1059 2832,1053 2877,1053 2921,1047 2966,1041"/>
                <TextEquiv>
                    <Unicode>Ma: Ich sprach davon, dass du vor sieben Jahren</Unicode>
                </TextEquiv>
            </TextLine>
            <TextLine id="tr_1_tl_6" custom="readingOrder {index:5;}">
                <Coords points="850,1362 2745,1258 2779,1099 861,1218"/>
                <Baseline points="868,1348 898,1346 943,1343 987,1340 1032,1340 1077,1337 1122,1334 1166,1331 1211,1328 1256,1328 1301,1322 1346,1319 1390,1316 1435,1313 1480,1310 1525,1307 1569,1304 1614,1298 1659,1295 1704,1292 1748,1289 1793,1286 1838,1283 1883,1280 1927,1274 1972,1274 2017,1268 2062,1268 2107,1262 2151,1256 2196,1256 2241,1253 2286,1247 2330,1244 2375,1241 2420,1238 2465,1235 2509,1232 2554,1229 2599,1223 2644,1220 2689,1217 2733,1214 2778,1214"/>
                <TextEquiv>
                    <Unicode>in die Finanzprokuratur eingetreten bist.</Unicode>
                </TextEquiv>
            </TextLine>
            <TextLine id="tr_1_tl_7" custom="readingOrder {index:6;}">
                <Coords points="722,1544 2544,1433 2892,1385 2898,1300 1575,1303 734,1422"/>
                <Baseline points="740,1513 752,1513 796,1510 841,1507 886,1507 931,1507 975,1504 1020,1498 1065,1492 1110,1489 1154,1486 1199,1483 1244,1477 1289,1474 1334,1474 1378,1471 1423,1468 1468,1462 1513,1462 1557,1459 1602,1453 1647,1450 1692,1447 1736,1441 1781,1438 1826,1432 1871,1429 1916,1429 1960,1426 2005,1420 2050,1420 2095,1414 2139,1414 2184,1411 2229,1408 2274,1405 2318,1402 2363,1399 2408,1396 2453,1393 2498,1387 2542,1384 2587,1378 2632,1375 2677,1372 2721,1369 2766,1366 2811,1363 2856,1360 2900,1360"/>
                <TextEquiv>
                    <Unicode>Rich: Nun, mein Name dürfte mich, selbst wenn</Unicode>
                </TextEquiv>
            </TextLine>
            <TextLine id="tr_1_tl_8" custom="readingOrder {index:7;}">
                <Coords points="875,1674 2062,1575 3008,1595 3019,1462 2770,1374 887,1515"/>
                <Baseline points="895,1653 916,1653 961,1650 1005,1647 1050,1647 1095,1641 1140,1638 1184,1635 1229,1632 1274,1629 1319,1626 1363,1623 1408,1623 1453,1620 1498,1617 1542,1611 1587,1605 1632,1602 1677,1599 1722,1596 1766,1593 1811,1593 1856,1587 1901,1587 1945,1581 1990,1581 2035,1575 2080,1572 2124,1569 2169,1566 2214,1560 2259,1557 2304,1557 2348,1554 2393,1554 2438,1551 2483,1545 2527,1542 2572,1537 2617,1531 2662,1531 2706,1525 2751,1525 2796,1522 2841,1516 2885,1510 2930,1507 2975,1498 3020,1498"/>
                <TextEquiv>
                    <Unicode>ich Ambitionen dieser Art hätte, nicht sonder-</Unicode>
                </TextEquiv>
            </TextLine>
            <TextLine id="tr_1_tl_9" custom="readingOrder {index:8;}">
                <Coords points="887,1835 1057,1838 1108,1813 1204,1835 1292,1790 1433,1813 1487,1793 1555,1818 1561,1731 1515,1736 1476,1708 1408,1725 1311,1643 1266,1660 1238,1637 1161,1683 1071,1651 1003,1694 895,1691"/>
                <Baseline points="901,1817 940,1811 984,1808 1029,1805 1074,1802 1119,1799 1163,1793 1208,1793 1253,1790 1298,1787 1343,1784 1387,1781 1432,1775 1477,1772 1522,1769 1566,1769"/>
                <TextEquiv>
                    <Unicode>lih empfehlen.</Unicode>
                </TextEquiv>
            </TextLine>
        </TextRegion>
    </Page>
</PcGts>
