3592 4120
2484 387 2969 629 Juli 1903
917 621 3110 872 Ja, das kann doch nicht Ihre Ueberzeugung sein!
940 824 3074 1033 - Gewiss nicht. Es wäre mir auch sehr langwei¬
917 968 2966 1163 lig, für meine Ueberzeugung einzutreten und
912 1118 3158 1352 Dinge zu vertreten, die ich selbst für wahr hal-
931 1290 3158 1490 te. Es amiisiert mich vielmehr, mit den Ideen zu
937 1454 3079 1634 siegen, die nicht die meinen sind; so wie ein
940 1606 3144 1792 guter Fechter lieber mit einem Säbel reüssiert,
940 1761 3206 1948 den er nie in der Hand gehabt hat, als mit einem
940 1902 3172 2091 langgewohnten. Die Menschen sind mir vollkommen
951 2083 3127 2264 gleichgiltig. Alles ist Uebergang. Jede Partei
954 2207 3099 2425 hat nur kurze Zeit. Was erreicht wird, ist ei-
957 2379 2362 2583 gentlich absolut gleichgiltig.
