<?xml version="1.0" encoding="UTF-8" standalone="yes"?>
<PcGts xmlns="http://schema.primaresearch.org/PAGE/gts/pagecontent/2013-07-15" xmlns:xsi="http://www.w3.org/2001/XMLSchema-instance" xsi:schemaLocation="http://schema.primaresearch.org/PAGE/gts/pagecontent/2013-07-15 http://schema.primaresearch.org/PAGE/gts/pagecontent/2013-07-15/pagecontent.xsd">
    <Metadata>
        <Creator>prov=READ-COOP:name=TrHtr:version=2.1.0:model_id=51170:date=15_08_2023_08:10</Creator>
        <Created>2023-05-10T13:31:19.582+02:00</Created>
        <LastChange>2023-08-15T08:10:17.441+02:00</LastChange>
        <TranskribusMetadata docId="1429040" pageId="55435554" pageNr="148" tsid="132842290" status="IN_PROGRESS" userId="64420" imgUrl="https://files.transkribus.eu/Get?id=JHFXNZCEXVVAHCBEGJZCWRPM&amp;fileType=view" xmlUrl="https://files.transkribus.eu/Get?id=GYGFDNEUXQKEIVHVSYAYLQYL" imageId="44709544"/>
    </Metadata>
    <Page imageFilename="1429040_0148.jpg" imageWidth="3464" imageHeight="4168">
        <ReadingOrder>
            <OrderedGroup id="ro_1711799525834" caption="Regions reading order">
                <RegionRefIndexed index="0" regionRef="tr_2"/>
                <RegionRefIndexed index="1" regionRef="tr_1"/>
            </OrderedGroup>
        </ReadingOrder>
        <TextRegion id="tr_2" custom="readingOrder {index:0;}">
            <Coords points="994,532 3161,532 3161,1759 994,1759"/>
            <TextLine id="tr_2_tl_1" custom="readingOrder {index:0;}">
                <Coords points="2916,592 2952,592 2983,623 2991,620 2999,628 3006,618 3022,620 3037,605 3050,605 3048,416 3022,414 2999,437 2983,439 2944,427 2913,432"/>
                <Baseline points="2931,585 2976,582 3021,582 3057,588"/>
                <TextEquiv>
                    <Unicode>75</Unicode>
                </TextEquiv>
            </TextLine>
            <TextLine id="tr_2_tl_2" custom="readingOrder {index:1;}">
                <Coords points="1117,843 1148,832 1199,853 1329,830 1383,856 1458,830 1528,845 1528,651 1453,649 1375,690 1220,651 1117,675"/>
                <Baseline points="1131,815 1176,812 1221,812 1265,812 1310,812 1355,812 1400,812 1445,809 1489,812 1534,815"/>
                <TextEquiv>
                    <Unicode>kann...)</Unicode>
                </TextEquiv>
            </TextLine>
            <TextLine id="tr_2_tl_3" custom="readingOrder {index:2;}">
                <Coords points="980,995 2955,941 3014,817 2569,768 2135,850 1864,794 985,825"/>
                <Baseline points="994,970 1003,967 1047,967 1092,970 1137,967 1182,967 1227,967 1271,967 1316,964 1361,961 1406,961 1451,958 1495,955 1540,955 1585,955 1630,952 1674,949 1719,949 1764,946 1809,946 1854,943 1898,943 1943,943 1988,940 2033,943 2078,940 2122,940 2167,940 2212,934 2257,931 2301,931 2346,925 2391,925 2436,922 2481,922 2525,919 2570,916 2615,913 2660,910 2705,907 2749,910 2794,907 2839,904 2884,904 2928,901 2973,898 3018,898"/>
                <TextEquiv>
                    <Unicode>Rich: Es ist merkwürdig, Kinder, wie Einem</Unicode>
                </TextEquiv>
            </TextLine>
            <TextLine id="tr_2_tl_4" custom="readingOrder {index:3;}">
                <Coords points="1119,1158 1815,1174 1921,1106 2264,1148 2399,1078 2833,1119 3048,1062 3149,1117 3156,956 1528,972 1122,1093"/>
                <Baseline points="1134,1128 1146,1128 1191,1125 1236,1122 1280,1122 1325,1119 1370,1119 1415,1116 1459,1116 1504,1113 1549,1116 1594,1116 1639,1113 1683,1113 1728,1110 1773,1104 1818,1104 1863,1101 1907,1098 1952,1098 1997,1095 2042,1095 2086,1092 2131,1092 2176,1089 2221,1089 2266,1083 2310,1083 2355,1083 2400,1077 2445,1077 2490,1074 2534,1071 2579,1071 2624,1068 2669,1065 2713,1062 2758,1062 2803,1062 2848,1059 2893,1059 2937,1056 2982,1056 3027,1053 3072,1050 3117,1047 3161,1039"/>
                <TextEquiv>
                    <Unicode>zumut wird, wenn man so aus der weiten Welt</Unicode>
                </TextEquiv>
            </TextLine>
            <TextLine id="tr_2_tl_5" custom="readingOrder {index:4;}">
                <Coords points="1130,1303 2833,1259 3143,1207 3149,1122 2642,1176 2414,1117 2215,1192 2034,1140 1758,1212 1481,1140 1137,1158"/>
                <Baseline points="1146,1289 1182,1283 1227,1283 1271,1280 1316,1277 1361,1274 1406,1274 1451,1274 1495,1271 1540,1271 1585,1268 1630,1265 1674,1265 1719,1262 1764,1262 1809,1262 1854,1256 1898,1253 1943,1250 1988,1250 2033,1248 2078,1248 2122,1245 2167,1245 2212,1239 2257,1239 2301,1239 2346,1236 2391,1233 2436,1233 2481,1230 2525,1230 2570,1230 2615,1227 2660,1227 2705,1227 2749,1224 2794,1221 2839,1221 2884,1218 2928,1218 2973,1215 3018,1209 3063,1206 3108,1203 3152,1200"/>
                <TextEquiv>
                    <Unicode>allmälig sich der Heimat nähert. Wie es im¬</Unicode>
                </TextEquiv>
            </TextLine>
            <TextLine id="tr_2_tl_6" custom="readingOrder {index:5;}">
                <Coords points="1127,1461 3099,1424 3125,1287 1851,1282 1667,1370 1130,1386"/>
                <Baseline points="1140,1442 1158,1439 1203,1436 1248,1436 1292,1433 1337,1433 1382,1430 1427,1430 1471,1427 1516,1424 1561,1427 1606,1424 1651,1421 1695,1418 1740,1418 1785,1415 1830,1415 1875,1412 1919,1412 1964,1406 2009,1406 2054,1406 2098,1403 2143,1403 2188,1400 2233,1397 2278,1394 2322,1391 2367,1391 2412,1388 2457,1388 2501,1385 2546,1382 2591,1382 2636,1385 2681,1385 2725,1385 2770,1379 2815,1379 2860,1379 2905,1376 2949,1373 2994,1370 3039,1367 3084,1361 3128,1358"/>
                <TextEquiv>
                    <Unicode>mer enger und enger um Einen wird, (wie man</Unicode>
                </TextEquiv>
            </TextLine>
            <TextLine id="tr_2_tl_7" custom="readingOrder {index:6;}">
                <Coords points="1137,1618 3120,1561 3125,1404 2544,1484 2161,1406 1145,1450"/>
                <Baseline points="1155,1600 1158,1600 1203,1597 1248,1594 1292,1591 1337,1591 1382,1588 1427,1585 1471,1585 1516,1585 1561,1579 1606,1579 1651,1576 1695,1576 1740,1573 1785,1573 1830,1573 1875,1570 1919,1567 1964,1564 2009,1564 2054,1561 2098,1561 2143,1558 2188,1555 2233,1555 2278,1552 2322,1549 2367,1549 2412,1549 2457,1546 2501,1543 2546,1543 2591,1540 2636,1537 2681,1537 2725,1534 2770,1534 2815,1534 2860,1531 2905,1528 2949,1525 2994,1525 3039,1522 3084,1519 3128,1516"/>
                <TextEquiv>
                    <Unicode>die Zeitungen anders liest) wie Einem alle</Unicode>
                </TextEquiv>
            </TextLine>
            <TextLine id="tr_2_tl_8" custom="readingOrder {index:7;}">
                <Coords points="1148,1773 2003,1722 2156,1768 2264,1714 2464,1763 3123,1696 3125,1605 2510,1551 2363,1610 1155,1616"/>
                <Baseline points="1164,1749 1203,1749 1248,1746 1292,1746 1337,1746 1382,1743 1427,1743 1471,1740 1516,1740 1561,1737 1606,1734 1651,1731 1695,1731 1740,1728 1785,1728 1830,1725 1875,1722 1919,1722 1964,1719 2009,1716 2054,1716 2098,1716 2143,1713 2188,1713 2233,1713 2278,1710 2322,1704 2367,1704 2412,1704 2457,1701 2501,1701 2546,1701 2591,1698 2636,1698 2681,1695 2725,1692 2770,1692 2815,1689 2860,1683 2905,1683 2949,1683 2994,1680 3039,1677 3084,1677 3128,1680"/>
                <TextEquiv>
                    <Unicode>Sachen wieder wichtiger werden, um die man</Unicode>
                </TextEquiv>
            </TextLine>
        </TextRegion>
        <TextRegion id="tr_1" custom="readingOrder {index:1;}">
            <Coords points="349,1804 3257,1804 3257,3795 349,3795"/>
            <TextLine id="tr_1_tl_1" custom="readingOrder {index:0;}">
                <Coords points="1161,1918 2476,1908 2663,1874 2668,1737 2464,1763 2275,1716 1962,1825 1161,1872"/>
                <Baseline points="1176,1910 1191,1907 1236,1904 1280,1904 1325,1901 1370,1901 1415,1898 1459,1895 1504,1895 1549,1895 1594,1892 1639,1889 1683,1889 1728,1886 1773,1886 1818,1883 1863,1880 1907,1880 1952,1877 1997,1875 2042,1875 2086,1872 2131,1872 2176,1872 2221,1869 2266,1866 2310,1866 2355,1863 2400,1860 2445,1860 2490,1857 2534,1854 2579,1854 2624,1854 2669,1857"/>
                <TextEquiv>
                    <Unicode>sich draussen den Teufel schert.</Unicode>
                </TextEquiv>
            </TextLine>
            <TextLine id="tr_1_tl_2" custom="readingOrder {index:1;}">
                <Coords points="401,2040 476,2050 561,2021 584,2040 654,1993 698,2006 734,1980 827,2019 871,2003 923,2032 941,1905 874,1921 757,1882 646,1897 628,1869 535,1877 494,1841 476,1853 429,1830"/>
                <Baseline points="415,2027 447,2015 492,2012 537,2009 582,2003 626,1997 671,1991 716,1982 761,1976 806,1970 850,1961 895,1955 940,1955"/>
                <TextEquiv>
                    <Unicode>Jauptnelleur et</Unicode>
                </TextEquiv>
            </TextLine>
            <TextLine id="tr_1_tl_3" custom="readingOrder {index:2;}">
                <Coords points="1233,2096 2606,2058 3174,2001 3180,1908 1241,1936"/>
                <Baseline points="1250,2060 1256,2060 1301,2057 1346,2057 1391,2057 1436,2054 1480,2051 1525,2051 1570,2048 1615,2048 1660,2048 1704,2045 1749,2042 1794,2042 1839,2039 1883,2036 1928,2036 1973,2033 2018,2030 2063,2027 2107,2027 2152,2024 2197,2021 2242,2021 2287,2021 2331,2018 2376,2015 2421,2018 2466,2012 2510,2012 2555,2012 2600,2009 2645,2009 2690,2006 2734,2003 2779,2003 2824,2000 2869,2000 2914,1994 2958,1991 3003,1991 3048,1988 3093,1988 3137,1985 3182,1982"/>
                <TextEquiv>
                    <Unicode>Hast du dich denn überhaupt um die Wiener</Unicode>
                </TextEquiv>
            </TextLine>
            <TextLine id="tr_1_tl_4" custom="readingOrder {index:3;}">
                <Coords points="352,2158 403,2140 421,2161 483,2166 721,2073 788,2086 807,1996 757,1985 701,2009 633,2009 571,2047 558,2027 442,2058 427,2042 375,2040"/>
                <Baseline points="370,2140 397,2137 441,2131 486,2125 531,2113 576,2101 621,2092 665,2081 710,2078 755,2063 800,2063"/>
                <TextEquiv>
                    <Unicode>autuit</Unicode>
                </TextEquiv>
            </TextLine>
            <TextLine id="tr_1_tl_5" custom="readingOrder {index:4;}">
                <Coords points="1018,2065 1031,2065 1052,2081 1081,2068 1096,2076 1122,2073 1140,2086 1174,2073 1181,1923 1137,1913 1127,1921 1122,1915 1101,1921 1088,1908 1052,1918 1039,1903 1026,1903"/>
                <Baseline points="1033,2072 1044,2069 1089,2066 1134,2063 1179,2063"/>
                <TextEquiv>
                    <Unicode>St:</Unicode>
                </TextEquiv>
            </TextLine>
            <TextLine id="tr_1_tl_6" custom="readingOrder {index:5;}">
                <Coords points="331,2262 514,2221 527,2239 564,2236 623,2208 693,2254 832,2239 858,2107 788,2084 721,2115 706,2089 680,2089 481,2166 406,2143 349,2158"/>
                <Baseline points="349,2227 364,2224 409,2221 453,2215 498,2206 543,2197 588,2182 632,2173 677,2161 722,2158 767,2152 812,2140 856,2140"/>
                <TextEquiv>
                    <Unicode>du pied on</Unicode>
                </TextEquiv>
            </TextLine>
            <TextLine id="tr_1_tl_7" custom="readingOrder {index:6;}">
                <Coords points="1168,2239 2869,2200 3154,2151 3156,2058 1174,2073"/>
                <Baseline points="1182,2215 1191,2215 1236,2215 1280,2212 1325,2212 1370,2212 1415,2209 1459,2209 1504,2206 1549,2206 1594,2206 1639,2203 1683,2200 1728,2200 1773,2197 1818,2194 1863,2194 1907,2191 1952,2188 1997,2188 2042,2188 2086,2185 2131,2185 2176,2182 2221,2182 2266,2179 2310,2179 2355,2176 2400,2176 2445,2176 2490,2173 2534,2170 2579,2170 2624,2170 2669,2164 2713,2164 2758,2161 2803,2161 2848,2158 2893,2158 2937,2155 2982,2152 3027,2152 3072,2149 3117,2146 3161,2149"/>
                <TextEquiv>
                    <Unicode>Verhältnisse kümmern können, während du da</Unicode>
                </TextEquiv>
            </TextLine>
            <TextLine id="tr_1_tl_8" custom="readingOrder {index:7;}">
                <Coords points="1158,2391 2688,2347 2769,2319 2771,2226 1797,2213 1590,2308 1163,2308"/>
                <Baseline points="1176,2373 1209,2373 1253,2373 1298,2370 1343,2370 1388,2367 1433,2364 1477,2364 1522,2361 1567,2361 1612,2358 1657,2355 1701,2355 1746,2355 1791,2352 1836,2349 1880,2349 1925,2349 1970,2346 2015,2343 2060,2340 2104,2337 2149,2337 2194,2337 2239,2334 2284,2331 2328,2331 2373,2331 2418,2328 2463,2328 2507,2325 2552,2322 2597,2319 2642,2319 2687,2316 2731,2313 2776,2310"/>
                <TextEquiv>
                    <Unicode>draussen in der weiten Welt warst?</Unicode>
                </TextEquiv>
            </TextLine>
            <TextLine id="tr_1_tl_9" custom="readingOrder {index:8;}">
                <Coords points="1021,2541 1321,2528 1492,2569 1556,2531 1587,2559 1685,2523 1711,2551 1815,2515 1905,2536 1939,2518 1944,2399 1851,2368 1654,2464 1393,2458 1334,2497 1251,2466 1024,2466"/>
                <Baseline points="1036,2537 1047,2534 1092,2531 1137,2531 1182,2531 1227,2528 1271,2528 1316,2528 1361,2525 1406,2525 1451,2519 1495,2519 1540,2519 1585,2516 1630,2513 1674,2513 1719,2510 1764,2510 1809,2504 1854,2501 1898,2501 1943,2504"/>
                <TextEquiv>
                    <Unicode>Rich: Warum nicht?</Unicode>
                </TextEquiv>
            </TextLine>
            <TextLine id="tr_1_tl_10" custom="readingOrder {index:9;}">
                <Coords points="1029,2699 3105,2626 3105,2564 2828,2507 2394,2575 1034,2546"/>
                <Baseline points="1044,2693 1050,2693 1095,2690 1140,2690 1185,2693 1230,2693 1274,2690 1319,2687 1364,2684 1409,2684 1454,2681 1498,2678 1543,2675 1588,2672 1633,2672 1677,2669 1722,2669 1767,2666 1812,2666 1857,2663 1901,2663 1946,2660 1991,2660 2036,2657 2081,2654 2125,2654 2170,2651 2215,2651 2260,2651 2304,2648 2349,2648 2394,2645 2439,2642 2484,2639 2528,2636 2573,2639 2618,2636 2663,2636 2708,2633 2752,2630 2797,2627 2842,2624 2887,2621 2931,2621 2976,2621 3021,2618 3066,2618 3111,2618"/>
                <TextEquiv>
                    <Unicode>We: Du, deine Reisebriefe waren famos! Man</Unicode>
                </TextEquiv>
            </TextLine>
            <TextLine id="tr_1_tl_11" custom="readingOrder {index:10;}">
                <Coords points="1184,2864 2115,2812 2221,2885 3097,2911 3244,2893 3249,2709 2900,2637 2616,2699 1189,2701"/>
                <Baseline points="1197,2842 1242,2839 1286,2839 1331,2839 1376,2836 1421,2833 1465,2833 1510,2833 1555,2830 1600,2830 1645,2827 1689,2827 1734,2824 1779,2824 1824,2821 1869,2821 1913,2818 1958,2815 2003,2815 2048,2815 2092,2812 2137,2812 2182,2809 2227,2812 2272,2812 2316,2815 2361,2806 2406,2806 2451,2803 2496,2800 2540,2797 2585,2797 2630,2794 2675,2791 2719,2791 2764,2788 2809,2785 2854,2785 2899,2785 2943,2782 2988,2782 3033,2785 3078,2782 3123,2779 3167,2773 3212,2773 3257,2770"/>
                <TextEquiv>
                    <Unicode>hat wirklich eine Freud gehabt. So frei, so</Unicode>
                </TextEquiv>
            </TextLine>
            <TextLine id="tr_1_tl_12" custom="readingOrder {index:11;}">
                <Coords points="1176,3009 1264,2999 1305,3017 1339,2996 1388,3019 1543,3027 1572,3004 1680,3006 1680,2937 1481,2942 1437,2908 1355,2947 1261,2913 1176,2939"/>
                <Baseline points="1191,2991 1194,2991 1239,2994 1283,2991 1328,2991 1373,2994 1418,2991 1462,2991 1507,2988 1552,2988 1597,2988 1642,2985 1686,2988"/>
                <TextEquiv>
                    <Unicode>überlegen.</Unicode>
                </TextEquiv>
            </TextLine>
            <TextLine id="tr_1_tl_13" custom="readingOrder {index:12;}">
                <Coords points="1006,3174 2562,3123 2564,2999 2497,2973 2285,3019 1910,2937 1543,3024 1011,2996"/>
                <Baseline points="1021,3146 1044,3149 1089,3152 1134,3155 1179,3155 1224,3155 1268,3158 1313,3152 1358,3149 1403,3146 1448,3146 1492,3143 1537,3143 1582,3143 1627,3140 1671,3140 1716,3137 1761,3134 1806,3134 1851,3134 1895,3131 1940,3128 1985,3128 2030,3126 2075,3123 2119,3123 2164,3123 2209,3120 2254,3117 2298,3114 2343,3111 2388,3111 2433,3111 2478,3108 2522,3105 2567,3102"/>
                <TextEquiv>
                    <Unicode>— Si: Wirst du sie nicht sammeln?</Unicode>
                </TextEquiv>
            </TextLine>
            <TextLine id="tr_1_tl_14" custom="readingOrder {index:13;}">
                <Coords points="1050,3337 2042,3283 2158,3329 2391,3267 2918,3311 2924,3123 1055,3187"/>
                <Baseline points="1065,3314 1086,3314 1131,3314 1176,3314 1221,3311 1265,3311 1310,3311 1355,3314 1400,3305 1445,3305 1489,3302 1534,3302 1579,3299 1624,3293 1668,3293 1713,3290 1758,3290 1803,3290 1848,3287 1892,3287 1937,3284 1982,3284 2027,3281 2072,3281 2116,3281 2161,3278 2206,3275 2251,3272 2295,3272 2340,3269 2385,3269 2430,3269 2475,3266 2519,3263 2564,3260 2609,3260 2654,3257 2699,3257 2743,3254 2788,3254 2833,3254 2878,3251 2925,3258"/>
                <TextEquiv>
                    <Unicode>Rich: Als Buch herausgeben? Vielleicht.</Unicode>
                </TextEquiv>
            </TextLine>
            <TextLine id="tr_1_tl_15" custom="readingOrder {index:14;}">
                <Coords points="1065,3495 3012,3448 3084,3441 3089,3322 1073,3329"/>
                <Baseline points="1083,3475 1119,3478 1164,3478 1209,3475 1253,3475 1298,3469 1343,3466 1388,3460 1433,3460 1477,3460 1522,3457 1567,3454 1612,3451 1657,3451 1701,3448 1746,3445 1791,3442 1836,3442 1880,3442 1925,3439 1970,3436 2015,3436 2060,3436 2104,3436 2149,3436 2194,3433 2239,3430 2284,3427 2328,3427 2373,3424 2418,3424 2463,3424 2507,3421 2552,3421 2597,3418 2642,3418 2687,3415 2731,3412 2776,3409 2821,3409 2866,3409 2911,3406 2955,3403 3000,3400 3045,3400 3090,3397"/>
                <TextEquiv>
                    <Unicode>Ag: Ich hab' sie auch gelesen. Es war, wie</Unicode>
                </TextEquiv>
            </TextLine>
            <TextLine id="tr_1_tl_16" custom="readingOrder {index:15;}">
                <Coords points="1205,3647 2675,3572 2854,3629 2859,3451 1212,3479"/>
                <Baseline points="1221,3624 1250,3624 1295,3621 1340,3618 1385,3618 1430,3618 1474,3615 1519,3615 1564,3612 1609,3612 1654,3609 1698,3606 1743,3603 1788,3603 1833,3603 1877,3600 1922,3597 1967,3594 2012,3591 2057,3588 2101,3591 2146,3591 2191,3591 2236,3588 2281,3585 2325,3585 2370,3582 2415,3579 2460,3579 2504,3576 2549,3576 2594,3570 2639,3567 2684,3567 2728,3567 2773,3564 2818,3567 2863,3570"/>
                <TextEquiv>
                    <Unicode>wenn man Sie selber sprechen hörte.</Unicode>
                </TextEquiv>
            </TextLine>
            <TextLine id="tr_1_tl_17" custom="readingOrder {index:16;}">
                <Coords points="1062,3813 1106,3826 1148,3800 1298,3784 1450,3815 1561,3777 1605,3821 1683,3826 1691,3632 1512,3658 1442,3624 1378,3632 1305,3684 1205,3616 1068,3653"/>
                <Baseline points="1080,3782 1110,3785 1155,3785 1200,3785 1245,3782 1289,3782 1334,3785 1379,3779 1424,3776 1468,3773 1513,3773 1558,3770 1603,3767 1648,3770 1692,3773"/>
                <TextEquiv>
                    <Unicode>Rich: Danke.</Unicode>
                </TextEquiv>
            </TextLine>
        </TextRegion>
    </Page>
</PcGts>
