3480 4184
2673 360 2818 594 37
845 578 2537 782 Auch ich will es tun.- Meine Herren!
714 749 2234 973 We: Du bist nicht ganz bei dir.
722 937 2183 1128 Si: Meine Damen und Herren!...
733 1065 1957 1267 Voll: Schweigen Sie doch!
733 1259 2194 1422 Si: Meine Damen und Herren!...
741 1300 2856 1589 Kohnberger: I:ist auch dazu gekommen:
886 1580 1147 1760 aber!
752 1657 2948 1908 Si: Ich verlange das Wort! Auf Grund des Para¬
891 1818 2976 2030 graph neunzehn. Nur eine Berichtigung!... Es
905 1954 3049 2185 ist unwahr, dass unser Blatt seit fünfundzwan-
913 2101 2943 2363 zig Jahren unentwegt für Freiheit und Recht
932 2275 2992 2515 eingetreten ist,- fwahr ist vielmehr, dass es
932 2406 3093 2654 ausschliesslich den Interessen des Herausgebes
946 2572 3055 2807 gedient hat. Es ist unwahr, dass wir in allen
316 2578 749 2861 du fait
954 2720 2962 2973 Fragen das Banner der Wahrheit hochhalten,-
338 2766 692 2959 nereil
289 2848 812 3052 mit tecken
973 2848 3019 3101 wahr ist vielmehr, dass wir von der Wahrheit
275 2976 839 3180 in Recht.
965 3055 3033 3286 gerade soviel sagen, als für die Verbreitung
305 3117 845 3327 entière
981 3191 3047 3393 unseres Blattes und für die Privatinteressen
981 3349 2962 3592 des Herausgebers nützlich scheint, und das
995 3469 3180 3777 Uebrige verschweigen oder nach Bedarf dazulügen.
1000 3679 2992 3894 Es ist unwahr, dass der Herausgeber seinen
