3464 4136
2795 366 2948 542 31
944 482 2327 735 Kohnberger, Voll, Obendorfer.
944 708 3074 924 Ko: Mir scheint, Sie werden sich umsonst ge¬
296 821 811 1000 Welle Sie, von d
1143 871 1735 1067 plagt haben.
269 964 764 1103 ip.t St. Juni
971 974 3038 1280 Voll: Es ist grässlich! (Das wär' der vierte
249 1054 791 1213 Mortschof! das
256 1170 745 1349 erklaiteert
1150 1190 3074 1369 in dem Monat, den ich einfach wegschneis-
1153 1339 3128 1536 sen kann. Rot!... Sagen Sie selbst, ob der
1153 1482 2942 1678 Artikel rot ist.... Und wenn schon?...
2094 1622 2546 1728 demokr.
1160 1669 3038 1841 Wir sind doch ein oppositionelles Organ.
964 1808 2593 2008 Ko: Glauben Sie noch immer daran?
981 1924 3088 2137 Voll: Jedenfalls hab' ich mich daraufhin en-
1163 2134 3081 2307 gagteren lassen... Und jetzt wäre der Mo¬
1167 2263 3111 2460 ment, Opposition zu machen. /:Fliegt die
1160 2420 3138 2612 Telegramme durch:/ Das ist ja noch ärger,
1177 2586 3068 2749 als ich gedacht habe.... Es war ja schon
1173 2735 3068 2898 ein Zusammenstoss zwischen den Arbeitern
489 2772 728 2922 Milité
392 2902 764 3031 zugeschickt.
1170 2875 3141 3134 und dem Militär. - Wann ist denn das Tele¬
339 3008 831 3131 der ist jene
362 3088 808 3234 Pronocation.
1180 3068 1914 3244 gramm gekommen?
981 3214 2370 3423 Ko: Vor einer halben Stunde.
994 3357 3081 3530 Voll: Das ändert ja die ganze Sache. Da bin
379 3493 728 3643 der S. W.
356 3503 3028 3739 sich noch viel zu zahm gewesen. (Jetzt
429 3699 804 3859 Wahrsch.
1180 3686 3148 3869 müssen wir entschieden für den sozialdemo-
