3480 4152
2724 378 2843 607 92
878 546 2843 864 waren sehr geistreich, aber nicht ganz zu-
878 795 1319 969 treffend.
740 891 2945 1090 Rich: Ich hatte ja unterzeichnet und somit die
883 1079 2059 1281 Verantwortung übernommen.
737 1206 2909 1455 Mark: Ganz recht. Aber wenn du hier die ganze
880 1408 2873 1570 Zeit gelebt hättest, so hättest du gewisse
839 1535 2912 1736 Bemerkungen nicht niedergeschrieben. Du bist
900 1695 3014 1882 insbesondere nicht ganz unterrichtet über ge¬
889 1866 2920 2034 wisse Personalfragen und kennst daher nicht
897 2015 2942 2211 den tiefern Zweck von Verfügungen und Maass-
894 2178 2837 2346 nahmen, die in der letzten Zeit erflossen
900 2324 3069 2503 sind. So hast du gewisse jugendliche Ansichten
900 2478 2917 2641 die sich gegen Prinzipien kehren ohne Anse¬
900 2614 3014 2810 hung der Person. Manche dieser Ansichten wer¬
905 2790 2901 2997 den sich ändern, wenn du erst die Personen
897 2942 3072 3135 kennen lernst, die ihre Prinzipien nicht immer
908 3083 2992 3282 auf eine durchtsichtige Art vertreten können
914 3254 1482 3447 oder dürfen.
1529 3312 1871 3447 G.C.H.F.P.
770 3400 2986 3610 Rich: Ja, ich sehe weder Prinzipien noch Perso-
914 3580 2986 3792 nen,- ich spreche nur von den Tatsachen. Und
