3448 4168
2620 386 2775 538 83
754 561 1379 757 Voll, Markus.
746 659 2994 904 Mark: Ich brauche ihn nicht zu lesen, den Arti-
895 872 2873 1042 kel. Es bereiten sich nämlich Dinge vor...
236 944 628 1172 & Sie haben
780 987 2977 1195 Voll: Das weiss ich. Eben darum! - Zwei Arbet¬
230 1114 757 1313 des Lifferts
904 1189 2982 1388 terführer sind verhaftet; das ist ungeheuer-
268 1261 702 1457 auzwiffer
913 1385 1177 1563 lich!
769 1477 3080 1690 Mark: Darüber ist vielleicht zu streiten. Gesetz
910 1621 2951 1834 lich ist es jedenfalls. Und um dort Ordnung
924 1779 3003 1978 und bessere Verhältnisse zu schaffen, ist es
930 1955 3043 2173 vor allem notwendig, das Volk vor seinen Ver-
941 2153 1880 2315 führern zu schützen.
795 2320 2021 2473 Voll: Seine Verführer?...
795 2435 3092 2602 Mark: Ich muss mich kurz fassen. Dass von heute
345 2456 556 2611 kevig
953 2568 3109 2755 auf morgen die soziale Frage nicht gelöst wird
199 2729 659 2931 Nicht für zwei
953 2712 3000 2925 darin dürften wir einer Ansicht sein. Jeden¬
204 2850 705 2982 eintreten.. jedt
950 2873 3077 3072 falls wäre es das grösste Unglück, wenn jetzt
248 2968 633 3106 falt.  Wege
964 3069 3020 3233 in diesem durchwühlten Revier der ärgste der
207 3034 751 3227 kopft-liche gesessen
964 3193 2982 3426 Wilhler das Mandat erhtelte. Ihr Leitartikel
276 3224 697 3454 Nicht setzen.
953 3380 3000 3544 wäre ein Verbrechen. Wenn er auch von guten
250 3400 792 3581 Der Graf Wiederhof
964 3558 3135 3748 Tendenzen diktiert ist. Ich habe eben über den
