3448 4120
1337 483 2100 686 fenden Nachruf.“
1106 643 1836 821 Obend: Weiter!
1096 796 3130 989 Kohnb: : als läse er:! "Umso ergreifender,
1348 946 3115 1111 wenn man bedenkt, dass Obendorfer dem
1335 1101 3150 1289 Hingeschiedenen Zeit seines Lebens nur
1345 1276 3137 1462 ein äusserst geringes Maass von Sympa-
1340 1434 1876 1604 thieen...“
1109 1569 3148 1742 Obend: Was?... was?.... Ah so! Haha! - Na
1337 1752 3153 1892 ja, unter uns: Leut' mit Spinatflecken
1332 1899 3122 2075 auf'n Gilet hab' ich mir nie zum inti-
1322 2037 3089 2222 men Verkehr ausgesucht... Aber sympa-
1322 2207 3089 2385 thisch war er mir schon... Unter uns.
1320 2337 3214 2530 (Sie sind ja über gewisse Dinge erhaben.)
1327 2517 3137 2644 Wenn alle Israeliten so bescheiden wä-
1327 2644 3046 2779 ren wie der Herr Epstein, hätten wir
1317 2815 2754 2962 keinen Antisemitsmus in Wien.
1088 2939 3107 3094 Kohnb: :scharf humoristisch: Sie, Ob en-
1322 3135 3112 3262 dorfer, ich mach' Sie aufmerksam: ich
1317 3277 3158 3432 bin nicht erhaben, und in gewissen Din-
1320 3460 2761 3600 gen versteh' ich keinen Spass.
1078 3560 2184 3788 Ob end: Aber... aber...
