3496 4136
2874 403 3015 549 68
1062 566 3142 775 leicht sogar etwas schärfer, als ich's getan
1062 769 3116 921 hätte, wenn wir nicht so gute Freunde wären.
1048 899 3082 1102 Aber die Leut' sollen nicht sagen, dass wir
1065 1062 1871 1251 eine Clique sind.
1065 1228 3065 1366 Ja, da hast du ganz Recht. Ich bin auch da¬
823 1228 986 1400 We:
1090 1341 3054 1578 für, dass man seinen Standpunkt präzisiert.
1042 1519 1451 1634 Aber....
820 1538 986 1645 Ag:
1034 1682 1772 1814 :winkt ihr ab:
820 1688 978 1865 We:
1034 1854 3037 2026 Was is denn? was macht's ihr euch denn für
834 1848 1000 2026 St:
1057 1998 2099 2184 Zeichen mit den Augen?
1057 2141 3105 2344 Ja, das Stück hat dir doch früher so gut ge¬
820 2158 975 2327 Ag:
1059 2285 1561 2482 fallen - p
1059 2454 2964 2572 Ja, früher. Man bleibt eben nicht stehen,
817 2451 989 2581 St:
1062 2592 3003 2806 bekanntlich. Ich wenigstens. Das hab' ich
1065 2781 3082 2958 heute eben sehr deutlich gefühlt. Man merkt
1057 2953 2941 3111 deinem Stück eben an, dass es dir zu gut
1068 3096 3071 3249 geht, - dass du nicht im Leben stehst,- dass
1062 3229 3116 3429 du dich um deine Mitmenschen nicht kümmerst.
1048 3401 2848 3587 So?... Na ja! Es ist ein Märchenstück.
814 3409 980 3536 We:
817 3547 3085 3761 Si: Märchen hin, Märchen her! es ist eben welt-
1104 3725 3074 3928 fern, abgewandt von den grossen Fragen der
