3528 4104
697 675 3100 899 Wenn wir nachgeben, sind die Kohlengrben total ent-
703 867 1047 1044 wertet.
700 940 3113 1195 Hier vertritt Markus noch den Standpunkt : auch wenn
744 1091 3157 1375 die Kohlengruben nicht mir gehörten, ich wäre gegen
700 1309 1489 1448 die Streikenden.
697 1407 3223 1586 Im III. Akt kommen neue Nachrichten, das Blutvergiesen
751 1624 1350 1779 bestätigend.
697 1687 3040 1889 Der Graf hält seine Rede, verachtet die Menschen.
716 1917 2725 2094 Wir hätten nicht für ihn eintreten sollen.
706 2047 3217 2201 Der Artikel heut im Morgenblatt bedeutet den vollkom-
719 2217 1498 2400 menen Umschwung.
725 2321 3258 2558 Marcus hat ihn ohne Wissen seiner Redakteure geschrie-
744 2567 956 2706 ben.
