3496 4184
2788 391 2939 576 42
1137 412 2357 628 Ne né brever s'est très ciel.
894 585 2190 762 Ob: Aber meinen tun sie's!
1115 722 2880 910 Waren Sie im Theater, Fräulein Loser?
892 784 1064 937 Ko:
905 854 3068 1026 Ad: Natürlich! - Interessant! Der Werburg ist
1088 1013 3065 1212 überhaupt sehr talentiert. Allerdings, Sa¬
1104 1191 3036 1444 chen kommen dadrin wieder vor... entsetz¬
1104 1393 1360 1506 lich!
1007 1492 2486 1646 Ob: Na, was denn zum Beispiel?
924 1619 3039 1821 Adt Aber das kann man ja gar nicht wiederho-
1118 1816 2966 1956 len. Sie wissen ja, wie es heisst. "Die
1110 1956 3020 2195 Insel der Seligen". Da is im zweiten Akt
1126 2147 3044 2333 eine Szene, da is eine Glut drin, von ei¬
1123 2265 2955 2462 ner Ungeniertheit.... eine Liebesszen».
1126 2449 2939 2656 Wirklich es fehlt nichts, als dass die
1131 2602 2920 2761 Zwei sich mit einander ins Bett legen.
760 2621 1078 2831 (du drei
1290 2750 3111 2944 /:Beide Herren in grosser Verlegenheit;
1557 2933 2368 3090 dann lachen sie:/
951 3036 2866 3294 Ob: O, das erleben wir auch noch! Alles
1142 3254 2195 3451 steuert darauf hin zu.
951 3402 2659 3567 Ad: Es war ja schon einmal so weit.
959 3556 1377 3731 Ob: SOP
