3544 4104
2678 361 2814 523 17
832 534 2533 659 Ja, Aristokratie - kein leerer Wahn.
835 636 3090 815 10. Der Graf, der junge Markus, Graf war selbst
843 841 3022 971 vielfach in Indien etc. Gespräch über die Poli¬
849 1008 2323 1159 tik."Ein Spass wie ein anderer.'
858 1173 2488 1315 - Unklar, ob Frivolität oder Geist.
838 1267 3067 1446 11. Während dieses Gesprächs hebt die Rede Sil
841 1460 3096 1590 bersteins an. Er ist montiert, leicht betrunken.
838 1596 2590 1749 Zuerst wird sie nicht recht angehört.
909 1786 3130 1928 Brüderlichkeit – ein einig Volk. Auch ich, seit
841 1931 3101 2068 drei Jahren, als einer der jungen, darf auch re¬
835 2076 3087 2238 den. Ich weiss erst, wie gut wird es hier haben.
838 2235 3030 2388 Denn, was die Herren nicht wissen: ich war frü-
841 2425 3110 2530 her in einem andern Blatt als in demjenigen, des¬
838 2530 3025 2684 sen Lob wir hier haben singen hören. Wir haben
841 2704 3096 2883 gehört von einem Redakteur, der von der Pike auf
843 2880 2937 3022 gedient hat u. s.w., u.s.w. Ich war bei einem
832 3025 2917 3186 Blatt, dessen Herausgeber ein Börsenreporter
849 3135 3056 3289 war, der Pauschalien nahm, der nur seine Zwecke
841 3326 3124 3473 förderte, der die Zeitung der Regierung verkauft,
855 3502 2939 3644 seine Leute schindet - :Bewegung. "Ausreden
855 3601 3047 3806 lassen!" - und endlich für einen Mann eintritt,
