3432 4216
2682 433 2966 577 13
665 651 1308 817 Markus, Graf.
684 739 2891 988 Graf: Ich soll Ihnen von Sr.Excellenz die be-
819 886 2968 1153 sten Grüsse ausrichten. Er hat es ehrlich bei-
833 1057 2762 1269 dauert, an Ihrem Fest nicht teilnehmen zu
830 1286 1208 1437 können.
908 1382 2855 1567 Nun, das ist ja selbstverständlich.- Nun,
706 1426 866 1625 Ma:
839 1512 2883 1730 Herr Graf werden also morgen an der Debatte
858 1652 2960 1884 teilnehmen. Man ist enorm gespannt. Ich glau-
866 1837 2974 2022 be, das Schicksal des Ministeriums kann jetzt
875 1986 2968 2185 von einem glücklich gefundenen Wort abhängen.
966 2133 2971 2350 Interessiert Sie das Schicksal das Ministe!
748 2229 899 2337 Gf:
880 2378 1239 2527 riums?
742 2406 2966 2670 Ma: Ja, die Verhältnisse haben sich jetzt sehr
935 2571 2930 2850 zugespitzt. Es wird unendlich schwer sein,
910 2745 3026 2977 eine Regierung zu verteidigen, die zu solchen
910 2919 2196 3139 Maassregeln greifen musste.
792 3051 2384 3280 Gf: Es wird Ihnen schon gelingen.
783 3195 2996 3413 Ma: Ich verlasse mich mehr auf Sie, Herr Graf.
