3592 4168
2670 479 2755 595 6
956 568 1309 769 IV. Akt.
950 791 3072 915 Die erste Rede ist gehalten worden. Ein Pater
961 956 3088 1066 peccavi. Oder frech: Ich bin auf ein Programm
956 1110 2986 1254 gewählt worden - so oder so - nicht auf das
956 1273 3165 1364 meine. Sie sind verblendet /:Er spricht wie ein
961 1422 2813 1532 Gott. “So redet ein künftiger Minister”:
948 1529 3033 1705 Der Sohn: Hast du das gewusst, Vater? So hab'
964 1672 2554 1846 ich ja einen Unschuldigen getötet!
967 1849 2967 1997 Ich bekomme die Baronie. Für wen? Für dich.
964 1997 2843 2157 Ich danke : Wie mach' ich das wieder gut?
961 2300 1267 2474 V. Akt.
948 2449 3086 2612 Der Sohn geht zu der Familie, der er den Sohn
989 2645 3110 2794 „Vater? : getötet. Was verlangen Sie von mir?
