3448 4184
2923 455 3029 641 98
1056 558 3120 787 deine originelle Art, die äussere Politik zu
1039 761 3154 947 betrachten, aufmerksam geworden ist, dass man
1045 933 3083 1102 sich gewundert hat, wie du in deiner Jugend
1028 1079 3017 1231 z.B. mit dem englischen Gesandten in Japan
1036 1248 3183 1411 oder mit dem Geschäftsträger in Amerika zu re¬
1028 1411 2966 1554 den verstanden hast, und dass du, wenn du
1010 1509 1509 1703 willst....
873 1660 3175 1861 Rich: Ich will nichts, Vater,- gar nichtß! Meine
1008 1843 3077 2027 Absichten gehen ganz wo anders hin. Ich ver¬
1002 1981 3117 2133 lange von dir, dass du dein Blatt, ohne Rück¬
999 2138 3120 2321 sicht auf mich, ohne jede Rücksicht auf meine
942 2319 3149 2519 Zukunft, nur nach deinem eigenen Wissen und Ge-
993 2450 2218 2648 wissen leitest wie bisher.
979 2725 1972 2900 Sette leur jours hien.
1116 2822 2963 3046 is habs prope uit die vor! - haf der
1028 2954 2107 3169 will verhetser...
