3368 4008
1027 395 3026 609 ren u.s.w. Sie, meine Herren, sprechen von
988 504 3006 792 unserm Terrorismus? Sie sagen, dass wir die
1039 655 3011 950 Arbeiter verfolgen, töten? Sagen Sie viel-
1044 818 2993 1085 mehr, dass wir die Arbeiter - nämlich die
1057 958 3098 1236 anständigen –, die arbeiten wollen, zu schü-
1067 1116 3110 1391 tzen wissen." Oho! Gelächter bei den Sozial-
1072 1279 3098 1567 demokraten. "Die Regierung hat sich erst ge-
1067 1439 3095 1709 nötigt gesehen einzuschreiten, als im Lager
1088 1577 3006 1855 der Arbeiter selbst Uneinigkeit ausbrach,
1093 1732 3039 2015 als die Streikenden gegen den anständigen
1095 1893 3113 2150 Teil der Arbeiter Gewalt brauchten. Es muss
1108 2033 3128 2323 ferner konstatiert werden, dass das Militär
1108 2239 3029 2458 sich durch volle zwei Tage zuwartend ver-
1121 2349 3001 2555 hielt, dass bereits am 23. von Seite der
1123 2509 3054 2733 Streikenden Hohnrufe ausgestossen wurden,
1139 2662 3164 2861 dass es nur dem ausserordentlichen Takt des
1144 2825 3044 3029 Herrn Oberleutrants Hodeck zuzuschreiben
1169 2955 3110 3174 war, wenn es an diesem T ag zu keinem ern-
1164 3146 3215 3368 sten Zusammenstoss kam" u.s.w. "Erst am Tage
1179 3291 3149 3488 drauf, als das Militär denjenigen Teil der
1228 3421 3161 3648 Arbeiter, der die Arbeit wieder aufnehmen
