3480 4232
1572 641 2684 854 Grüss Sie Gott, Agathe,
667 647 1471 911 Werburg: kommt:
810 868 1535 1063 Servus, Gustav.
670 1006 1586 1195 Si: Habe die Ehre.
698 1172 1698 1379 We: Was hat er denn?
695 1308 2425 1540 Ag: XXM###X Aber behrrsche dich doch!
710 1468 2874 1684 Si: Ich weiss schon, wie ich mich zu benehmen
848 1652 1118 1831 habe.
730 1770 2701 1974 We: Hübsch ist's da + nicht wahr, Agathe?
733 1931 2857 2144 Si: Bitte, - entschuldige... halt' mich nicht
871 2063 2902 2285 für kleinlich. Ich habe natürlich nicht das
882 2204 3043 2448 Geringste dagegen, dass du ihr "Agathe" sagst,
888 2345 3009 2592 aber hier... es könnte falsch aufgefasst wer-
902 2641 1207 2767 den...
779 2713 2604 2908 We: Falsch aufgefasst? Ah sol na ja...
790 2845 2474 3092 Ag: Ja, er ist ein bisschen nervös.
787 2997 3104 3230 Si: Sag' doh lieber gleich:verfolgungswahnsinnig
