3544 4200
2939 432 3070 558 61
1043 633 3079 809 gehen. Es sind jedenfalls weniger ekelhafte
1029 845 1573 965 Leut drin.
1040 887 2970 1107 Es muss ja grossartig gewesen sein. Erin-
812 984 957 1129 Ag:
1043 1099 2973 1269 nern Sie sich noch, wie Sie's uns vor an¬
1046 1255 2990 1459 derthalb Jahren vorgelesen haben, im Som¬
1057 1417 3037 1567 mer, im Wald mir und dem Gustav? Gott, war
1063 1551 3079 1721 das schön! Es ist doch ein merkwürdiger Zu¬
1063 1726 3079 1874 fall, dass nun Gustav grad' die Kritik drü-
1076 1924 1935 2061 ber schreiben mus.
1138 2011 2978 2214 So? er schreibt heut? Das hab' ich gar
839 2044 1090 2211 Werb:
1082 2181 3190 2348 nicht gewusst.) - No, wie geht's denn dem Miz¬
1088 2287 3043 2527 zerl? Das muss ja jetzt schon ein grosses
1085 2546 1768 2663 Fräulein sein.
1099 2649 3140 2808 Nicht schön, dass Sie sich gar nicht um sie
862 2727 1015 2833 Ag:
1107 2819 3204 3037 umschau'n. Freilich is die Mizzerl schon ein
1110 3003 2284 3132 grosses Kind. Drei Jahre.
870 3162 2114 3305 Werb: Redt sie schon was?
1255 3204 2457 3358 Abt 5 Feb. 24 hei Kinder and
873 3257 3112 3497 Ag: Aber alles - überhaupt alles. So g'scheit!
884 3439 3104 3606 Werb: Das ist sehr gut für den Gustab, dass er
1118 3642 1754 3779 ein Kind hat.
887 3737 3129 3963 Ag:r Nicht wahr? Ich sag's auch immer. Das kind
