3560 4216
2590 524 2720 688 60
950 668 1725 877 Werburg, Agathe.
953 891 3137 1001 Diener: Bitte, gnädige, Frau, unterdessen nur
1192 1057 3258 1206 hereinzuspazieren. Ich werde den Herrn Gemal
1195 1195 2193 1378 gleich rufen. /:ab:/
507 1294 823 1480 (salamen)
967 1356 2520 1508 Werburg: Guten Tag, Frau Agathe.
457 1443 801 1590 Bouw Goutte
958 1497 2963 1641 Agathe: O, Herr von Werburg! Sie sind da?
555 1522 826 1674 wesen.
1187 1652 3174 1804 Ich komm' nur schnell herauf, weil ein Te¬
1201 1818 3222 1951 legramm für meinen Mann gekommen ist.- Also
1192 1982 2387 2114 wie ist es denn gegangen?
1254 2120 2850 2249 Danke, gut. Waren Sie nicht drin?
970 2094 1209 2269 Werb:
961 2283 3177 2413 Ag: Nein, ich gehe erst zu einer späteren Vor¬
1209 2433 3222 2562 stellung. Ich geh' selten zu Premièren. Gu¬
1215 2621 2244 2743 stav hat's nicht gern.
967 2757 1846 2906 Werb: Warum denn?
970 2929 3196 3047 Ag: Ja, Sie kennen ihn doch. Er findet, in der
1206 3030 3236 3208 Première sind so viel Bekannte, man wird so
1212 3236 3213 3368 angestarrt,- und er hat's nicht gern, wenn
1206 3366 3120 3512 mich die Leut' anstarren. Ich freu' mich
1218 3557 1660 3690 schon so!
975 3707 3239 3865 Werb: Es ist schon g'scheiter, später hineinzu¬
