3528 4216
2641 413 2794 550 49
1208 548 2959 736 ne Druckerei sehen, mitten in der Ar-
1205 732 2917 899 beit. Ich hab' das noch nie gesehen.
1247 885 3008 1061 Bitte, kommen Sie nur mit. Aber neh¬
1024 943 1194 1066 Ko:
1217 1024 3087 1212 men Sie Ihren Pelz um. Oh! Sie sehen ja
1224 1182 1902 1389 berückend aus!
1268 1333 3022 1500 Ich bin ja noch zu einer Sotrée gela¬
1034 1426 1215 1547 Ad:
1243 1505 3089 1691 den. Ich weiss überhaupt nicht mehr, wo
1243 1654 3010 1846 mir der Kopf steht.- Denken Sie, heut
729 1733 1085 1844 Nammin
1250 1823 2966 1990 Nachmittag um drei war ich im Palais
1252 1990 3068 2139 Wittgenstein - Wiener Wanderungen, Sie
1259 2148 3068 2309 wissen ja? - zum Five o' clock war ich
1268 2276 2947 2453 bet der K###### Gräfin Mysa, dann hab
411 2262 1103 2439 Un et der schreiben
379 2385 959 2599 In der Test
1270 2457 3126 2641 ich meine Tante abgeholt, die Generalin
1261 2597 3073 2759 Meier, zur Première... ja, und Vormit-
369 2578 910 2729 in Auguste
327 2713 1038 2908 einer Thelsch.
1280 2771 3131 2919 tag hab' ich zwei Sitzungen gehabt, ei-
1289 2896 3119 3070 ne im Kinderschutz und dann für den Ba¬
390 2947 820 3108 heauct
1298 3052 3045 3233 zar für die Rettungsgesellschaft. No,
327 3070 1184 3317 7. id hal der krscht
1294 3212 2975 3377 und dann hat man ja vielleicht auch
353 3247 1043 3456 in Carsten.. S. A.
1301 3365 3166 3549 noch mancherlei zu tun, wovon man nicht
399 3426 996 3588 de pâgere.
1317 3549 1700 3721 spricht.
1108 3755 1482 3893 Ko: O!
