3480 4136
2738 251 2875 477 65
985 463 2909 694 weil er halt davon leben muss. Sehen Sie,
994 628 3055 828 ich glaub', wenn ich nicht wär' und die Miz¬
999 771 3009 979 zi, wär' er längst nicht mehr bei der Zeit¬
1002 971 1390 1162 ung. a
1088 1079 3078 1288 Aber er war doch bei der Zeitung, bevor er
759 1102 1022 1339 Werb:
1002 1276 2235 1476 Sie überhaupt gekannt hat.
774 1430 3072 1644 Ag: Aber er hat ja nicht Journalist bleiben wol-
1019 1602 2892 1804 len. Geblieben is er's nur unseretwegen.
1019 1733 2995 1924 Wenn wir nicht waren, könnt' er schreiben,
1022 1873 3055 2087 was er will, könnt' seinen Roman, oder sein
1025 2053 1659 2255 Stück machen.
805 2204 3006 2395 Werb: Müssen denn alle Leut' Stück' schreiben?
1016 2378 2992 2578 Wer weiss, ob er das so gut treffen möcht
1036 2530 2310 2718 wie seine jetzigen Sachen.
1108 2806 2170 2978 Et mortes slaits.
1133 2886 2821 3121 luip doit hent jeder, dever ne jefalle
