3480 4184
2808 338 2935 506 41.
969 458 2957 740 Adele Loser: /:kommt:/ Guten Abend, meine
1150 713 1512 905 Herren.
961 830 3092 1030 Ko: O Fräulein Loser, was verschafft uns das
1160 1006 1655 1198 Vergnügen?
969 1155 2392 1333 Adele: O Herr Dr.Silberstein!
971 1285 2967 1450 Si: Ja, so heiss' ich. Habe die Ehre. Ich
1166 1437 2459 1647 muss in die Druckerei. (Cl.)
969 1631 1932 1794 Ad: Ein Sonderling.
982 1743 3082 1940 Ob: Ein Flegel. - Gratuliere übrigens zu Ih-
1179 1937 2989 2132 rem Feuilleton neulich, Fräulein Loser.
1174 2084 2645 2241 Das Recht der Frau". Sehr gut.
1214 2222 3108 2416 Ja, ich höre allgemein, dass es sehr ge¬
987 2281 1147 2398 Ad:
1187 2427 1711 2549 fallen hat.
1224 2523 2941 2746 Denen haben Sie's gut gegeben. Schon
990 2587 1147 2699 Ob
1190 2672 3132 2879 recht so! Wrd überhaupt ein grosser Krach
1187 2842 2834 3050 kommen mit der ganzen Emanzipation.
1001 2981 3132 3209 Ad: Natürlich! Es ist der Weiber Weh und Ach
1259 3175 3108 3353 .. Der alte Goethe hat immer noch Recht.
995 3335 3138 3523 Ob: Ja, da können tausend Moderne kommen und
1195 3497 3162 3686 sagen, dass der Goethe ein alter Esel war.
1009 3646 2416 3819 Ko: Hab' ich noch nie gehört.
