3544 4104
2718 379 2839 496 21
766 536 2913 708 wollen. Seine Frau ist vor ihm auf den Knieen
766 714 1170 875 gelegen.
783 840 2242 1009 - Markus: Ich geh' wieder fort.
797 998 2922 1179 - Silberst: Du hast's gut, du hast einen rei¬
771 1190 1302 1339 chen Vater.
840 1308 2845 1505 Der alte M. ist froh, dass der Junge wieder
771 1457 1038 1637 geht.
763 1583 2971 1798 7. Kajetan kommt am Schluss. "Ist noch Platz?"
766 1761 3045 1918 Er hat soeben ein neues Stück vollendet. "Es ist
774 1938 3083 2076 kein Platz." Wieder wird der Nekrolog von Epsten
771 2096 2951 2240 hinausgeworfen. Man legt den Satz endlich ganz
771 2228 1789 2420 ab. Der arme Epstein!
