3352 3976
257 175 375 352 1
563 418 2851 576 Kameraden und unsre ganze Bande für den heutigen
576 589 1617 790 Abend aufgenommen hat.
421 744 2637 915 Hans: Der Herr Stanzides, der reiche Kaufmann?
421 873 2792 1110 Br: Ja, ungeheuer reich soll er sein. Zwei grosse
556 1044 2976 1245 Schiffe hat er, die jahraus jahrein für ihn auf Rei
573 1225 2967 1357 sen sind. Von Aslen oder Indien oder von der Türket
425 1357 1468 1505 bringen sie ihm Waren.
418 1462 2710 1666 Walp: So einer nimmt ein Weib? hat er das nötig?
734 1696 2674 1794 Der kann für eine Nacht sich jede kaufen.
402 1831 1133 1969 Hans: Schweig!
402 2005 3052 2157 B: Es denkt eben jede von den Andern wie von sich. Das
556 2160 2960 2275 Fräulein, das Herr Stanzides zur Ehe nimmt, ist aus
550 2334 2960 2440 einer anständigen Bürgerfamilie, ein junges Mädchen
547 2463 2604 2598 von tadellosem Ruf,- Fräulein Agathe Jörger.
392 2598 2855 2736 Hans: Agathe! heut! - So ist sie nicht vermählt bis
2690 2716 2983 2828 jetzt!
395 2789 2980 2911 Br: Der Herr Baron kennen das Fräulein? - Schon zweimal
537 2901 2937 3042 war die Hochzeit angesetzt und immer wieder ist sie
540 3039 2845 3200 verschoben worden. Das Fräulein soll keine rechte
520 3256 2901 3391 Lust gehabt haben. Aber der reiche Stanzides lässt
537 3401 1389 3516 sich's was kosten.
382 3464 2845 3684 Walp: Ein närrisch Volk, die Männer! Sollten lieber
