3352 4008
2860 295 2959 485 2
539 479 2902 606 Monate zu ihm kommt. Eine merkwürdige Liebe zu Un-
542 618 3070 774 glücklichen. Der Freund geht mit dem Frauenzimmer weg.
780 748 2956 951 Mit seinem Geld ist's zu Ende. Jetzt fing' das
555 970 2956 1088 Versetzen an. Es wäre langsamer, die Kleider würden
555 1135 2426 1237 schäbig werden, das Essen immer weniger.
786 1234 3016 1437 Endlich kommt Agatheim Brautkleid, die Hochzeit
558 1357 3111 1538 ist vorbei. Hier bin ich! Mit einem Mal hab' ich einen
558 1570 3086 1719 solchen Ekel vor ihm bekommen. Sie hat einen Shwal um,
568 1709 3111 1833 den einzigen der Art, wunderbar gewebt. Ich habe dich
571 1881 3013 2017 geliebt, nur dich! Ein Fabriksbesitzer, Roh, ist ihr
568 2014 2864 2156 Bräutigam. Ich komme, mit dir sterben. Wie wär's,
571 2182 3029 2312 wenn wir zusammen leben würden? Erinnerung an ihr er
571 2312 3035 2518 stes Zusammentreffen heuer im Winter, wie er vor dem
574 2518 1858 2626 Fenster auf und abgegangen.
856 2626 3108 2762 Der Diener, heut entlässt er ihn. Wir reisen ab.
584 2794 3041 2921 Gnädiger Herr, zur Bahn. Nein, nein, bring' uns noch
577 2984 1862 3079 Essen von drüben, dann geh.
815 3038 3082 3247 Wir wär's, wenn wir wirklich reisen würden? Drei
580 3263 3063 3390 Tage. Arbeiten, was? Weit kamen wir ja schnell; über-
580 3396 2962 3542 all gehen schon die Eisenbahnen. Aber dann... Also
593 3564 3098 3714 seien wir entschlossen. Aber du sollst nur in den Tod
