3320 3960
2645 343 2738 527 4
409 395 2908 648 sofort weiterspielen.- Urban, stimme deine Geige! Wir
402 624 3030 797 wollen den Tanz zu Ende spielen, den wir soeben angefan-
395 766 891 964 gen haben.
250 929 510 1061 Hans.
773 919 2704 1147 Vor sieben Stunden habt ihr ihn begonnen!
236 1075 1719 1286 Bratsch; Hol' dich der Teufel!
239 1224 2510 1470 Flöt: So fangen wir wieder von vorn an.- Urban!
232 1404 492 1553 Hans:
735 1386 2822 1560 Ich sagt' euch schon: zu Ende ist das Fest!
731 1536 2766 1785 Entlassen seid ihr! Greift in eure Taschen,
728 1688 2773 1882 Ob euer Lohn euch recht. Ich geb ihn euch,
728 1868 3023 2055 Als ihr nicht mehr so wach wart, als Ihr meintet.
211 1997 3005 2215 Bratsch.:findet eine Banknote in seiner Tasche:/ Das ist
350 2180 1321 2354 für uns, Herr Baron?
201 2250 464 2471 Hans:
697 2367 2797 2499 Für dich.- Dein Kamerad hat schon sein Teil.
194 2454 2946 2655 Flöt: Herr Baron, ich küsse die Hand. Das ist wirklich zu
343 2620 2932 2822 viel! — Bitte, was befehlen der Herr Baron weiter? Soll
336 2822 2839 2991 ich vielleicht eine Serenade... ein Morgenständchen...
184 2939 440 3168 Hans:
700 2984 2752 3165 Nichts mehr! Ich hab' genug von euerm Spiel,
697 3151 2672 3303 So hübsch es war. Geht, Andre zu erfreu'n,
686 3265 2586 3491 Beim Landgut oder bei der goldnen Birne.
