<?xml version="1.0" encoding="UTF-8" standalone="yes"?>
<PcGts xmlns="http://schema.primaresearch.org/PAGE/gts/pagecontent/2013-07-15" xmlns:xsi="http://www.w3.org/2001/XMLSchema-instance" xsi:schemaLocation="http://schema.primaresearch.org/PAGE/gts/pagecontent/2013-07-15 http://schema.primaresearch.org/PAGE/gts/pagecontent/2013-07-15/pagecontent.xsd">
    <Metadata>
        <Creator>prov=READ-COOP:name=TrHtr:version=2.1.0:model_id=51170:date=28_07_2023_19:47</Creator>
        <Created>2023-05-10T11:55:13.341+02:00</Created>
        <LastChange>2023-07-28T19:47:47.263+02:00</LastChange>
        <TranskribusMetadata docId="1428178" pageId="55393948" pageNr="38" tsid="131374187" status="IN_PROGRESS" userId="64420" imgUrl="https://files.transkribus.eu/Get?id=GIRCBRNYNANSNNVVOJGDIZDR&amp;fileType=view" xmlUrl="https://files.transkribus.eu/Get?id=FHIGPEBFNVFFVLZFWDPRSBHG" imageId="44668833"/>
    </Metadata>
    <Page imageFilename="1428178_0038.jpg" imageWidth="3320" imageHeight="3992">
        <ReadingOrder>
            <OrderedGroup id="ro_1711801314762" caption="Regions reading order">
                <RegionRefIndexed index="0" regionRef="tr_1"/>
                <RegionRefIndexed index="1" regionRef="tr_2"/>
            </OrderedGroup>
        </ReadingOrder>
        <TextRegion id="tr_1" custom="readingOrder {index:0;}">
            <Coords points="480,367 3138,367 3138,2462 480,2462"/>
            <TextLine id="tr_1_tl_1" custom="readingOrder {index:0;}">
                <Coords points="2612,441 2632,449 2652,438 2676,444 2687,435 2710,432 2728,446 2742,446 2748,345 2710,351 2710,345 2699,348 2690,336 2684,342 2673,336 2638,357 2615,348"/>
                <Baseline points="2631,420 2664,420 2709,417 2753,417"/>
                <TextEquiv>
                    <Unicode>24</Unicode>
                </TextEquiv>
            </TextLine>
            <TextLine id="tr_1_tl_2" custom="readingOrder {index:1;}">
                <Coords points="791,649 2876,646 2878,501 2377,504 2052,420 1858,530 1446,438 794,516"/>
                <Baseline points="808,578 823,581 868,581 912,581 957,578 1002,584 1047,578 1091,578 1136,578 1181,575 1226,575 1270,575 1315,578 1360,575 1405,578 1450,578 1494,578 1539,578 1584,578 1629,578 1673,578 1718,578 1763,578 1808,575 1852,578 1897,578 1942,575 1987,578 2031,578 2076,575 2121,575 2166,578 2210,578 2255,575 2300,575 2345,572 2389,572 2434,575 2479,575 2524,575 2568,578 2613,581 2658,578 2703,575 2747,575 2792,572 2837,572 2882,563"/>
                <TextEquiv>
                    <Unicode>Das wir versäumt! O Lieber, halt' mich fest!</Unicode>
                </TextEquiv>
            </TextLine>
            <TextLine id="tr_1_tl_3" custom="readingOrder {index:2;}">
                <Coords points="487,777 2081,786 2081,664 487,649"/>
                <Baseline points="504,748 522,742 566,739 611,739 656,739 701,739 745,739 790,739 835,739 880,739 924,736 969,736 1014,739 1059,736 1103,736 1148,736 1193,736 1238,736 1282,736 1327,736 1372,736 1417,736 1461,736 1506,733 1551,736 1596,736 1640,736 1685,736 1730,736 1775,736 1819,736 1864,736 1909,733 1954,733 1998,733 2043,730 2088,730"/>
                <TextEquiv>
                    <Unicode>/:Hans: Wie trunken ist dein Wort!</Unicode>
                </TextEquiv>
            </TextLine>
            <TextLine id="tr_1_tl_4" custom="readingOrder {index:3;}">
                <Coords points="2067,957 2119,965 2209,910 2371,919 2455,971 2536,928 2820,968 2934,945 2936,768 2826,815 2661,823 2571,797 2519,826 2470,788 2383,820 2186,780 2070,794"/>
                <Baseline points="2082,883 2127,886 2172,886 2216,889 2261,889 2306,889 2351,892 2395,889 2440,889 2485,886 2530,889 2574,886 2619,886 2664,886 2709,883 2753,883 2798,883 2843,883 2888,886 2932,886 2938,886"/>
                <TextEquiv>
                    <Unicode>Von jähem Wachsein</Unicode>
                </TextEquiv>
            </TextLine>
            <TextLine id="tr_1_tl_5" custom="readingOrder {index:4;}">
                <Coords points="562,983 588,980 609,997 620,988 644,1003 661,986 696,1000 710,988 733,988 733,829 690,823 667,803 597,844 583,832 562,832"/>
                <Baseline points="578,895 623,898 668,898 713,898 742,898"/>
                <TextEquiv>
                    <Unicode>Ag:</Unicode>
                </TextEquiv>
            </TextLine>
            <TextLine id="tr_1_tl_6" custom="readingOrder {index:5;}">
                <Coords points="846,1096 1438,1061 1600,1139 2273,1070 2386,1148 2536,1073 3134,1090 3134,980 2847,954 846,965"/>
                <Baseline points="862,1050 901,1047 945,1050 990,1050 1035,1050 1080,1050 1124,1050 1169,1050 1214,1050 1259,1047 1303,1047 1348,1050 1393,1050 1438,1047 1482,1047 1527,1047 1572,1047 1617,1050 1661,1050 1706,1047 1751,1047 1796,1047 1840,1047 1885,1044 1930,1047 1975,1047 2019,1047 2064,1044 2109,1044 2154,1044 2198,1044 2243,1047 2288,1044 2333,1047 2377,1044 2422,1044 2467,1044 2512,1041 2556,1044 2601,1044 2646,1044 2691,1044 2735,1044 2780,1041 2825,1044 2870,1041 2914,1041 2959,1041 3004,1044 3049,1044 3093,1044 3138,1044"/>
                <TextEquiv>
                    <Unicode>Bin ich berauscht, aus tiefem Schlafe komm ich. :/</Unicode>
                </TextEquiv>
            </TextLine>
            <TextLine id="tr_1_tl_7" custom="readingOrder {index:6;}">
                <Coords points="797,1220 983,1304 1267,1217 1583,1310 1994,1212 2374,1281 2678,1226 2678,1107 797,1136"/>
                <Baseline points="814,1205 850,1205 895,1202 939,1202 984,1205 1029,1205 1074,1205 1118,1205 1163,1205 1208,1205 1253,1205 1297,1202 1342,1205 1387,1205 1432,1202 1476,1205 1521,1205 1566,1205 1611,1202 1655,1205 1700,1202 1745,1202 1790,1202 1834,1199 1879,1199 1924,1199 1969,1199 2013,1196 2058,1199 2103,1199 2148,1199 2192,1199 2237,1199 2282,1199 2327,1199 2371,1199 2416,1196 2461,1196 2506,1196 2550,1196 2595,1199 2640,1199 2685,1202"/>
                <TextEquiv>
                    <Unicode>Besinne dich, erzähl' mir von den Tagen,</Unicode>
                </TextEquiv>
            </TextLine>
            <TextLine id="tr_1_tl_8" custom="readingOrder {index:7;}">
                <Coords points="467,1258 490,1261 519,1241 539,1249 603,1241 658,1278 713,1270 713,1116 670,1125 652,1142 606,1122 562,1133 551,1122 510,1128 501,1119 467,1128"/>
                <Baseline points="483,1208 495,1208 540,1205 584,1205 629,1205 674,1208 719,1205"/>
                <TextEquiv>
                    <Unicode>Hans:</Unicode>
                </TextEquiv>
            </TextLine>
            <TextLine id="tr_1_tl_9" custom="readingOrder {index:8;}">
                <Coords points="800,1386 1412,1452 1771,1394 1989,1444 2125,1377 2551,1403 2551,1299 2441,1267 1962,1325 1806,1258 1577,1316 800,1287"/>
                <Baseline points="817,1360 862,1357 907,1360 951,1360 996,1360 1041,1360 1086,1360 1130,1357 1175,1360 1220,1360 1265,1360 1309,1363 1354,1363 1399,1363 1444,1363 1488,1363 1533,1360 1578,1360 1623,1360 1667,1357 1712,1357 1757,1357 1802,1357 1846,1357 1891,1357 1936,1357 1981,1357 2025,1357 2070,1357 2115,1357 2160,1357 2204,1357 2249,1351 2294,1354 2339,1354 2383,1354 2428,1354 2473,1354 2518,1357 2556,1360"/>
                <TextEquiv>
                    <Unicode>Und Nächten, die du ohne mich gelebt.</Unicode>
                </TextEquiv>
            </TextLine>
            <TextLine id="tr_1_tl_10" custom="readingOrder {index:9;}">
                <Coords points="788,1577 1102,1525 1226,1597 1707,1531 2861,1574 2864,1441 2623,1394 1780,1467 1499,1400 791,1458"/>
                <Baseline points="808,1518 811,1518 856,1518 901,1518 945,1518 990,1518 1035,1518 1080,1515 1124,1515 1169,1515 1214,1515 1259,1515 1303,1515 1348,1518 1393,1515 1438,1512 1482,1512 1527,1512 1572,1515 1617,1512 1661,1509 1706,1512 1751,1512 1796,1512 1840,1512 1885,1512 1930,1512 1975,1512 2019,1509 2064,1509 2109,1509 2154,1509 2198,1509 2243,1509 2288,1509 2333,1509 2377,1509 2422,1509 2467,1512 2512,1512 2556,1512 2601,1512 2646,1512 2691,1512 2735,1509 2780,1506 2825,1506 2870,1503"/>
                <TextEquiv>
                    <Unicode>All das ist mein- gieb's mir zurück, Agathe!</Unicode>
                </TextEquiv>
            </TextLine>
            <TextLine id="tr_1_tl_11" custom="readingOrder {index:10;}">
                <Coords points="490,1728 2786,1690 2786,1594 2293,1568 1696,1632 490,1577"/>
                <Baseline points="507,1682 510,1679 554,1676 599,1676 644,1679 689,1676 733,1682 778,1676 823,1679 868,1676 912,1679 957,1676 1002,1673 1047,1673 1091,1673 1136,1676 1181,1673 1226,1673 1270,1673 1315,1673 1360,1673 1405,1673 1450,1670 1494,1670 1539,1667 1584,1670 1629,1670 1673,1667 1718,1664 1763,1664 1808,1667 1852,1667 1897,1667 1942,1667 1987,1670 2031,1670 2076,1670 2121,1670 2166,1670 2210,1667 2255,1667 2300,1667 2345,1667 2389,1667 2434,1667 2479,1667 2524,1667 2568,1664 2613,1664 2658,1664 2703,1664 2747,1661 2792,1661"/>
                <TextEquiv>
                    <Unicode>/:Ag: o frag' mich nicht - ich bin ja wieder da!</Unicode>
                </TextEquiv>
            </TextLine>
            <TextLine id="tr_1_tl_12" custom="readingOrder {index:11;}">
                <Coords points="565,1902 687,1922 806,1841 884,1873 1174,1878 1284,1847 1336,1873 1432,1855 1432,1745 1226,1783 1177,1745 1107,1774 1020,1722 954,1760 838,1745 736,1786 565,1762"/>
                <Baseline points="581,1831 584,1831 629,1831 674,1831 719,1831 763,1831 808,1828 853,1831 898,1831 942,1828 987,1828 1032,1828 1077,1828 1121,1825 1166,1825 1211,1825 1256,1825 1300,1825 1345,1825 1390,1822 1435,1822"/>
                <TextEquiv>
                    <Unicode>Hans:Das Eine nur!</Unicode>
                </TextEquiv>
            </TextLine>
            <TextLine id="tr_1_tl_13" custom="readingOrder {index:12;}">
                <Coords points="1493,2018 1641,1997 1731,2015 1757,2038 1858,2026 1890,2003 1948,2020 1948,1896 1849,1925 1760,1896 1690,1919 1646,1904 1618,1916 1589,1893 1557,1925 1539,1913 1493,1936"/>
                <Baseline points="1509,1981 1554,1981 1599,1984 1643,1984 1688,1987 1733,1984 1778,1984 1822,1981 1867,1981 1912,1981 1954,1984"/>
                <TextEquiv>
                    <Unicode>Was denn?</Unicode>
                </TextEquiv>
            </TextLine>
            <TextLine id="tr_1_tl_14" custom="readingOrder {index:13;}">
                <Coords points="562,2081 586,2076 600,2081 670,2020 722,2009 722,1902 707,1902 687,1922 661,1913 638,1931 617,1925 580,1954 559,1948"/>
                <Baseline points="575,1993 620,1993 665,1993 710,1993 730,1996"/>
                <TextEquiv>
                    <Unicode>Ag:</Unicode>
                </TextEquiv>
            </TextLine>
            <TextLine id="tr_1_tl_15" custom="readingOrder {index:14;}">
                <Coords points="1962,2183 2183,2191 2247,2160 2331,2194 2464,2165 2528,2197 2754,2197 2820,2168 2820,1989 2470,2076 2389,2044 2220,2084 1962,2067"/>
                <Baseline points="1978,2130 2022,2133 2067,2133 2112,2133 2157,2133 2201,2133 2246,2133 2291,2133 2336,2133 2380,2130 2425,2133 2470,2133 2515,2130 2559,2130 2604,2130 2649,2130 2694,2130 2738,2133 2783,2133 2828,2130"/>
                <TextEquiv>
                    <Unicode>Warum erst heut? :/</Unicode>
                </TextEquiv>
            </TextLine>
            <TextLine id="tr_1_tl_16" custom="readingOrder {index:15;}">
                <Coords points="568,2171 597,2174 615,2165 646,2180 675,2168 690,2174 710,2154 748,2171 817,2154 817,2076 800,2073 780,2090 762,2084 751,2096 728,2084 667,2096 620,2067 600,2081 568,2078"/>
                <Baseline points="584,2145 602,2142 647,2142 692,2142 736,2142 781,2145 826,2142"/>
                <TextEquiv>
                    <Unicode>Hans:</Unicode>
                </TextEquiv>
            </TextLine>
            <TextLine id="tr_1_tl_17" custom="readingOrder {index:16;}">
                <Coords points="797,2336 2820,2328 3064,2293 3064,2154 2852,2238 2751,2174 797,2220"/>
                <Baseline points="814,2297 832,2300 877,2297 921,2297 966,2297 1011,2297 1056,2294 1100,2297 1145,2297 1190,2294 1235,2294 1279,2294 1324,2294 1369,2294 1414,2294 1458,2294 1503,2294 1548,2294 1593,2294 1637,2294 1682,2294 1727,2294 1772,2294 1816,2294 1861,2297 1906,2294 1951,2294 1996,2291 2040,2291 2085,2288 2130,2288 2175,2291 2219,2291 2264,2291 2309,2291 2354,2288 2398,2288 2443,2288 2488,2288 2533,2285 2577,2285 2622,2285 2667,2288 2712,2288 2756,2288 2801,2288 2846,2288 2891,2285 2935,2285 2980,2285 3025,2282 3070,2276"/>
                <TextEquiv>
                    <Unicode>Lass’ mich bei dir und frag' mich nicht und küss</Unicode>
                </TextEquiv>
            </TextLine>
            <TextLine id="tr_1_tl_18" custom="readingOrder {index:17;}">
                <Coords points="464,2316 481,2316 519,2333 545,2328 554,2336 591,2313 615,2325 641,2322 641,2226 620,2226 591,2252 557,2247 533,2223 510,2238 484,2212 464,2209"/>
                <Baseline points="480,2303 525,2303 569,2303 614,2303 647,2306"/>
                <TextEquiv>
                    <Unicode>Ag:</Unicode>
                </TextEquiv>
            </TextLine>
            <TextLine id="tr_1_tl_19" custom="readingOrder {index:18;}">
                <Coords points="2844,2371 2876,2368 2913,2391 2945,2377 2968,2389 3000,2371 3087,2406 3087,2299 2968,2307 2945,2293 2844,2325"/>
                <Baseline points="2861,2365 2870,2362 2914,2359 2959,2362 3004,2362 3049,2359 3093,2359"/>
                <TextEquiv>
                    <Unicode>mich!</Unicode>
                </TextEquiv>
            </TextLine>
            <TextLine id="tr_1_tl_20" custom="readingOrder {index:19;}">
                <Coords points="791,2531 2739,2452 2739,2377 2606,2360 2076,2403 1719,2345 1386,2409 791,2331"/>
                <Baseline points="808,2452 823,2452 868,2452 912,2452 957,2449 1002,2452 1047,2449 1091,2452 1136,2449 1181,2452 1226,2452 1270,2452 1315,2452 1360,2452 1405,2452 1450,2449 1494,2449 1539,2449 1584,2449 1629,2449 1673,2446 1718,2443 1763,2446 1808,2446 1852,2449 1897,2446 1942,2446 1987,2449 2031,2446 2076,2446 2121,2443 2166,2443 2210,2443 2255,2443 2300,2443 2345,2443 2389,2443 2434,2440 2479,2443 2524,2440 2568,2443 2613,2443 2658,2446 2703,2443 2747,2443"/>
                <TextEquiv>
                    <Unicode>Es soll ein Abend sein wie diesen Herbst,</Unicode>
                </TextEquiv>
            </TextLine>
        </TextRegion>
        <TextRegion id="tr_2" custom="readingOrder {index:1;}">
            <Coords points="483,2545 3120,2545 3120,3751 483,3751"/>
            <TextLine id="tr_2_tl_1" custom="readingOrder {index:0;}">
                <Coords points="794,2647 2954,2667 2934,2516 794,2528"/>
                <Baseline points="811,2610 814,2607 859,2607 904,2604 948,2601 993,2604 1038,2604 1083,2604 1127,2601 1172,2601 1217,2604 1262,2604 1306,2604 1351,2604 1396,2607 1441,2607 1485,2607 1530,2604 1575,2607 1620,2601 1664,2601 1709,2601 1754,2601 1799,2601 1843,2601 1888,2601 1933,2604 1978,2601 2022,2598 2067,2598 2112,2598 2157,2598 2201,2598 2246,2598 2291,2598 2336,2595 2380,2595 2425,2598 2470,2598 2515,2598 2559,2598 2604,2598 2649,2598 2694,2595 2738,2595 2783,2598 2828,2598 2873,2598 2917,2601 2962,2595"/>
                <TextEquiv>
                    <Unicode>Nur schöner, weil es. heut kein Scheiden giebt,</Unicode>
                </TextEquiv>
            </TextLine>
            <TextLine id="tr_2_tl_2" custom="readingOrder {index:1;}">
                <Coords points="800,2809 2986,2800 2986,2702 2855,2667 800,2681"/>
                <Baseline points="817,2759 844,2759 889,2759 933,2762 978,2765 1023,2759 1068,2759 1112,2759 1157,2759 1202,2759 1247,2759 1291,2759 1336,2762 1381,2762 1426,2759 1470,2762 1515,2759 1560,2759 1605,2759 1649,2756 1694,2756 1739,2756 1784,2756 1828,2756 1873,2756 1918,2759 1963,2759 2007,2759 2052,2759 2097,2756 2142,2756 2186,2753 2231,2753 2276,2753 2321,2753 2365,2753 2410,2753 2455,2753 2500,2753 2544,2753 2589,2753 2634,2753 2679,2753 2723,2753 2768,2750 2813,2750 2858,2750 2903,2753 2947,2753 2992,2753"/>
                <TextEquiv>
                    <Unicode>Und gar nichts Niedres, das nur solche kümmert,</Unicode>
                </TextEquiv>
            </TextLine>
            <TextLine id="tr_2_tl_3" custom="readingOrder {index:2;}">
                <Coords points="788,2954 2873,2939 2873,2849 2681,2812 988,2870 788,2820"/>
                <Baseline points="805,2917 817,2917 862,2914 907,2911 951,2911 996,2914 1041,2914 1086,2917 1130,2914 1175,2914 1220,2914 1265,2914 1309,2914 1354,2914 1399,2914 1444,2914 1488,2914 1533,2914 1578,2911 1623,2914 1667,2914 1712,2911 1757,2914 1802,2914 1846,2914 1891,2914 1936,2914 1981,2914 2025,2914 2070,2911 2115,2911 2160,2911 2204,2908 2249,2908 2294,2908 2339,2908 2383,2905 2428,2905 2473,2905 2518,2905 2562,2905 2607,2905 2652,2905 2697,2905 2741,2905 2786,2905 2831,2908 2876,2908"/>
                <TextEquiv>
                    <Unicode>Für die ein Morgen ist... Lös' mir das Tuch.</Unicode>
                </TextEquiv>
            </TextLine>
            <TextLine id="tr_2_tl_4" custom="readingOrder {index:3;}">
                <Coords points="797,3110 2345,3148 2539,3070 2963,3163 3015,2968 797,3003"/>
                <Baseline points="814,3076 829,3073 874,3073 918,3073 963,3073 1008,3073 1053,3073 1097,3073 1142,3073 1187,3073 1232,3073 1276,3073 1321,3073 1366,3070 1411,3070 1455,3073 1500,3070 1545,3067 1590,3067 1634,3070 1679,3070 1724,3070 1769,3070 1814,3070 1858,3070 1903,3067 1948,3067 1993,3064 2037,3067 2082,3064 2127,3064 2172,3064 2216,3064 2261,3067 2306,3064 2351,3064 2395,3064 2440,3064 2485,3064 2530,3064 2574,3061 2619,3061 2664,3064 2709,3064 2753,3064 2798,3064 2843,3064 2888,3064 2932,3064 2977,3064 3022,3061"/>
                <TextEquiv>
                    <Unicode>Nein, ich ertrag' es nicht! Wie Schleter liegen</Unicode>
                </TextEquiv>
            </TextLine>
            <TextLine id="tr_2_tl_5" custom="readingOrder {index:4;}">
                <Coords points="467,3116 490,3122 519,3107 542,3128 565,3125 606,3093 716,3119 716,3012 699,3012 684,2997 649,3029 617,3018 600,3026 568,3009 467,3015"/>
                <Baseline points="483,3079 498,3079 543,3076 587,3076 632,3076 677,3076 722,3073"/>
                <TextEquiv>
                    <Unicode>Hans:</Unicode>
                </TextEquiv>
            </TextLine>
            <TextLine id="tr_2_tl_6" custom="readingOrder {index:5;}">
                <Coords points="800,3261 1374,3284 1597,3226 2006,3305 2171,3261 2235,3319 2687,3270 2687,3151 2484,3105 1780,3174 800,3134"/>
                <Baseline points="817,3225 862,3228 907,3225 951,3225 996,3228 1041,3228 1086,3228 1130,3228 1175,3225 1220,3225 1265,3225 1309,3225 1354,3225 1399,3225 1444,3225 1488,3225 1533,3225 1578,3225 1623,3228 1667,3225 1712,3225 1757,3225 1802,3225 1846,3222 1891,3225 1936,3222 1981,3222 2025,3222 2070,3222 2115,3222 2160,3222 2204,3222 2249,3222 2294,3222 2339,3222 2383,3222 2428,3222 2473,3219 2518,3219 2562,3219 2607,3219 2652,3222 2694,3225"/>
                <TextEquiv>
                    <Unicode>Vor deiner Seele all die vielen Stunden,</Unicode>
                </TextEquiv>
            </TextLine>
            <TextLine id="tr_2_tl_7" custom="readingOrder {index:6;}">
                <Coords points="786,3400 3116,3450 3078,3284 786,3307"/>
                <Baseline points="802,3392 838,3389 883,3386 927,3386 972,3386 1017,3386 1062,3386 1106,3386 1151,3383 1196,3386 1241,3383 1285,3383 1330,3386 1375,3380 1420,3383 1464,3383 1509,3383 1554,3383 1599,3383 1643,3386 1688,3386 1733,3383 1778,3386 1822,3386 1867,3383 1912,3383 1957,3380 2001,3380 2046,3380 2091,3380 2136,3377 2180,3380 2225,3380 2270,3377 2315,3380 2359,3377 2404,3377 2449,3377 2494,3377 2539,3377 2583,3377 2628,3380 2673,3377 2718,3377 2762,3374 2807,3377 2852,3377 2897,3380 2941,3377 2986,3377 3031,3377 3076,3377 3120,3374"/>
                <TextEquiv>
                    <Unicode>Die du mir fern warst. Lass' wie diesen (Shawf) sie</Unicode>
                </TextEquiv>
            </TextLine>
            <TextLine id="tr_2_tl_8" custom="readingOrder {index:7;}">
                <Coords points="783,3586 2122,3554 2719,3652 2742,3421 2061,3490 783,3452"/>
                <Baseline points="799,3544 844,3544 889,3544 933,3547 978,3547 1023,3547 1068,3547 1112,3547 1157,3547 1202,3550 1247,3547 1291,3544 1336,3547 1381,3547 1426,3544 1470,3544 1515,3547 1560,3544 1605,3544 1649,3544 1694,3547 1739,3544 1784,3544 1828,3541 1873,3541 1918,3541 1963,3541 2007,3541 2052,3541 2097,3541 2142,3541 2186,3538 2231,3538 2276,3538 2321,3538 2365,3538 2410,3535 2455,3535 2500,3535 2544,3532 2589,3532 2634,3535 2679,3538 2723,3541 2750,3547"/>
                <TextEquiv>
                    <Unicode>Zur Erde gleiten, dass ich dich erblicke!</Unicode>
                </TextEquiv>
            </TextLine>
            <TextLine id="tr_2_tl_9" custom="readingOrder {index:8;}">
                <Coords points="800,3757 1687,3809 1780,3739 2023,3792 2148,3719 2618,3800 2620,3638 2467,3609 1803,3664 1632,3580 1284,3667 803,3623"/>
                <Baseline points="817,3714 862,3723 907,3726 951,3732 996,3738 1041,3738 1086,3741 1130,3741 1175,3741 1220,3738 1265,3738 1309,3738 1354,3735 1399,3735 1444,3732 1488,3732 1533,3729 1578,3732 1623,3729 1667,3729 1712,3729 1757,3729 1802,3726 1846,3723 1891,3723 1936,3720 1981,3720 2025,3720 2070,3717 2115,3717 2160,3714 2204,3711 2249,3711 2294,3711 2339,3711 2383,3708 2428,3711 2473,3711 2518,3711 2562,3714 2607,3717 2625,3726"/>
                <TextEquiv>
                    <Unicode>So schauert mir vor dir. Erinnre dich</Unicode>
                </TextEquiv>
            </TextLine>
        </TextRegion>
    </Page>
</PcGts>
