3304 3976
2789 288 2926 480 38
377 457 642 620 Hans:
2367 460 2898 642 Vielleicht.
745 614 2821 799 Doch komm, wir wollen nun zu Bett. Kostbarer
748 819 2390 945 Sind Augenblicke nie gewesen. Komm!
739 951 2709 1113 Wir wollen dieses weisse Kleid zerreissen,
734 1076 2567 1268 Nach deinem Halse dürsten meine Lippen,
737 1245 2749 1416 Die Wärme deines Leibs lass' mich umfangen,
739 1410 2638 1565 So kann uns auch der Tod nur Beide haben,
739 1553 2544 1713 Wenn in vereinten Gluten er uns findet.
731 1696 1405 1879 O kommI o komm!
354 1827 511 2007 Ag:
1450 1841 2958 2056 Lass' mich! du machst mir Angst!
719 2013 2846 2198 Ich meine, hab' Geduld... sieh meine Hände...
717 2207 2886 2375 Sünd noch ganz warm, so ist der Tod noch fern.
717 2313 2898 2484 Ich will nicht, dass du so in Hast mich nimmst!
719 2490 2806 2687 Noch hab' ich dieses Glas nicht ganz geleert.
717 2629 3006 2815 Wer weiss, wie lang es währt, und ich muss leiden
697 2795 2772 2975 Das will ich nicht! Warum nicht sagtest du's
