3304 3992
2672 226 2795 420 29
777 423 2644 551 Und später lachten wir und tranken Wein,
765 574 2370 705 Und selig waren wir und waren müd.
765 674 2983 899 Und plötzlich riefst du mich. Ich riss mich los
771 888 2895 1002 Und schlich mich durch den Saal-und durch de
2624 991 2961 1125 Garten,
768 1048 2798 1208 Lief ich davon und durch die stillen Gassen
771 1159 2524 1336 Und Über diesen weiten Platz und über
771 1296 3055 1525 Die Brücke und durch's Tor - es folgt' mir Keiner
762 1456 2818 1633 Und Keiner ahnt, wohin die Braut verschwand.
825 1627 2921 1827 Ah! nimm mich, Hans! küss' endlich ganz mich
2761 1773 2995 1919 wach!
394 1807 642 1953 Hans:
774 1816 2812 1953 Ahnst du's nur selbst? Du bist an einem Ort,
768 1981 2766 2116 Aus dem's kein Wiederkehren für dich giebt.
765 2147 1479 2270 Den sucht' ich.
480 2096 660 2270 Ag:
1447 2284 2829 2430 Bist du dess' gewiss, Agathe?
388 2290 648 2415 Hans:
762 2435 2906 2558 Wär' ich sonst da? und hast du nicht gewartet?
400 2475 557 2575 Ag:
388 2561 634 2729 Hans:
757 2601 2675 2707 Lass' uns von allen Lügen jetzt befrei'n!
757 2718 2886 2875 Dies ist kein Mahl, das ich für dich bereitet,
757 2875 2570 3055 Dies blieb von einem jämmerlichen Fest,
754 3052 2581 3195 Das Dirnen hier mit mir gefeiert haben.
754 3206 2944 3349 Was geht’s mich an? Uns band kein ärmlich Wort.
385 3229 548 3349 Ag:
757 3357 3052 3529 Frei ging ich von dir, XXX frat bliebst du zurück
748 3492 2595 3700 Bereit ein Jeder, nochmals unser Dasein
