3320 3976
2882 264 3006 434 18
1882 360 2300 506 pigt with
723 418 2712 613 Und was ich oft geehnt, ergebt sich wahr.
448 580 1508 786 Hans: Was ahntest du?
1517 720 2789 926 Dass du bei uns... bei mir,
462 767 626 962 Gg:
769 923 2981 1066 ... Dass du bei uns nie heimisch warst. Ein Aus¬
2695 1008 2962 1121 run 'n
791 1044 2893 1239 Vom Leben war dir unsres Hauses Freundschaft,
783 1201 2671 1385 Das Leben selbst lag dir auf anderm Weg,
783 1396 2569 1574 Auf dem du nun so eilig weiterhastest,
786 1511 2769 1701 Dass du geschwind ans End' gelangen musst.
783 1670 2937 1822 Sehr wahr! Das End' ist näher, als du glaubst.
456 1681 709 1885 Hans:
544 1868 2717 2025 Ich dank' dir, dass du Abschied nehmen kommst.
786 2019 2921 2154 So, Hans, war's nicht gemeint. Nicht Abschied
481 2036 621 2176 Gg:
2514 2096 2852 2272 nehmen,
786 2160 2525 2300 An etwas dich zu mahnen, kam ich her.
783 2291 2720 2456 Tu' deine Augen auf! Die Zeit ist gross!
794 2429 2459 2638 Und deinem planlos ungestümen Leben
794 2583 2679 2811 Das du ins Leere freudlos unnützwirfst,
802 2775 2715 2948 Seh' ich ein Ziel und einen Sinn gesetzt.
794 2901 1789 3121 Versteh' ich dich?...
467 2948 720 3094 Hans
1668 3041 2841 3248 Des ganzen Landes Jugend
475 3118 621 3281 Gg¬
797 3209 2951 3404 Strömt zu den Fahnen, Hans. Undwo bleibst dur
794 3360 2866 3574 Wie fern her klingt mir alles, was du sagst!
467 3454 714 3591 Hans:
800 3525 2550 3761 Was hab' ich noch mit alledem zu tun?
