<?xml version="1.0" encoding="UTF-8" standalone="yes"?>
<PcGts xmlns="http://schema.primaresearch.org/PAGE/gts/pagecontent/2013-07-15" xmlns:xsi="http://www.w3.org/2001/XMLSchema-instance" xsi:schemaLocation="http://schema.primaresearch.org/PAGE/gts/pagecontent/2013-07-15 http://schema.primaresearch.org/PAGE/gts/pagecontent/2013-07-15/pagecontent.xsd">
    <Metadata>
        <Creator>prov=READ-COOP:name=TrHtr:version=2.1.0:model_id=51170:date=28_07_2023_19:47</Creator>
        <Created>2023-05-10T11:55:12.256+02:00</Created>
        <LastChange>2023-07-28T19:47:44.416+02:00</LastChange>
        <TranskribusMetadata docId="1428178" pageId="55393884" pageNr="30" tsid="131374177" status="IN_PROGRESS" userId="64420" imgUrl="https://files.transkribus.eu/Get?id=ZSNKZCBCLYAVSGYTXPOYZIQE&amp;fileType=view" xmlUrl="https://files.transkribus.eu/Get?id=UZWDNVOSGGMWXJGXSGNYPYRN" imageId="44668770"/>
    </Metadata>
    <Page imageFilename="1428178_0030.jpg" imageWidth="3288" imageHeight="3976">
        <ReadingOrder>
            <OrderedGroup id="ro_1711801306889" caption="Regions reading order">
                <RegionRefIndexed index="0" regionRef="tr_2"/>
                <RegionRefIndexed index="1" regionRef="tr_1"/>
            </OrderedGroup>
        </ReadingOrder>
        <TextRegion id="tr_2" custom="readingOrder {index:0;}">
            <Coords points="450,299 3071,299 3071,1621 450,1621"/>
            <TextLine id="tr_2_tl_1" custom="readingOrder {index:0;}">
                <Coords points="2686,378 2700,378 2709,370 2726,381 2749,384 2760,373 2775,378 2786,370 2803,370 2803,244 2789,244 2780,235 2769,244 2757,238 2729,249 2720,246 2706,261 2686,261"/>
                <Baseline points="2701,349 2746,349 2790,349 2811,352"/>
                <TextEquiv>
                    <Unicode>16</Unicode>
                </TextEquiv>
            </TextLine>
            <TextLine id="tr_2_tl_2" custom="readingOrder {index:1;}">
                <Coords points="762,593 2625,522 2803,599 3067,539 3070,387 2795,353 2442,459 2069,355 1806,467 765,407"/>
                <Baseline points="779,525 788,525 832,519 877,519 922,522 967,522 1011,522 1056,522 1101,519 1146,519 1191,519 1235,522 1280,519 1325,522 1370,519 1414,519 1459,519 1504,519 1549,519 1593,519 1638,519 1683,522 1728,519 1773,519 1817,519 1862,519 1907,516 1952,516 1996,516 2041,516 2086,516 2131,516 2176,516 2220,516 2265,513 2310,513 2355,510 2399,510 2444,513 2489,507 2534,507 2579,510 2623,507 2668,507 2713,507 2758,507 2802,504 2847,504 2892,504 2937,504 2982,501 3026,498 3071,504"/>
                <TextEquiv>
                    <Unicode>Ist's nicht dein Regiment, das hier vorbeizieht?</Unicode>
                </TextEquiv>
            </TextLine>
            <TextLine id="tr_2_tl_3" custom="readingOrder {index:2;}">
                <Coords points="757,719 2170,702 2525,768 2883,702 2883,593 2623,547 2393,616 2239,559 757,585"/>
                <Baseline points="773,677 788,677 832,674 877,674 922,674 967,674 1011,674 1056,674 1101,677 1146,674 1191,674 1235,674 1280,674 1325,674 1370,674 1414,674 1459,671 1504,671 1549,671 1593,671 1638,671 1683,671 1728,671 1773,671 1817,668 1862,668 1907,671 1952,668 1996,668 2041,668 2086,668 2131,668 2176,668 2220,668 2265,665 2310,665 2355,665 2399,665 2444,662 2489,662 2534,662 2579,662 2623,659 2668,659 2713,659 2758,659 2802,659 2847,662 2892,665"/>
                <TextEquiv>
                    <Unicode>Es ist's. Heut Nacht verlassen wir die Stadt.</Unicode>
                </TextEquiv>
            </TextLine>
            <TextLine id="tr_2_tl_4" custom="readingOrder {index:3;}">
                <Coords points="444,705 570,737 599,725 599,527 547,527 525,510 493,533 482,525 444,527"/>
                <Baseline points="459,680 504,680 549,680 594,680 602,683"/>
                <TextEquiv>
                    <Unicode>Gg:</Unicode>
                </TextEquiv>
            </TextLine>
            <TextLine id="tr_2_tl_5" custom="readingOrder {index:4;}">
                <Coords points="762,871 1204,920 1284,863 1674,937 1768,871 1880,906 2098,874 2098,728 1829,771 1674,711 1516,782 1126,771 1020,725 937,771 762,754"/>
                <Baseline points="779,832 823,829 868,829 913,829 958,829 1002,829 1047,829 1092,826 1137,829 1182,829 1226,826 1271,829 1316,826 1361,826 1405,826 1450,826 1495,829 1540,829 1585,829 1629,829 1674,826 1719,826 1764,823 1808,823 1853,826 1898,823 1943,823 1988,823 2032,823 2077,826 2104,832"/>
                <TextEquiv>
                    <Unicode>Wer wiederkommt, weiss Gott.</Unicode>
                </TextEquiv>
            </TextLine>
            <TextLine id="tr_2_tl_6" custom="readingOrder {index:5;}">
                <Coords points="2155,1055 2287,1069 2339,1029 2537,1023 2600,992 2780,1020 3030,995 3030,906 2967,920 2861,874 2663,917 2494,868 2310,894 2158,874"/>
                <Baseline points="2173,976 2185,973 2229,976 2274,976 2319,976 2364,973 2408,973 2453,973 2498,973 2543,973 2587,973 2632,970 2677,970 2722,970 2767,970 2811,970 2856,967 2901,967 2946,967 2990,964 3035,964"/>
                <TextEquiv>
                    <Unicode>Abschied zu nehmen</Unicode>
                </TextEquiv>
            </TextLine>
            <TextLine id="tr_2_tl_7" custom="readingOrder {index:6;}">
                <Coords points="433,1055 482,1035 510,1049 550,1046 588,1020 696,1061 694,906 671,900 616,937 585,940 513,917 476,926 459,909 430,926"/>
                <Baseline points="450,988 495,985 540,985 585,988 629,988 674,988 704,991"/>
                <TextEquiv>
                    <Unicode>Hans:</Unicode>
                </TextEquiv>
            </TextLine>
            <TextLine id="tr_2_tl_8" custom="readingOrder {index:7;}">
                <Coords points="765,1184 848,1155 1086,1175 1207,1152 1597,1235 1599,1040 1551,1029 1382,1086 1227,1058 1003,1092 768,1052"/>
                <Baseline points="782,1143 799,1140 844,1140 889,1140 934,1140 979,1140 1023,1140 1068,1140 1113,1140 1158,1140 1202,1137 1247,1137 1292,1137 1337,1134 1382,1134 1426,1137 1471,1134 1516,1134 1561,1134 1605,1140"/>
                <TextEquiv>
                    <Unicode>Kommst du zu mir?</Unicode>
                </TextEquiv>
            </TextLine>
            <TextLine id="tr_2_tl_9" custom="readingOrder {index:8;}">
                <Coords points="1791,1307 2224,1367 2508,1307 2594,1339 2648,1287 2855,1304 2855,1210 2631,1227 2537,1175 2178,1227 2049,1187 1963,1218 1791,1195"/>
                <Baseline points="1808,1286 1832,1283 1877,1283 1922,1283 1967,1286 2011,1286 2056,1286 2101,1286 2146,1283 2190,1283 2235,1283 2280,1280 2325,1283 2370,1283 2414,1283 2459,1283 2504,1283 2549,1280 2593,1280 2638,1280 2683,1280 2728,1277 2773,1277 2817,1277 2862,1280"/>
                <TextEquiv>
                    <Unicode>Vielleicht - doch ohne</Unicode>
                </TextEquiv>
            </TextLine>
            <TextLine id="tr_2_tl_10" custom="readingOrder {index:9;}">
                <Coords points="456,1350 484,1350 513,1333 533,1344 550,1341 559,1350 573,1344 599,1347 593,1232 562,1241 545,1227 519,1232 499,1215 473,1247 453,1244"/>
                <Baseline points="468,1298 513,1301 558,1301 602,1304 605,1301"/>
                <TextEquiv>
                    <Unicode>Gg3</Unicode>
                </TextEquiv>
            </TextLine>
            <TextLine id="tr_2_tl_11" custom="readingOrder {index:10;}">
                <Coords points="2580,1364 2657,1384 2674,1367 2734,1370 2766,1399 2838,1396 2886,1433 2935,1419 2969,1433 2967,1281 2921,1267 2869,1284 2849,1275 2800,1313 2760,1287 2700,1316 2646,1284 2580,1336"/>
                <Baseline points="2596,1355 2641,1355 2686,1358 2731,1355 2776,1355 2820,1358 2865,1358 2910,1358 2955,1358 2976,1358"/>
                <TextEquiv>
                    <Unicode>Absicht.</Unicode>
                </TextEquiv>
            </TextLine>
            <TextLine id="tr_2_tl_12" custom="readingOrder {index:11;}">
                <Coords points="780,1482 2783,1479 2783,1373 2456,1344 2052,1402 1445,1336 1146,1413 780,1370"/>
                <Baseline points="794,1456 820,1456 865,1453 910,1453 955,1453 999,1453 1044,1450 1089,1450 1134,1453 1179,1450 1223,1450 1268,1450 1313,1450 1358,1450 1402,1450 1447,1447 1492,1447 1537,1447 1582,1447 1626,1447 1671,1447 1716,1447 1761,1447 1805,1444 1850,1444 1895,1444 1940,1444 1985,1441 2029,1441 2074,1444 2119,1441 2164,1441 2208,1441 2253,1441 2298,1438 2343,1438 2387,1438 2432,1435 2477,1438 2522,1438 2567,1435 2611,1435 2656,1435 2701,1435 2746,1441 2790,1447"/>
                <TextEquiv>
                    <Unicode>Als ich an deinen Fenstern just vorbeiritt,</Unicode>
                </TextEquiv>
            </TextLine>
            <TextLine id="tr_2_tl_13" custom="readingOrder {index:12;}">
                <Coords points="768,1685 1869,1622 2786,1665 2786,1542 2668,1516 768,1513"/>
                <Baseline points="785,1611 820,1605 865,1605 910,1605 955,1605 999,1605 1044,1605 1089,1605 1134,1605 1179,1605 1223,1605 1268,1602 1313,1602 1358,1602 1402,1605 1447,1602 1492,1605 1537,1602 1582,1602 1626,1602 1671,1602 1716,1602 1761,1599 1805,1599 1850,1599 1895,1599 1940,1599 1985,1599 2029,1596 2074,1596 2119,1596 2164,1599 2208,1599 2253,1596 2298,1596 2343,1596 2387,1599 2432,1596 2477,1596 2522,1593 2567,1593 2611,1593 2656,1593 2701,1593 2746,1596 2790,1596"/>
                <TextEquiv>
                    <Unicode>Erblickt' ich deinen Schatten, und mir war,</Unicode>
                </TextEquiv>
            </TextLine>
        </TextRegion>
        <TextRegion id="tr_1" custom="readingOrder {index:1;}">
            <Coords points="459,1684 3059,1684 3059,3654 459,3654"/>
            <TextLine id="tr_1_tl_1" custom="readingOrder {index:0;}">
                <Coords points="774,1832 2677,1814 2998,1768 3001,1665 777,1685"/>
                <Baseline points="791,1770 814,1767 859,1767 904,1764 949,1764 994,1764 1038,1764 1083,1764 1128,1761 1173,1761 1217,1764 1262,1767 1307,1764 1352,1761 1396,1761 1441,1761 1486,1761 1531,1758 1576,1761 1620,1761 1665,1761 1710,1758 1755,1758 1799,1758 1844,1758 1889,1758 1934,1758 1979,1755 2023,1755 2068,1755 2113,1755 2158,1761 2202,1755 2247,1755 2292,1755 2337,1755 2382,1755 2426,1752 2471,1752 2516,1752 2561,1752 2605,1749 2650,1752 2695,1749 2740,1749 2784,1749 2829,1749 2874,1746 2919,1746 2964,1746 3008,1734"/>
                <TextEquiv>
                    <Unicode>Als winkt' er mir. Dies mein' ich als ein Bild</Unicode>
                </TextEquiv>
            </TextLine>
            <TextLine id="tr_1_tl_2" custom="readingOrder {index:1;}">
                <Coords points="768,1940 1748,1932 2161,2018 2402,1935 3050,1946 3053,1800 771,1832"/>
                <Baseline points="788,1922 820,1919 865,1919 910,1922 955,1922 999,1922 1044,1922 1089,1919 1134,1919 1179,1919 1223,1922 1268,1925 1313,1922 1358,1922 1402,1919 1447,1919 1492,1919 1537,1919 1582,1919 1626,1919 1671,1919 1716,1913 1761,1913 1805,1913 1850,1913 1895,1910 1940,1913 1985,1910 2029,1910 2074,1910 2119,1913 2164,1910 2208,1907 2253,1907 2298,1907 2343,1910 2387,1910 2432,1907 2477,1907 2522,1904 2567,1904 2611,1904 2656,1904 2701,1907 2746,1904 2790,1904 2835,1904 2880,1901 2925,1904 2970,1904 3014,1910 3059,1907"/>
                <TextEquiv>
                    <Unicode>Ich weiss, dass du im Dämmer mich nicht kanntest,</Unicode>
                </TextEquiv>
            </TextLine>
            <TextLine id="tr_1_tl_3" custom="readingOrder {index:2;}">
                <Coords points="780,2135 2740,2150 2706,1986 780,1981"/>
                <Baseline points="794,2077 820,2074 865,2074 910,2077 955,2074 999,2074 1044,2074 1089,2074 1134,2074 1179,2074 1223,2074 1268,2074 1313,2074 1358,2074 1402,2071 1447,2074 1492,2074 1537,2074 1582,2071 1626,2071 1671,2068 1716,2068 1761,2068 1805,2068 1850,2068 1895,2065 1940,2065 1985,2068 2029,2068 2074,2068 2119,2068 2164,2065 2208,2065 2253,2065 2298,2068 2343,2068 2387,2068 2432,2065 2477,2062 2522,2062 2567,2062 2611,2062 2656,2062 2701,2062 2746,2065"/>
                <TextEquiv>
                    <Unicode>Und deinem Winke hätt' ich nicht gehorcht.</Unicode>
                </TextEquiv>
            </TextLine>
            <TextLine id="tr_1_tl_4" custom="readingOrder {index:3;}">
                <Coords points="742,2270 814,2296 923,2270 949,2287 983,2261 1083,2279 1126,2239 1149,2259 1227,2264 1264,2253 1267,2155 1212,2178 1075,2158 966,2181 911,2158 846,2173 785,2144 745,2158"/>
                <Baseline points="758,2241 779,2238 823,2235 868,2235 913,2235 958,2232 1002,2232 1047,2232 1092,2232 1137,2232 1182,2232 1226,2235 1271,2238"/>
                <TextEquiv>
                    <Unicode>:lächelt:</Unicode>
                </TextEquiv>
            </TextLine>
            <TextLine id="tr_1_tl_5" custom="readingOrder {index:4;}">
                <Coords points="444,2256 510,2273 556,2247 579,2267 599,2253 639,2290 676,2264 694,2267 694,2167 616,2167 593,2181 562,2181 525,2155 513,2167 444,2167"/>
                <Baseline points="459,2238 504,2235 549,2235 594,2235 638,2235 683,2238 701,2238"/>
                <TextEquiv>
                    <Unicode>Hans:</Unicode>
                </TextEquiv>
            </TextLine>
            <TextLine id="tr_1_tl_6" custom="readingOrder {index:5;}">
                <Coords points="768,2462 857,2476 940,2451 1072,2511 1144,2494 1210,2514 1330,2451 1410,2445 1413,2276 1307,2256 1258,2287 1129,2239 1009,2316 934,2282 894,2322 771,2327"/>
                <Baseline points="785,2396 791,2396 835,2390 880,2390 925,2390 970,2387 1014,2387 1059,2390 1104,2387 1149,2387 1193,2387 1238,2387 1283,2387 1328,2385 1373,2385 1417,2387"/>
                <TextEquiv>
                    <Unicode>Du zimst mir?</Unicode>
                </TextEquiv>
            </TextLine>
            <TextLine id="tr_1_tl_7" custom="readingOrder {index:6;}">
                <Coords points="1511,2585 2089,2625 2342,2571 2709,2620 2818,2557 2975,2560 2975,2436 1511,2459"/>
                <Baseline points="1525,2543 1570,2540 1614,2540 1659,2540 1704,2540 1749,2540 1793,2540 1838,2537 1883,2537 1928,2537 1973,2537 2017,2537 2062,2537 2107,2537 2152,2537 2196,2537 2241,2537 2286,2537 2331,2534 2376,2534 2420,2534 2465,2534 2510,2534 2555,2534 2599,2534 2644,2534 2689,2537 2734,2534 2779,2531 2823,2534 2868,2534 2913,2534 2958,2540 2982,2546"/>
                <TextEquiv>
                    <Unicode>Hab' ich's manchmal auch getan,</Unicode>
                </TextEquiv>
            </TextLine>
            <TextLine id="tr_1_tl_8" custom="readingOrder {index:7;}">
                <Coords points="456,2568 493,2562 504,2565 522,2585 539,2585 570,2562 611,2568 613,2488 599,2488 593,2479 579,2485 568,2474 539,2491 522,2479 513,2488 490,2488 479,2499 459,2499"/>
                <Baseline points="471,2558 480,2555 525,2555 570,2552 614,2552"/>
                <TextEquiv>
                    <Unicode>Gg:</Unicode>
                </TextEquiv>
            </TextLine>
            <TextLine id="tr_1_tl_9" custom="readingOrder {index:8;}">
                <Coords points="780,2769 1000,2720 1576,2783 1897,2709 2253,2780 2562,2732 2562,2654 2411,2600 780,2631"/>
                <Baseline points="794,2710 823,2707 868,2704 913,2704 958,2704 1002,2704 1047,2701 1092,2701 1137,2701 1182,2701 1226,2701 1271,2698 1316,2698 1361,2698 1405,2698 1450,2698 1495,2701 1540,2701 1585,2704 1629,2704 1674,2701 1719,2698 1764,2695 1808,2698 1853,2698 1898,2695 1943,2692 1988,2695 2032,2692 2077,2692 2122,2692 2167,2692 2211,2692 2256,2692 2301,2692 2346,2692 2390,2692 2435,2692 2480,2692 2525,2695 2570,2701"/>
                <TextEquiv>
                    <Unicode>Nun kam der Krieg, der ungeheure Hass,</Unicode>
                </TextEquiv>
            </TextLine>
            <TextLine id="tr_1_tl_10" custom="readingOrder {index:9;}">
                <Coords points="780,2912 1725,2861 2474,2921 2663,2886 2666,2769 782,2772"/>
                <Baseline points="796,2856 841,2856 886,2859 931,2859 976,2862 1020,2859 1065,2856 1110,2856 1155,2856 1199,2856 1244,2856 1289,2856 1334,2853 1379,2850 1423,2853 1468,2853 1513,2853 1558,2853 1602,2853 1647,2853 1692,2853 1737,2850 1782,2850 1826,2850 1871,2847 1916,2847 1961,2847 2005,2847 2050,2847 2095,2847 2140,2847 2185,2847 2229,2847 2274,2847 2319,2847 2364,2847 2408,2847 2453,2847 2498,2847 2543,2847 2587,2850 2632,2850 2671,2856"/>
                <TextEquiv>
                    <Unicode>Und jeder andre Groll verlischt. Ein Tag</Unicode>
                </TextEquiv>
            </TextLine>
            <TextLine id="tr_1_tl_11" custom="readingOrder {index:10;}">
                <Coords points="782,3098 1347,3024 2783,3061 2835,2898 782,2949"/>
                <Baseline points="799,3014 823,3011 868,3008 913,3008 958,3011 1002,3011 1047,3011 1092,3008 1137,3008 1182,3008 1226,3008 1271,3011 1316,3011 1361,3011 1405,3008 1450,3008 1495,3008 1540,3008 1585,3008 1629,3005 1674,3005 1719,3005 1764,3005 1808,3005 1853,3002 1898,3002 1943,3005 1988,3002 2032,3002 2077,3002 2122,3002 2167,3002 2211,3002 2256,3002 2301,3002 2346,3002 2390,3002 2435,2999 2480,2999 2525,2999 2570,2999 2614,2999 2659,2999 2704,2999 2749,2999 2793,3002 2838,3002"/>
                <TextEquiv>
                    <Unicode>Wie dieser, Hans, bringt Milde in die Seele.</Unicode>
                </TextEquiv>
            </TextLine>
            <TextLine id="tr_1_tl_12" custom="readingOrder {index:11;}">
                <Coords points="780,3202 1674,3179 2032,3242 2132,3187 2325,3259 2689,3161 2823,3207 2875,3064 780,3098"/>
                <Baseline points="794,3173 823,3167 868,3167 913,3167 958,3170 1002,3167 1047,3164 1092,3164 1137,3164 1182,3164 1226,3161 1271,3164 1316,3164 1361,3164 1405,3164 1450,3164 1495,3164 1540,3164 1585,3164 1629,3161 1674,3164 1719,3161 1764,3161 1808,3161 1853,3158 1898,3161 1943,3161 1988,3161 2032,3164 2077,3161 2122,3161 2167,3161 2211,3158 2256,3155 2301,3158 2346,3155 2390,3155 2435,3155 2480,3152 2525,3152 2570,3152 2614,3155 2659,3155 2704,3149 2749,3152 2793,3155 2838,3158 2883,3161"/>
                <TextEquiv>
                    <Unicode>Ich hab' dich gern gehabt, du warst mir viel,</Unicode>
                </TextEquiv>
            </TextLine>
            <TextLine id="tr_1_tl_13" custom="readingOrder {index:12;}">
                <Coords points="771,3348 2832,3402 2835,3204 1886,3273 774,3242"/>
                <Baseline points="791,3325 826,3322 871,3322 916,3325 961,3322 1005,3322 1050,3322 1095,3319 1140,3319 1185,3322 1229,3322 1274,3319 1319,3319 1364,3316 1408,3319 1453,3316 1498,3316 1543,3316 1588,3316 1632,3316 1677,3316 1722,3319 1767,3316 1811,3316 1856,3316 1901,3319 1946,3316 1990,3316 2035,3316 2080,3316 2125,3313 2170,3313 2214,3310 2259,3310 2304,3310 2349,3310 2393,3310 2438,3313 2483,3313 2528,3310 2573,3313 2617,3310 2662,3310 2707,3307 2752,3310 2796,3316 2841,3316"/>
                <TextEquiv>
                    <Unicode>Doch hab' ich's nie so gut gewusst als heut,</Unicode>
                </TextEquiv>
            </TextLine>
            <TextLine id="tr_1_tl_14" custom="readingOrder {index:13;}">
                <Coords points="774,3528 1061,3485 1427,3551 1677,3485 2577,3557 2580,3394 774,3428"/>
                <Baseline points="791,3486 796,3486 841,3483 886,3483 931,3483 976,3480 1020,3480 1065,3477 1110,3477 1155,3477 1199,3477 1244,3477 1289,3477 1334,3477 1379,3477 1423,3474 1468,3474 1513,3474 1558,3477 1602,3477 1647,3474 1692,3474 1737,3474 1782,3474 1826,3474 1871,3474 1916,3474 1961,3471 2005,3471 2050,3471 2095,3471 2140,3468 2185,3468 2229,3468 2274,3468 2319,3468 2364,3465 2408,3465 2453,3465 2498,3468 2543,3468 2587,3468"/>
                <TextEquiv>
                    <Unicode>Da allerlei Vergangnes sich mir zeigt</Unicode>
                </TextEquiv>
            </TextLine>
            <TextLine id="tr_1_tl_15" custom="readingOrder {index:14;}">
                <Coords points="780,3689 1542,3652 1800,3738 2089,3657 2711,3729 2711,3568 2625,3551 2006,3500 1794,3577 780,3563"/>
                <Baseline points="794,3644 835,3638 880,3638 925,3641 970,3638 1014,3635 1059,3635 1104,3635 1149,3635 1193,3635 1238,3635 1283,3632 1328,3632 1373,3632 1417,3632 1462,3632 1507,3632 1552,3632 1596,3632 1641,3635 1686,3635 1731,3632 1776,3632 1820,3632 1865,3629 1910,3629 1955,3626 1999,3626 2044,3626 2089,3629 2134,3626 2179,3626 2223,3626 2268,3623 2313,3623 2358,3626 2402,3626 2447,3623 2492,3623 2537,3623 2582,3623 2626,3623 2671,3623 2716,3626"/>
                <TextEquiv>
                    <Unicode>In einem Leuchten, drin ich's nie gesehn.</Unicode>
                </TextEquiv>
            </TextLine>
        </TextRegion>
    </Page>
</PcGts>
