3400 3944
2741 340 2884 555 11
286 449 1478 640 Sie kommt, im Brautkleid.
289 637 885 793 Wo warst du?
289 810 1399 967 Ich? Ich habe gebetet.
289 930 1011 1124 Nein, du lügst!
276 1083 1880 1270 Nein, ick schwöre, ich lüge nicht!
283 1229 1559 1430 Tanzen möcht' ich, trinken!
276 1416 947 1553 Vater, Mutter!
276 1546 2067 1699 Komm, komm, draussen wartet der Wagen.
276 1716 2952 1880 Wo ist der Shawl?, Zur Mutter: Wenn nicht, so bekommt Ihr
303 1880 1028 2012 keinen Kreuzer.
266 1954 2983 2149 Die Mutter: Gewiss warst du bei deinem Geliebten, dem Of-
252 2200 2990 2346 fizier. Ich hab's ja gewusst. Geh hin, holle den Shawl, ich
306 2315 797 2479 halte ihn.
255 2458 1389 2687 Base. Gehn Sie ihr nach.
