3304 3992
2547 373 2672 501 30
779 487 2853 649 Fern von einander, wenn's gelang, zu bau'n.,
771 649 2656 863 Da kein vereintes Leben uns gegönnt war.
777 832 2848 941 Und beide wussten wir: seh'n wir uns wieder,
788 985 2979 1119 So kann's nur sein, um Mund an Mund zu sterben.
774 1144 1487 1328 Ich bin bereit.
404 1275 654 1414 Hans :
1464 1281 3076 1487 Bist du's? So sei XXXK willkommen!
1247 1445 1960 1581 :Langer Kuss:
816 1584 2942 1770 Ah! endlich wieder! Hans, wie lieb' ich dich!
401 1620 557 1731 Ag:
768 1765 1734 1862 Wie glüht dein Kuss!
1701 1912 2798 2068 Wie dúften deine Haare!
398 1904 651 2046 Hans:
768 2066 2352 2249 Kostbare Wohlgerüche fernen Lands
401 2082 560 2238 Ag:
771 2224 2736 2377 Umweh'n dich, wenn du meine Haare küssest.
401 2366 649 2514 Hans:
771 2386 2789 2508 Hat dich dein Bräutigam so reich beschenkt?
768 2558 2890 2658 Noch schwimmt das Schiff mit den versprochnen
398 2542 562 2692 Ag:
2539 2620 2940 2728 Schätzen
768 2711 3006 2884 Auf off'nem Meer. Das Einz' gew, was er schenkte
760 2853 2845 3023 Ist dieser Shawl, der herrlich reich gewebt
760 2970 2831 3187 Einst einer Firstentochter Haupt geschmückt.
757 3107 2689 3346 Der duftet noch von tausend Wohlgerüchen.
390 3318 632 3446 Hans :
766 3313 2809 3469 Ich wollt', du hättest ihn nicht mitgebracht.
763 3446 2823 3658 Was geht der Duft dich an? Er wird verweh'n,
395 3491 557 3675 Ag:
