3304 3992
2517 250 2619 510 3
498 441 2692 673 Fr.Pflegner: Ja, das heiss' ich eine Hochzeit!
498 676 2791 818 Klaus: Seit meiner eignen hab' ich nicht so viel
646 836 2803 947 getanzt! /:Er umarmt seine Frau:/ Was, Alter?
501 951 2921 1113 Fr.Kl: So lass' doch! Wir müssen uns ja vor unserer
634 1110 1448 1301 Tochter genieren.
498 1240 2833 1476 Fr. Pfl: Wo ist denn die schöne Braut? Sie kleidet
643 1439 1494 1623 sich wol schon an?
501 1584 1771 1741 Fr.Jörger: Gewiss, gewiss!
501 1744 2692 1931 Rothner: Ihre Tochter hat ein gutes Herz, Frau
631 1847 2731 2061 Pflegner. Sohn Sie, wie sie dem Bräutigam die
637 2010 1759 2215 Zeit zu verkürzen sucht.
501 2185 2797 2381 Demeter: /:zu Susanne:/ Aber Sie sind heute auch
652 2336 1678 2529 ganz anders als sonst.
495 2517 2634 2658 Susanne: Sie kennen mich doch auch gar nicht.
498 2674 2918 2827 Demeter: Hab' ich Sie nicht zehnnal oder zwanzigmal
640 2846 2634 2993 tet meiner Braut gesehn? /:Sieht sich um: |
504 2993 2824 3168 Sus: Aber da haben Sie ja nie mit mir gesprochen.
498 3147 2797 3358 Franz: /:tritt zu Heinrich:/ Was hast du denn?..
628 3304 990 3479 Ach so!
486 3446 2040 3657 Heinr: Nichts hab' ich - nichts!
