3304 4008
2815 353 2913 494 2
614 448 2815 651 tanzen eine Weilet länger. Am Schluss der Musik
605 617 2996 863 reisst Demeter Susanne heftig an sich und trägt sie
605 844 2892 992 beinahe zu einem Sessel, der nah der Musik steht.
605 933 3067 1117 Jetzt sich neben sie. Das Ehepaar Klaus tanzt weiter,
608 1124 3006 1326 Wie man das bemerkt, klatschen Jörger und Wierer in
608 1305 1090 1449 die Hände.
617 1415 2858 1575 Wierer: /:dicker alter Herr mit Glatze:/ Bravo!
743 1590 3119 1765 Bravissimo! Den Jungen geht der Atem früher aus als
703 1750 1240 1931 unsereinem!
611 1922 3015 2045 Klaus: /:kleiner beweglicher Herr mit grauen kurzen
740 2060 3095 2204 Haaren:/ Na Musik, Musik! Was is denn? /:Er geht
746 2177 2959 2392 mit seiner Frau, die geschmeichelt lächelt zur
746 2385 1108 2582 Tafel:/
620 2481 2920 2677 Frau Pflegner: Haben Sie noch nicht genugh, Herr
740 2652 2996 2843 Klaus? (:Jörgers u.Wierers stossen mit Herrn u.
758 2849 1483 2999 Frau Klaus an :/
611 2969 2990 3147 Demeter: /:laut, schallend,/ Wein für die Musikan¬
771 3125 2772 3325 ten! (Ein Kellner bringt das Gewünschte:)
614 3313 2959 3454 Susanne: /:schaut Demeter mit glühendem Blick an:/
614 3441 2987 3616 Heinrich: /:im Hintergrund an einem Fenster beisst
749 3610 1741 3807 die Lippen zusammen:
