3352 3960
2576 353 2670 535 5
529 450 3064 674 Bratschist: Ja, der Herr Baron kennt einen jeden Ort,
671 630 3111 803 wo auf eine gute Musik was gehalten wird und wo hüb-
671 771 3070 945 sche Mädeln zu finden sind. - Was haben wir denn nur
664 932 2604 1156 heut zu tun?.. Mir ist mein Kopf so wüst.
529 1099 1631 1294 Flötist: Urban! Urban!
526 1278 1442 1448 Bratsch: Was denn?
523 1433 2459 1603 Flöt: Wir müssen ja heut zum Mondschein.
513 1584 1152 1738 Sr: Richtig!
513 1707 3017 1886 Walpurga: Dort spielt ihr auch? Wie wär's, wir gehn
2469 1861 2916 1962 mit euch?
507 1911 2969 2066 Br: Fräulein, das wird nicht möglich sein. Fräulein
655 2078 2255 2217 würde man dort nicht hereinlassen.
510 2204 2632 2390 Walp: Seht doch den unverschämten Lümmel an!
831 2346 2859 2494 Sind, die dort tanzen, bessrer Art als ich?
834 2525 2966 2695 Sag' ich dem Wirt vom Mondschein nur ein Wort,
825 2642 2894 2809 Lässt er mich ein und jagt die Andernf fort.
491 2818 756 2988 Flöt:
822 2846 3076 3032 Fräuln, jedes andere Mal wird er das mit Vergnü¬
649 3020 3136 3171 gen tun, aber für heut hat eine Hochzeitsgesellschaft
636 3133 1499 3294 den Saal gemietet.
485 3281 2991 3520 Hans: Nun, so beeilt euch, wenn das Brautpaar selbst
812 3438 2632 3615 sich noch ergetzen soll an euerm Spiel.
