3416 3960
2954 334 3043 461 8
403 430 1453 620 Schluss des III. Aktes:
406 578 3171 840 Im letzten Moment hat mich eine rasende Liebe zum Leben er-
406 802 1453 978 fasst. Ich liebe dich!
392 957 843 1122 Lügnerin!
396 1115 3026 1257 Komm, wir wollen Beide fort. Ich habe Angst vor dem Tod.
396 1281 3036 1470 Ich will dir was sagen: Jag' mich fort, aber gieb meinem
403 1422 1122 1615 Vater das Geld.
399 1508 3033 1787 Ich habe nichts, keinen Kreuzer hab' ich. Ich will dich
386 1738 702 1935 nicht!
