3352 4008
226 240 366 393 le
247 477 2214 595 allein zu sterben. Hier hebt das Stück an.
244 808 3029 909 Hans hat Agathe auf einem Spaziergang auf der Bastei keinen
247 971 3011 1058 gelernt. Sie haben beide nichts und entschliessen sich nach
254 1121 2938 1208 einem wunderschönen Traum, einander Lebwohl zu sagen. Sie
240 1302 2921 1368 soll den reichen Fabrikanten heiraten, er die kleine Com¬
251 1431 3050 1525 tesse. Sie gehen von einander und wissen nichts mehr. Er ist
244 1584 2921 1674 eine Weile im Hause der Comtesse, giebt es aber bald auf.
244 1755 2928 1824 Ist zu müde und haltlos. Will sich nicht binden. Alles ist
240 1911 2924 1998 Schein. Da er von nichts das Höchste finden kann, geht er
244 2043 2785 2148 lieber dorthin, wo die Surrogate wenigstens aufrichtig
237 2193 3004 2301 sind. Er will keine Geliebte mehr, sondern nur mehr Dirnen,
334 2364 2876 2506 statt der Freunde, die doch nur an sich denken, lieber
230 2503 2409 2590 Kumpane, die nicht die Freunde spielen wollen.
