3320 4008
2736 341 2865 509 34.
2134 487 3030 643 Ja, du bist bereit.
462 439 725 713 Hans:
839 685 3063 794 Nun weiss ich, dass du's bist. So lass' uns end
2837 755 3055 892 lich
842 820 2716 962 Der letzten hohen Stunde ganz geniessen.
839 996 2761 1141 Sie werde rein. Ging' unser Leben weiter,
839 1139 2828 1326 Den Schmutz der letzten Monde brächten wir
842 1315 2937 1424 Nie wieder von uns fort. Doch die Gewissheit,
845 1463 2758 1592 Dass nun des Lebens letzte Stunde anhebt,
842 1620 2859 1743 Macht uns so rein mit einem Mal wie Kinder.
845 1768 3097 1888 Komm, setz' dich her zu mir. Wir wollen trinken!
853 1925 2669 2051 Nun sind dies keines Mahles Reste mehr,
848 2079 2834 2202 Denn zwischen jenem Mahl und dieser Stunde
845 2252 2786 2361 Liegt ein Entschluss, der Ewigkeiten gilt
862 2347 2929 2537 Und Macht hat, einen Augenblick vom nächsten
859 2523 2725 2655 Wie Welten von einander weit zu trennen.
808 2652 1947 2825 Nun bist du wieder mein!
492 2691 643 2848 Ag.
1969 2772 2814 2971 Fühlst du, Agathe,
484 2867 733 3032 Hans :
856 2929 2730 3128 wie jedes Wort nun anders klingt als je?
848 3114 2448 3295 Ein Widerhall von Ewigkeit ertönt.
848 3326 2134 3433 Sag' jetzt: Ich liebe dich!
2160 3407 2870 3614 Ich liebe dich!
487 3466 643 3631 Ag:
1337 3626 1894 3793 /:Umarmung:/
