3336 3960
928 379 1446 670 's ist gut!
383 571 638 801 Walp:
1340 620 3111 812 Ein Morgenkuss — willst du den nicht?
379 794 3069 928 Der Bratschist: /:dehnt sich:/ Zum Teufel, hab' ich heut
475 932 3080 1120 schlecht geschlafen!... Brigitta, sind die Kinder schon
514 1088 3080 1304 in der Schule?... Brigitta! wo bist du denn? (:Stützt
528 1244 1942 1456 sich rasch mit beiden Händen:
372 1389 1095 1563 Walp: /:lacht:
872 1563 2878 1751 Der glaubt, er ist zuhaus bei seiner Frau!
372 1701 3221 1892 Bratschist: /:zur Besinnung kommend:/ Oh, ich habe die Ehre
514 1885 3087 2059 / :Lacht:/ Herr von Traun - ich habe die Ehre!... Fräu¬
464 2034 3058 2169 lein, ich wünsche einen guten Morgen!.... He, Valentin!
365 2194 3182 2367 Der Flötist: /:wird rasch wach, stösst an den Tisch, so dass
510 2335 3009 2534 auch Juliane sich bewegt, aber nicht aufwacht, greift
507 2488 2371 2683 nach seiner Flöte und bläst einen Lauf:
358 2644 1081 2842 Walp: /:lacht:/
868 2839 2158 3009 Wie komisch ist der Mensch!
354 2977 3104 3118 Flötist: Ich bitte sehr, was beliebt?... ein Tanz?... ein
489 3122 3165 3324 Lied?... Ich glaube, ich bin einen Augenblick eingenickt.
351 3282 610 3459 Hans:
854 3278 2987 3455 Das Fest ist aus, Ihr könnt nach Hause gehen.
358 3437 3179 3650 Flötist: Wiesof Ich bin nur ein wenig eingenickt. Wir wollen
