3384 3960
2889 267 3013 411 10
401 425 3105 576 Freudenhaus, da sind alle Weiber im Brautkleid herumgeses-
394 579 2972 771 sen, mit Myrthe und Schleier. Aber der Shawl gehört der
398 720 1858 895 Gattin eines indischen Prinzen.
384 888 3037 1025 Also vorwärts, vorwaerts! Tanz! Tanz! Mein Neffe ist noch
384 1045 826 1176 nicht da.
384 1117 2865 1354 Der Neffe kommt. Nachricht, das Schiff untergegangen.
384 1323 2033 1474 Ich bin bettelarm. Nichts verraten.
384 1515 2903 1614 Vater kommt. Nun, was giebt's? Morgen bekommt ihr euer
380 1676 641 1779 Geld.
377 1748 1566 1974 Neffe: Was wirst du tun?
374 1913 3061 2098 Ich nehme sie mit, und morgen reise ich ab. Aber ihn muss
374 2125 3002 2231 ich haben, nachdem ich sie nicht anders bekommen konnte.
452 2221 2872 2447 Brautjungfer Base. Du bist immer um sie, wo ist die
370 2427 727 2625 Kleine?
374 2588 1810 2773 Wer weiss. Ich glaube, sie ist
374 2756 3122 2896 Hat sie einen Geliebten gehabt? Vielleicht ist sie mit ihm.
446 2855 2961 3013 Er zerschlägt die Ihstrumente. Zu Mutter: Wo ist sie?
370 3050 2259 3201 Mutter geht hinauf. Siekleidet sich um.
374 3188 3037 3328 Base kommt zurück. Ich kann euch sagen, sie ist nicht da.
415 3321 2958 3510 - Ja, das genügt nicht. Wenn sie in einer Viertelstunde
367 3537 2341 3661 nicht da ist, lass ich alle Dirnen kommen.
