3304 3992
2644 442 2767 549 31
830 533 2558 723 Wie meines Vaterhauses Luft verwehte,
2518 683 2762 801 wittel
822 766 2797 932 Der in den Falten meines XX Kleides steckt
838 871 2837 1077 Wie jenes Traumes Hauch, aus dem ich komme.
820 1080 2440 1251 Der heisse Atem dieses Augenblicks
822 1216 2657 1406 Trinkt jegliche Erinn'rung durstig auf.
830 1366 2625 1554 Versunken ist die Welt, unendlich fern
825 1524 2748 1712 Die letzte Stunde; dass ich diese Strasse
820 1685 2609 1854 Hinunterlief, das war vor langer Zeit;
822 1830 2748 1969 Doch dass ich bei dir war zum letzten Mal
820 1982 2199 2148 War gestern.- Ist's nicht so?
447 2087 750 2272 Hans :
2119 2140 3008 2333 Wahrlich, so ist's!
814 2256 2971 2430 Mir ist, ich könnte schweben, wenn ich wollte,
445 2264 608 2411 Ag:
817 2416 2775 2625 So leicht und unbeschwert ist meine Seele.
814 2604 2665 2708 Die Leute, die da unten gehn und lachen
814 2756 2853 2979 Sind andrer Art als wir. Wer uns jetzt sähe
814 2901 1950 3035 Der neigte sich vor uns.
434 3081 691 3196 Hans:
1985 3081 2277 3188 Warum?
809 3139 2590 3346 Weil wir was Andres sind als alle die,
447 3231 595 3351 Ag:
806 3348 1433 3512 Was Grössres!
439 3480 691 3656 Hans:
1508 3501 2604 3705 Warum scheint dir dies?
