3304 3992
2825 352 2943 490 28
768 535 2893 706 Er hauchte mir ins Ohr, was ich nicht wollte.
777 619 2749 864 Heiss war sein Atem, und sein Auge glühte,
774 824 2617 1024 Er fasste mich und drehte mich im Tanz.
779 976 1708 1190 Und da geschah es -
1660 1145 1891 1322 Was?
402 1103 670 1314 Hans:
1936 1308 2791 1463 Dass ich erwachte.
414 1297 571 1488 Ag:
782 1443 2698 1640 Im Wirbel ging es durch den grossen Saal,
771 1607 2690 1792 Die Musikanten spielten laut und jubelnd,
782 1750 2054 1970 Und plötzlich sah ich dich.
2079 1902 2938 2105 Wie sahst du mich?
408 1919 661 2065 Hans :
712 2077 2566 2257 /: So wie du hier im Kerzendämmer stehst.
416 2096 568 2231 Ag:
779 2231 2521 2406 Und deine Einsamkeit ergriff mich so,
774 2355 3039 2541 Wie nichts mich je bewegt, ich wusst' nicht mehr
788 2521 2980 2727 Dass er mich hielt, dass wir im Wirbel flogen:
779 2707 2783 2884 Ich war mit dir allein, und wir spazierten
788 2853 2454 2954 Wie damals im Oktober vor den Toren
779 2983 2479 3194 Am späten Nachmittag im kuhlen Wind.
782 3135 2679 3301 Und hier am Fenster standen wir zusammen
779 3312 2524 3475 Unblickten auf die fernen Hügel hin.
788 3478 2701 3590 An deinem Halse hing ich dann und weinte,
