3400 4056
2679 251 2810 412 10
518 453 3014 754 Fr. J: Er sieht mir nicht danach aus. Was fangen denn
679 574 3005 930 wir aus, wenn's wahr is? Was haben wir denn von
670 735 2996 1089 der ganzen Hochzeit, wenn er mit ihr fortgeht und
688 1011 1793 1213 nie wieder zurückkommt?
552 1095 2897 1402 Dem: Sehen Sie nach Agathe, Frau Jörger. Ich ver¬
723 1213 2949 1520 steh' nicht, wie sie so lange fortbleibt! Rasch!
726 1529 1036 1696 rasch!
645 1473 3089 1845 Jörger: So geh doch, Alte, geht Ich werd' unterdess
732 1789 2065 1988 mit’ Herrn Stanzides reden.
611 1820 2952 2171 Franz: /:zu Heinr:/ Mein Lieber, sieh's doch ein.
757 2003 3039 2292 Wir sind nicht für solche Geschöpfe geboren. Aga
775 2124 3030 2456 the und Susanne sind nicht für Leute unserer Art
794 2459 1175 2624 gemacht.
654 2447 2639 2769 Heinr: Das sagst du von deiner Schwester?
664 2565 3114 2937 Franz: Heute kann ich's sagen; denn, siehst du, die
813 2738 3086 3052 Alle seh' ich zum letzten Mal. Da kann man schon
825 2878 3160 3238 über die eigene Schwester auch die Wahrheit sagen,
688 3058 2825 3405 Heinr: Zum letzten Mal?... bist du verrückt?
707 3250 2224 3535 Franz: Und Alle wissen’s nicht.
710 3467 2146 3725 Heinr: Detne XXXXXX Mutter?
