3320 4008
2753 320 2850 500 4
538 432 1855 668 Franz: Bist ein armer Kerl.
531 715 3017 833 Heinr: /:fast in Tränen:/ Warum ist sie so... warum?
662 870 2930 1066 Ich bitt' dich, sag' ihr, sie soll mich nicht so
681 1013 1035 1196 quälen!
538 1172 2421 1358 Fr: Lass' dir zwei Worte in Ruhe sagen.
531 1342 2461 1504 Heinr: Gleich... später... Ich muss hin.
538 1485 2887 1622 Sus: /:wie Heinr.kommt:/ Wissen Sie, was mir Herr
671 1638 1765 1774 Stanzides eben erzählt?
534 1799 2365 1964 Heinr: Ich bin wirklich sehr begierig.
528 1945 2933 2079 Demater: Nun, mein junger Mann, gar nicht getanzt?
677 2113 1877 2206 Immer allein am Fenster?
534 2197 3027 2433 Heinr: /:kann sich schwer beherrschen:/ Nun, was hat
665 2349 2048 2564 Ihnen Herr Stanzides erzählt?
538 2542 2952 2691 Sus: Wie das Landhaus aussteht, in dem er die näch-
681 2731 2328 2822 sten Wochen mit Agathe wohnen wird.
531 2893 3030 2996 Dem: Ich bin noch nicht fertig... Und jetzt der Gar¬
681 3030 2937 3157 ten, in dem das Haus ganz verborgen ist. So hohe
668 3170 3042 3372 dichte Bäume - wie in einem Wald ist man. Und mitten
674 3319 2359 3449 in dem Wald sind Wiesen, so weich...
534 3505 2001 3720 Fr.Pflegn: Susanne! mein Kind!
