3368 3992
346 539 708 736 II. Akt.
346 688 1728 871 Bei der Laimgruben. Hochzeit.
352 777 3123 1023 Agathens Eltern: er, Kaufmann am Ruin; der reiche Fabrikant
359 1016 2995 1182 hilft ihm auf. Die Mutter wäre schon bereit gewesen, die
359 1151 3116 1337 Tochter zu verkaufen, der Fabrikant weiss es. Ihr hättetste
363 1303 3006 1486 mir auch gegeben für 100.000 Gulden, füreine Nacht. Geld
373 1458 2387 1645 ist alles. Ich werde mir auch Liebe kaufen.
366 1593 3078 1797 Tanz. Eine Kapelle, bestehend aus drei Geigern, einem flö-
370 1800 1510 1959 tisten, einem Bassisten.
370 1890 2999 2101 Hochzeitsgäste. Die Braut ist sonderbar. Wo ist Sie? Sie
359 2004 3137 2260 zieht ihr Hochzeitskleid aus, zur Reise. Die Freundin kommt
366 2180 2802 2370 zurück: Sie ist nicht da, ich habe eben nachgesehen.
370 2391 3006 2501 Teufel! Er zerbricht einem Flötisten die Flöte. Ich sage
380 2526 2961 2660 such, wenn eure Tochter nicht kommt, zünd' ich die Bude
377 2685 3013 2850 hier an! Nein! ich hols die Dirnen aus den nahen Häusern
384 2837 1441 3009 und lasse hier feiern.
397 2961 2498 3137 Endlich kommt sie, totenblass, im Brautkleid.
390 3127 1589 3320 Wo warst du? wo warstog du?
390 3300 2363 3469 Schwüle Szene. Er schliesst die Türe. Komm!
397 3438 2978 3600 Ich habe den Shawl nicht, ich muss ihn holen. Ich liebe
