3304 3976
2674 245 2821 513 15
781 398 2977 692 Nicht viel, doch reichlich für ein einsam Fest.
778 650 2601 797 So sei der Augenblick der Tat bestimmt.
775 765 2642 934 Da heut ein Tag herabgebrannter Lichter,
775 918 2515 1119 Zünd' ich die angebrochnen Kerzen an;
771 1068 2611 1285 Bei ihrem Schein der letzten Süssigkeit
771 1281 2607 1380 Und eines letzten Trunkes zu geniessen.
768 1428 2808 1536 Dann sei’s vollbracht, und länger säum' ich
2438 1508 2722 1616 nicht
768 1575 2875 1753 Bis rein der Tisch und ausgebrannt das Licht.
698 1705 3038 1912 /:Er hat die Kerzenstummeln angezündet, setzt sich
500 1900 2984 2066 an den Tisch, füllt ein Gh s Wein und setzt es an die
443 2040 829 2206 Lippen:
456 2244 2939 2474 /:Die Türe öffnet sich, der junge Graf Georg Bernburg
440 2483 2996 2623 tritt ein. Er ist in uniform eines Kavallerieoffiziers.
437 2614 1664 2789 Bleibt eine Weile stehen:
437 2744 2346 3009 Hans: /:wendet sich um; höchst erstaunt:
724 2910 1686 3121 Georg! /:Steht auf:
434 3111 740 3277 Georg:
1081 3101 1562 3261 Ich bin’s.
1594 3203 2378 3423 Du kommst zu mir
424 3270 688 3439 Hans:
421 3452 590 3586 Gg.
2394 3420 2917 3646 Staunst durch
424 3484 2030 3761 Hans: /:nach einer kleinen Pause:/
