3384 4024
2839 239 2938 385 9
738 431 3071 642 den Herrn Stanzides fragen, wann er mit der Agathe
745 555 2997 831 wieder zurückkommt. Mir giebt er keine g'scheite
745 763 1139 928 Antwort.
608 856 1573 1104 Dem: Wo bleibt sie?
611 1049 3025 1257 Fr.J: Mein Mann möcht's auch wissen, Herr v. Stanzi¬
769 1222 2355 1393 des, wann Sie wieder zurückkommen.
617 1393 2491 1573 Dem: Ich habe doch schon gesagt: - nie.
633 1539 1430 1709 Jörger: /:lacht:/
636 1641 2975 1865 Dem: Was hab' ich hier zu suchen? Was ich gesucht
782 1778 2929 2060 habe, hab' ick gefunden. Agathe,-die nehm' ich
779 2007 987 2172 mit.
648 2107 3040 2293 Jörger: Aber Sie werden doch wieder zurückkommen?
655 2265 2985 2454 Dem: Auf keinen Fall. Ich will Sie Alle nicht mehr
807 2445 2913 2677 sehen. Solche Leute wie Sie will ich nicht in
810 2578 1644 2811 meiner Nähe haben.
658 2724 3149 2926 Fr. J: Aber Herr v. Stanzides, wir sind die Eltern von
819 2901 1350 3093 der Agathe.
673 3037 3161 3261 Dem: Nun ja, ich werde Agathe nicht verbieten, Ihnen
822 3233 2693 3413 zu schreiben. Aber was ehen Sie mich an?
686 3379 2982 3562 Jörger: Derr Herr v. Stanzides macht einen Spass,
825 3531 2103 3763 Alte, merkst es denn nicht?
