3384 3960
383 504 1903 715 II. Akt. Hochzeit bei Mondschein.
373 687 1755 898 Die Musikanten spielen. Tanz.
376 850 3157 1008 Rudolf Liron sitzt beim Wein. Zwei Mädchen neben ihm, Basen
376 1005 2970 1150 der Agathe. Er erzählt ihnen gemeine Geschichten, endet
376 1157 2922 1312 eben eine. Geht dann zu den Musici. :Liron kann schon
376 1299 1710 1475 einmal herausheholfen haben:
366 1478 2773 1634 Die Mutter aufgeregt zu einer Base: Wo ist Agathe?
366 1644 2891 1768 Seine Reichtümer sind auf dem Wege von Indien hierher.
366 1799 2922 1941 Der Vater zu Liron: Entschuldigen Sie, aber Sie reisen
363 1951 3039 2076 jetzt mit meiner Tochter ab. Die wichtige Unterredung ist
356 2096 3050 2245 immer verschoben, meine Gläubiger drängen. Ich kann Ihnen
349 2245 2853 2421 nicht verhehlen: in drei Tagen werd’ ich eingesperrt.
349 2390 3063 2539 Mein Neffe kommt. Nachricht, ob mein Schiff untergegangen.
425 2542 1492 2742 Die Mutter kommt dazu,
352 2704 3081 2884 Liron :wie die Mutter salbungsvolle Worte spricht: Wozu
349 2877 2987 3022 das? Ihr hättet sie mir ja auch verkauft für eine Nacht.
345 3046 2003 3181 Wo ist übrigens meine schöne Braut?
349 3153 1299 3360 Sie kleidet sich um.
335 3333 2984 3509 Warum? Ich wollte sie im Brautkleid auf mein Landhaus in
349 3492 2939 3678 der/Brühl bringen. Ich war einmal in Amsterdam in' einem
307 3664 933 3813 Freudemhaus
