3352 4008
2927 255 3023 462 3
609 456 3154 679 gehen, weil du mich liebst. Ich habe in dieser Zeit ge-
599 606 3055 835 sehen, dass ohne dich alles leer. Bedenke das Leben.
612 778 3141 989 In einer Stunde ist’s zu spät.- Also der Diener bringt
599 950 3163 1186 Essen und Wein. Ungarischen Wein. Die letzten Flaschen
612 1087 3036 1317 im Keller. Dann wird er fortgeschickt. Sie ssen und
625 1240 3141 1451 trinken. Endlich öffnen sie das Fenster. Frühling. An-
631 1387 3150 1620 dern gehört die Welt, uns nicht. Sie trinken. Er sagt:
625 1559 3122 1779 Nun hast du Gift getrunken. Sie erschrickt. Nein, das
638 1709 3093 1907 nicht! Ich wolltedich nur sehen. [:Wann endlich? Was
638 1840 3087 2085 frägst du? warum? Du trinkst ununterbrochen den Tod:
647 2028 3080 2248 Auch das ist Tod, mein Kind. Nun aber wird es ernst.
660 2178 3106 2369 Endlich wirklich. Er leert seinen Giftflacon in zwei
673 2334 3135 2519 Gläser. Sie trinken. Nur er trinkt, sie lässt es fal-
676 2487 3122 2701 len. Er XXX bleibt stark, dann will er sich auf sie
676 2624 3166 2828 stürzen. Nein, es war auch kein Gift, glaubt sie. Sie
689 2800 3182 2969 will noch einmal trinken, er schlägt ihr das Gift aus
695 2899 3217 3173 der Hand, schleppt sich in den Alkoven und stürzt nie-
689 3052 3103 3288 der. Geh! das Leben wartet. Sie geht auf ihn zu; er
692 3272 1900 3482 ist tot, sie läuft davon.
