3336 3976
2870 360 3001 498 10
822 462 2799 697 Die höchste Lust mit teuerm Geld bezahlen.
488 642 2992 870 Br: Ja, Kind, die Jungfernschaft wird eben am teuer-
648 764 1274 960 sten bezahlt.
485 912 1547 1146 Walp: Oder gar nicht.
488 1101 2568 1297 Hans: Mir scheint, ich kenne diesen Jörger.
488 1258 3062 1416 Br: Auf der Wieden kennt ihn jedes Kind. Er hat in der
632 1416 3024 1608 letzten Zeit sein ganzes Geld verloren und noch was
626 1554 2969 1733 drüber, wie es heisst. Jetzt wird er wieder flott.
623 1737 2789 1887 Ja, so ein Töchterchen ist zuweilen Gold wert!
472 1907 3056 2045 Hans: Genug geschwatzt! Geht endlich auf die Hochzeit.
799 2045 3085 2250 Sagt nicht, woher ihr kommt; ich bitt' euch drum.
475 2225 3017 2353 Br: Aber Herr Baron, wie können Sie nur sowas von uns
620 2356 969 2517 gluben!
1602 2449 1920 2590 gleide
462 2546 2892 2690 Hans: Doch spielt das selbe, was ihr hier gespielt.
485 2674 2770 2844 /f.s/ Wer weiss, wie tiefe Macht die Töne haben,
783 2831 2674 3014 Wer weiss, sie reden, wie die Worte tun,
783 2969 2985 3130 Und bringen meinen Abschied.- - Geht, ich bitt
2796 3110 3037 3287 eucht
453 3136 2773 3348 Walp: Ich schwöre, dass er dieses Mädchen kennt!
465 3277 2160 3502 /: Der Flötist und Bratschist gehen:/
770 3419 1461 3614 Juliana, komm!
446 3566 2937 3769 Jul: /:hat die ganze Zeit Hans angesehen; steht auf: /
