3320 3992
680 392 2989 619 Und dieses Leuchten, glaub' ich, heisst: Verstehn
691 608 2863 778 Und dass du mich vor Jahr und Tag verliessest,
694 760 2874 910 Verliess ich dich, Georg? Mich dünkt, du irrst.
351 763 611 959 Hans:
685 904 2871 1103 War's nicht dein Wille, bleibt es doch bestehn.
366 927 524 1097 Gg:
685 1031 2938 1256 Doch komm' ich nicht, dich einer Schuld zu zeihn
683 1201 2912 1417 Denn alles, dünkt mich, kann ich heut begreifen.
694 1362 2563 1561 Und denke nur, wie seltsam solchen Tags
683 1544 2739 1719 Gehetme Macht. Die Mutter und die Schwester,
683 1688 2727 1829 Die längst schon deinen Namen nicht genannt,
683 1820 2572 2019 Bevor ich fortging, sprachen sie von dir
694 2004 2768 2195 Wie man von längst Dahingeschied'nen spricht,
680 2154 2543 2316 Die man geliebt hat und die man beweint.
1175 2264 1524 2376 meiner
1999 2246 2258 2353 Entenus
685 2321 2511 2500 Sie denken noch an mich in deinem Haus?
348 2278 596 2436 Hans:
677 2465 2681 2627 Nicht das.- Erinn'rung wachte heut nur auf.
357 2491 550 2612 Gg:
683 2632 2776 2759 Georg! weiss nicht, warum ich nicht mehr kam.
348 2638 596 2768 Hans:
668 2765 2759 2949 Ich weiss es heut. Aus unsres Hauses Frieden
351 2788 510 2949 Gg:
677 2912 2771 3090 Trieb's dich mit alter Kraft ins Ungebund'ne,
677 3056 2575 3263 Aus würdiger Gesellschaft stiller Frau'n
680 3228 2506 3442 Zu niedern Weibern, frechen Musikanten,
677 3398 2647 3571 Wo du Geburt und Adel deines Stands
668 3583 2629 3735 Bei wüster Lustbarkeit vergessen konntest.
