3336 4024
2690 384 2823 560 11
474 532 2965 786 Franz: Niemand weiss es. Ich geh' von hier gar nicht
619 693 2764 901 mehr nach Haus. Ich hab' mich anwerben lassen.
625 879 2909 1058 Morgen Früh um fünf bin ich auf dem Weg nach Ita¬
634 1111 888 1226 lien.
492 1164 2532 1371 Heinr: Franz! ja, ist es denn möglich -?
721 1334 2844 1557 Ich gehöre nicht unter diese Leute - so wenig
508 1439 650 1622 Fr:
650 1464 2931 1721 wie du. Ich bin zu schwerfällig für das Gesindel.
641 1684 2999 1876 Ich kann's nicht mitanschaun, was da um mich herum
659 1804 2993 1999 geschieht. Seit ich die Augen offen habe, muss ich
582 1990 1798 2225 mich Tag für Tag schämen.
520 2111 2352 2331 Heinr: Ich versteh' dich nicht, Franz.
535 2207 3002 2470 Fr: Kurz und gut: die Susanne spielt mit dir. In ei-
672 2454 2962 2677 ner halben Stunde verrät sie dich hundertmal. Die
675 2569 2835 2776 Mädeln aus der Familie sind alle nicht dazu ge
687 2699 2928 2996 schaffen, brave Frauen zu werden. Liess' man sie
693 2863 2968 3095 gewähren, sie wären längst nicht mehr XXXXXX zu¬
693 2996 2993 3231 haus. - Schau, Heinrich, ich komm’ ja nicht zurück
699 3206 3042 3389 von da unten, das weiss ich; aber ich möchte nicht
653 3346 2894 3615 dass du zugrund gehst; du bist was Bessres wert.
560 3578 1510 3794 Heinr: /: schluchzt:!
