3384 4056
2663 290 2772 519 6
739 474 2887 694 schon. Es ist nur die Frage, ob die Agathe.....
606 685 3028 911 Cresc: Wo steckt sie denn? Werden wir sie überhaupt
739 890 1559 1056 noch einmal sehn?
612 956 2980 1182 Stef: Ich glaube nicht. Ich wette, in ein paar Au-
751 1113 2992 1363 genblicken verschwindet auch Herr Stanzides. Sie
742 1333 2995 1481 wollen nur nicht, dass man sie mit einander fort
757 1484 1336 1644 gehen sieht.
624 1617 1846 1834 Cresci Aber Herr Stefan!
606 1755 2123 1988 Der Flötist: /:weint ganz laüt:/
618 1945 2126 2123 Dem: Was weint denn der Bursch?
624 2072 2036 2316 Bratschist: Betrunken ist er!
624 2280 1535 2446 Flötist: Walpurga!
618 2437 2974 2585 Kapellm: /:klopft:/ Wir wollen weiterspielen! Was
757 2552 1918 2742 befehlen Herr Stanzides?
630 2687 2787 2887 Brig: Armer Herr Flöttst! Was haben Sie denn?
618 2850 2959 3040 Flötist: Kein Mensch ahnt, was ich leide! (:Sehr
769 3022 2513 3206 laut:/ Kein Mensch ahnt, was ich...
621 3164 2374 3369 Kapellm: /:klopft:/  :Musik, leise:/
621 3267 2986 3502 Heinr: /:zu Sus:/ Wollen wir jetzt einen Tonz mit
745 3475 1958 3680 einander machen, Susannek?
630 3629 3040 3825 Fr.Pfl: Dass ich's Ihnen nur einmal sag’: Sie sind
