3320 4008
2847 246 2983 430 35
817 433 2556 568 Dies ist Zusammensein. Zum ersten Mal
441 427 693 591 Hans:
814 534 3093 797 Versteh' ich dies "Zusammen" ; giebt's ein Später,
809 738 2726 893 Ein Voneinandergehn auch nur auf Stunden,
826 899 2765 1032 So xxx harrt so vieles Fremde vor der Tür,
823 1091 2779 1202 Dass dies Zusammen nur ein Scheinbild ist.
865 1241 1547 1385 Was bebst du?
1507 1383 3130 1547 Kühle Luft zieht durch das Fenster.
452 1411 614 1524 Ag:
820 1555 1923 1702 Ich will es schliessen.
447 1552 707 1759 Hans:
1889 1674 3051 1835 Nein, bleib' nur bei mir.
447 1736 616 1841 Ag:
823 1863 2912 1974 Und halt' mich fest; da wird mir besser warm,
820 2010 2788 2115 Und diese Luft des Frühlings tut mir wohl.
828 2140 2794 2296 In diese Frühlingsnacht zieh'n wir hinaus.
458 2191 715 2296 Hans:
834 2304 2347 2432 Wie nah du bist! So war mir nie!
461 2364 622 2454 Ag:
2121 2457 2607 2621 Du fühlst,
458 2514 710 2686 Hans:
831 2610 2692 2751 Wie reich du wirst in diesem Augenblick.
845 2799 2720 2918 Was nie gelingen kann, so lange Hoffnung
843 2938 2638 3105 Und Angst in tausendfältigen Gestalten
831 3017 2853 3223 Mit deinem Wesen spielten, wie's der Zufall
840 3257 2799 3393 Des Lebens einmal will, Ruh' ist nur Eins:
848 3418 2785 3597 Fretwillig scheiden, und dein ganzes Wesen
831 3551 1705 3724 Empfängst du heut.
