3400 4008
2809 412 2935 599 20
819 596 2878 790 Von Ruhm die Hoffnung, Träume seltm Glücks,
810 785 2701 922 Der helle Reichtum eurer stolzen Jugend.
830 888 2907 1125 Und wie die Andern jung und froh des Daseins
833 1054 2463 1251 Giebst du dies Unermessliche dahin.
819 1246 2663 1429 Daneben kann mein Bettel nicht bestehn.
822 1400 2383 1578 Ihn hinzuwerfen ist er gut genug,
819 1561 2328 1713 Ihn anzubieten, wäre wie Betrug.
819 1707 2569 1890 Ein Bettel heute - morgen Ueberfluss!
510 1718 673 1839 Gg:
822 1864 2844 2036 Des Daseins ganzer Reichtum-ist sein Zweck.
833 1970 3133 2222 Erblick’ ihn, fühl’ Ihn, aus der Dumpfheit stürze
833 2165 2838 2351 Die dich umgiebt, mit mir hinaus ins Freie.
830 2311 2635 2494 Lass der bedrohten lieben Heimat (immel
802 2434 2849 2672 Herniederstrahlen auf dein Haupt, empfinde,
836 2655 2924 2764 Dass du mit hunderttausend Brüdern hinziehst
830 2743 2944 2984 Die alle trunken sind von gleicher Sehnsucht,
756 2910 2838 3084 /:Den Feind, der hart an unsrer Grenze steht
848 3084 2683 3293 Vernichtet rückzusenden in sein Land.:
842 3222 2950 3445 Ich weiss es, Hans, bist du erst auf dem Weg,
839 3439 3041 3583 Wie wirst du selbst des Daseins Sinn empfinden,
853 3557 2689 3769 Und fühlen, dass auf deiner Seele Grund
