3304 3960
673 241 1068 501 I King
2321 478 2730 689 24/4.98.
373 613 679 791 I. Akt.
363 758 1807 979 Das Zimmer des Hans von Traun.
353 930 2872 1148 Zimelich geräumig. Im Hintergrund zwei Fenster. Jetzt
376 1108 2945 1309 sind die Vorhänge zugezogen, das Gemach ist im Halbdun-
359 1296 2879 1441 kel. Rechts hinten ein Alkoven. Vorn in der Mitte ein
356 1421 2958 1603 Tisch, an dem etwa 10 Leute Platz hätten. Der Tisch ist
369 1560 2829 1741 gedeckt, in Unordnung. Die Reste eines Mahls sind zu
369 1734 2889 1922 sehen. Drei entkorkte Flaschen, halb geleetrte Gläser,
356 1856 3001 2064 Zwei Armleuchter mit je 5 Kerzen, nur 3 brennen noch ein
356 2021 2915 2203 wenig. Am Tisch stehen 5 Sessel. Auf dem einen rechts
353 2213 2866 2377 Juliana, schläft, der Kopf ist ihr herabgesunken, die
353 2381 2889 2536 Arme hängen schlaff herab. Walpurga liegt auf dem Fau-
359 2529 2852 2654 teuil nahe dem Fenster rechts. Der Flötist mit seiner
353 2658 2813 2836 Flöte auf einem Sessel am Tisch, die Beine auf  einem
356 2819 2816 3011 andern Sessel, schläft. Der Bratschist liegt auf dem
340 2988 2974 3146 Boden neben dem Divan, die Bratsche links auf dem Divan.
353 3126 2381 3301 Alle schlafen.- Einige Sekunden ganz still.
340 3314 2849 3479 Hans: /:tritt aus dem Alkoven, in einem schönen, aber
356 3456 2931 3624 nicht mehr recht neuen Morgenanzug aus grünem Sammt. Er
359 3601 2664 3842 tritt etwas nach vorn und betrachtet die Gruppe:/
