3320 3992
2684 335 2831 474 26
798 455 2675 643 Bereit, mit mir den letzten Weg zu gehn,
798 632 2919 796 Und doch so fremd, wie solcher Fahrt Genossin
793 787 2856 976 Mir nimmer sein darf. Sag' mir, wer du bist!
798 959 2944 1120 Was dich so spät,- doch was dich endlich rief.
793 1098 2931 1334 Mir ist, du schickst mich in die Nacht zurück,
482 1123 624 1275 Ag:
801 1281 2628 1414 Um meine Mumpfen Träume dir zu bringen.
798 1425 2881 1589 Was weiss ich nur von allem!... Ja, verloren
798 1558 2825 1736 War ich für dich, und noch vor einer Stunde
801 1752 3030 1930 So ganz verloren, dass ich's selbst nicht fasse.
732 1891 2809 2082 :Wie seltsam! Jetzt begreif' ich alles dies.
798 2063 2606 2221 In jenem Traum, aus dem ich eben komme,
796 2226 2562 2332 War alles das, was ich mit dir erlebt,
785 2362 2434 2551 Ein Traum und ohne jegliche Gewalt.
787 2534 2567 2712 Die andern aber hatten grosse Macht.:
798 2678 2113 2881 Und er! sprich doch von ihm!
463 2670 715 2809 Hans:
2118 2828 2939 2975 Er ist sehr wild.
469 2839 624 3011 Ag:
785 2939 2390 3180 Ich hab' oft Angst vor ihm gehabt.
2398 3102 2709 3274 Warum?
463 3144 715 3277 Hans:
785 3277 2797 3446 Das weiss ich nicht. Doch Alle haben Angst.
455 3319 627 3463 Ag:
785 3424 2881 3599 Der Vater und die Mutter auch. Jetzt ist mir,
782 3574 2709 3798 Als säh' ich mich demütig vor ihm knie'n,
