3368 4056
390 638 2045 769 Hans von Traun war früher Offizier.
397 779 3173 931 Hat früher in guten adeligen Kreisen verkehrt, unter Anderm
400 952 3125 1083 auch bei den Barnburgs, wo ihn der Sohn, ein braver junger
397 1135 3128 1235 Mensch, sehr verehrt hat und die Tochter in der Stille ge-
414 1317 721 1407 liebt.
973 1435 3076 1531 sich verlumpt, ist in ein Abenteuer gekommen,
404 1462 728 1566 Er hat
414 1548 3183 1704 hat die Charge niedergelegt, giebt sein Geld aus, lumpt mit
417 1749 1738 1862 Musikanten und Dirnen herum.
417 1859 3021 2007 Lernt ein Bürgermädchen kennen, Agathe Jörger, ein sehr
431 2049 3090 2166 lüsternes, verdorbenes, lebensdurstiges Geschöpf. Er ver¬
435 2200 3138 2324 lebt mit ihr eine schöne Zeit, aber erlich müssen sie aus¬
441 2355 3100 2459 einander. Sie soll heiraten, und sie trennt sich von ihm.
435 2466 3159 2607 Aber sie sagt ihm, wenn es nicht möglich ist, kommt sie zu
448 2628 3173 2762 ihm zurück, um sich mit ihm zu töten, da sie nicht mit Ihm
448 2828 3073 2918 leben kann. /:Vielleicht schlagt er der einen Dirne vor,
445 2973 1862 3094 dass sie mit ihm sterben soll:
445 3121 3187 3228 Er ist der Ueberzeugung, dass sie kommen wird, lebt diesem
448 3252 3225 3376 Tag entgegen; endlich aber ist der Hochzeitstag da, und nun
504 3404 2990 3545 weiss er, dass sie nicht mehr kommen wird. Aber da er
459 3538 3166 3745 schon ganz entsblossen war zu sterben, hat er beschlossen,
