3288 3976
2604 299 2741 482 14
430 407 2760 644 te... Wie flattern alle Gestalten durch einander:
742 612 2497 778 Ins Ungewisse geht er mit den Andern!
752 762 2864 976 Was kiümmert’s mich? Ich geh' in ein Gewisses.
755 934 2405 1090 Wie hätte dieser kriegerische Klang
752 1084 2718 1302 Wie laut einst und gebietend mich gerufen.
742 1256 2715 1442 Ich hör' ihn wol; verloren ging sein Sinn,
749 1432 2584 1601 Wie aller Sinn aus allen Tönen schwand,
745 1556 2646 1758 Die aus der Welt an meine Seele schlagen
742 1745 2757 1898 Und nur verwirrter Lärm von draussen kommt.
684 1852 2324 2038 :Und in verwirrten Tönen ohne Sinn
755 2021 2760 2204 Umklingt's mich aus der unruhvollen Welt.:
752 2171 2399 2350 So tief ist diese letzte Müdigkeit!
443 2308 3053 2503 /: Die Musik von der Strasse ist verklungen;/Hans entfert
430 2477 2275 2685 sich vom Fenster, geht im Zimmer umher:
736 2646 2848 2829 Was bleibt mir noch zu tun? Das Fest ist aus.
742 2760 2972 2988 Die Früchte sind verzehrt, geleert die Flaschen
732 2943 2666 3154 Das Leben ist gelebt,- ich könnte gehn...
742 3086 2604 3278 Und wiederum nicht völlig wahr. Orangen
739 3284 2851 3457 Und Datteln seh' ich auf der Schüssel liegen,
739 3398 2562 3587 Sogar vom Zuckerwek blieb etwas übrig,
739 3584 2705 3792 Und hier ist noch vom Wein ein guter Rest.
