3384 3960
2847 215 2939 385 7
344 361 1781 541 hin.- Also darum! Was war das?
344 552 3082 698 Wir wollten Beide sterben. Im letzten Augenblick zum Leben
388 729 2125 909 eine ungeheure Lust und Liebe zu dir.
344 865 1590 1015 Das also! Er ersticht sie.
347 957 3024 1141 Dann geht er zum Fenster. - Kommt herauf, ihr Leute! Hier
392 1127 2976 1318 liegen Zwei, die tot sind. Die Eine hab' ich selbst er-
344 1348 705 1539 mordet.
