3320 3992
2661 339 2790 492 27
760 492 2823 645 Und bin doch ganz gewiss, dass dies nie war.
752 678 2609 851 Dir graute nicht davor, ihm zu gehören?
435 667 681 796 Hans:
686 785 2557 946 :Einem zi gehören, der nicht ich war? :/
758 976 2951 1151 An grosse Reisen dacht' ich, prächt'ge Kleider,
438 974 602 1138 Ag:
760 1138 2672 1324 Leuchtenden Schmuck und alle hohe Macht,
766 1288 2451 1469 Die unermessner Reichtum geben kann.
766 1441 2680 1630 Wie eine Fürstin war ich vor mir selbst,-
766 1600 2926 1780 Das machte mich sehr froh und stolz. So war es.
763 1759 1162 1931 Und ich?
432 1750 676 1876 Hans:
1212 1876 3050 2076 Ich habe deiner nicht gedacht bis heut.
429 1934 596 2049 Ag:
763 2062 2861 2221 Auch heute nicht zuhaus, nicht in der Kirche,
760 2196 2891 2352 Und nicht beim Hochzeitsmahl; an meiner Seite
758 2382 2606 2508 Sass er, und seinen Atem fühlt' ich oft
755 2527 2943 2650 In meinem Haar, - das machte mehr mich zittern
758 2699 2587 2842 Als alle Küsse unsrer ganzen Brautzeit,
760 2855 2719 2978 Und viele Menschen waren da und lärmten...
747 2998 2680 3123 Mir ist, es war noch nie so laut um mich,
763 3118 2596 3304 Von ### Gläserklirren, Lachen und Musik.
421 3309 670 3435 Hans:
752 3301 1203 3465 MusikP...
1127 3421 2593 3676 Wir standen auf, als es begann,
421 3479 585 3597 Ag:
