3320 3992
795 427 2898 628 gefahren wäre. Sie war so schön im weissen XX
782 612 1092 804 Kleid.
646 736 2987 903 Fr. J: Wollen Sie uns jetzt nicht endlich ein Wort
792 922 2975 1073 sagen, mein lieber Demeter, wann Sie wieder zu-
795 1045 1274 1256 riickkomen.
653 1154 2258 1392 Dem: Zurück mit Agathe - hierherr
649 1373 1429 1543 Fr.J: Freilich!
649 1549 1154 1704 Dem: Nie!
649 1651 2434 1871 Fr. J: Wir möchten doch gern wissen...
649 1797 2041 2013 Dem: Ich sage Ihnen ja: nie!
659 1951 2963 2149 Fr. J: Jörger! komm doch einmal her!... kom doch!
653 2118 2938 2279 Jörger: Da bin ich! Mein teurer, mein lieber....
665 2276 2944 2465 Fr.J: Komm jetzt zu dir, Alter, Vielleicht giebt
789 2431 2474 2647 dir der Herr Stanzides eine Antwort.
649 2592 2956 2759 Jörger: /:unbetrrt:/ Für den Vater giebt's kein
804 2759 3046 2922 grösseres Glück als sein einziges Kind glücklich
792 2907 3096 3062 zu sehen. Ich hoffe, Herr v.Stanzides, Sie werden
798 3062 1784 3269 sie glücklich machen.
653 3198 3003 3389 Dem: Das haben Sie heut schon gesagt. - Wo bleibt
795 3392 1883 3563 Agathe? /:Steht auf:/
653 3522 3136 3689 Fr.J: Ich bitt' dich, red' nicht so daher! Du sollst
