3320 3976
2552 277 2708 455 16
572 470 2847 678 wissen, wo sie ist! Irgendwer hier muss eine Ahn¬
578 681 2705 834 ung haben, wo sie ist! Sie kann nur mit einem
575 798 2922 1024 Liebhaber davon sein. Wer weiss, wer ihr Liebhaberk
584 979 2877 1127 ist!... Susanne, Ihr Kleinen da! wenn Ihr sie mir
590 1109 2787 1332 nicht herschafft, so.... /:Zu den Musikanten:/
590 1310 1413 1482 Was passt Ihr so?
461 1419 1928 1666 Flötist: Wir sind erschüttert!
1091 1557 1259 1666 de
461 1585 2886 1808 Dem: /:nimmt xxx Flöte und zerbricht sie:/ - Alte,
618 1738 2865 1946 wenn ich nicht gleich erfahre, wer ihr Liebhaber
569 1898 2904 2106 ist, so'schick' ich in alle Tanzhäuser von Wien und
612 2067 2874 2238 wir wollen das Fest auf eine Art enden, dass die
621 2214 2720 2374 Stadt davon spricht! - Nun wird's bald? Heda,
621 2305 2970 2567 Kerle ihr, macht euch auft Geht in alle verrufenen
618 2491 2967 2675 Lokale von Wien und bringt mir die Weiber her, die
636 2660 2976 2859 es giebt! Es soll ein Fest werden, wie es sich für
741 2666 871 2772 dort
642 2787 2883 3022 auch schickt! Ist’s nicht die, so ist's eine Än¬
642 2970 2889 3166 dere! - Vorwärtst vorwärts! wollt ihr gehn? Oder
651 3133 1928 3320 ich will euch Beine machen!
