3288 3992
2706 211 2830 448 13.
643 415 2473 584 Entgegen schritt ich diesem Augenblick
649 597 2667 776 Bewusst und sicher, stets das Ziel im Aug'.
646 733 2800 938 So ganz verschwendet hab' ich Geld und Dasein,
646 892 2648 1022 Zu gleicher Zeit und mit der gleichen Lust
643 1038 2674 1233 Dass mir beinah befremdlich scheint, es sei
649 1204 2713 1405 Noch ein Entschluss, noch eine Tat vonnöten,
649 1373 2388 1454 Um dies verbrauchte Leben zu beenden.
341 1463 2820 1632 /:Man hört aus der Ferne eine kriegerische Musik, die
331 1655 2940 1866 eben näherkommt; endlich zieht sie vor den Fenstern vor-
318 1830 539 1950 bei:
315 1983 2168 2083 Hans: /: lauscht; dann sagt er lächelnd:
649 2151 2729 2268 So irrt' ich mich, und war mir doch bestimmt
646 2291 2541 2385 Nach jenem heitern Triller auf der Flöte
643 2456 2787 2651 Noch anderm kühn und ernstem Klang zu horchen.
344 2590 990 2742 /: Am fenster:/
639 2739 2849 2898 Täuscht mich die Dämm'rung nicht, so sind's die
2359 2843 2674 2953 Farben
646 2911 2534 3109 Von Bernburgs Regiment, und unter diesen
633 3063 2839 3226 Die hier vorbet ziehn, muss auch Bernburg sein.
328 3222 2891 3423 /:Erinnerung an Bernburgs Schwester und Mutter.. So rein
302 3404 2846 3576 wie in dieser Zeit bin ich nie wieder geworden... Will
324 3505 2878 3686 sich jetzt wieder alles zeigen - Ferne Tage - gute Leu¬
