3352 3960
247 182 399 386 4.
2730 250 2827 409 8
834 380 2756 610 Für deine Tochter hielten mich die Leute.
497 542 2899 769 Br: Aber Fräulein, wie ich schon bemerkt habe: wir
636 721 1828 925 müssen zu einer Hochzeit.
497 889 769 1062 Walp:
799 870 2717 1019 Ei nun, als wenn das was Besondres wär'!
818 1000 2902 1201 Ich bin auch einmal Braut gewesen,-dass mich
815 1204 3016 1347 Mein Liebster sitzen liess,- kann nichts dafür.
490 1321 701 1480 Jul:
857 1324 2996 1522 Hör' ich von Hochzeit reden, klingt es gleich
812 1477 2928 1659 Wie Orgelklang um mich, und beten möcht' ich.
477 1643 1636 1873 Hans: Bist du so fromm?
480 1815 701 1964 Jul:
1643 1789 2961 1980 Ich weiss nicht, was es ist.
480 1961 1717 2143 Br: Komm, Valentin, komm!
484 2120 1253 2295 Flöt: /: seufzt:/
477 2266 1373 2464 Walp: /:höhnt ihn:!
467 2441 1295 2633 Hans: /: zu Walp: /
795 2561 2776 2766 Warum lässt du den Jungen um dich seufzent
467 2756 2802 2899 Walp: Es freut mich so, dass einer um mich weint.
461 2912 3058 3055 Br: Komm, komm, es ist wirklich die höchste Zeit! Wenn
607 3090 3009 3256 wir uns verspäten, zieht uns Herr Stanzides am Ende
597 3198 2156 3373 etwas von dem bedungenen Lohn ab.
458 3347 1510 3535 Hans: Wer, sagst du?
458 3464 3061 3736 Br: Herr Stanzides, der Bräutigam, der mich und meinen
