3320 3960
2564 304 2716 500 13
615 484 1710 701 Keine Spur! keine Spur!
531 639 2914 850 Sus: Da muss man's halt dem Herrn Stanzides sagen.
531 788 2840 1049 Dem: /R asch herbet:/ Nun! wann kommt sie, warum
680 987 2142 1161 lässt sie mich so lange warten?
525 1120 3008 1316 Fr.J: Gleich ist sie da - aber gleicht Geh, Susanne!
652 1260 2647 1440 Hol' sie! Sag' ihr, sie soll sich beeilen!
531 1443 2918 1608 Dem: Warum haben Sie sie nicht gleich mitgebracht?
534 1574 2921 1772 Fr.J: Sie ist noch nicht fertig - meiner Seel'! So
677 1738 2371 1934 geh doch, Susanne, geh und hol' sie!
534 1884 2883 2042 Sus: Ich trau' mich nicht so spät allein über die
667 2080 1071 2235 Strasse!
534 2204 3026 2390 Dem: Was haben Sie denn, Frau Jörger? Was giebt's de
674 2387 1583 2573 denn? So reden Sie!
537 2545 1862 2710 Fr.J: Aber nichts hab' ich!
534 2654 1775 2868 Dem: ich hol' sie selbst!
534 2840 2890 3023 Fr. J: Ja, das ist das Gescheiteste. Holen Sie sie
692 2995 1034 3194 selbst!
528 3157 1350 3346 Dem: /:rasch ab:/
534 3299 1778 3467 Jörger: Was giebt’s denn?
537 3464 2840 3672 Fr.J: Was spielt denn die Musik nicht? Die Musik
