3320 3960
2601 229 2743 500 14
676 466 3008 664 spielt alleweil nicht! /: Sie giebt den Musikanten
670 621 2820 837 ein Zeichen. - Musik:/ So tanzt doch, Kinder!
673 794 976 995 tanzt!
553 982 2496 1155 :Brig.tr, Cr esc., Hubert, Stefan tanzen:
528 1124 2449 1322 Fr. Pfl: Ja, was hast du denn, Elisebath?
531 1276 1724 1461 Fr.J: Nichts, nichts is!
534 1393 3018 1597 Sus: Warum sagen Sie's denn nicht, Tante? Da kann ma
676 1563 1807 1782 doch nichts mehr machen.
541 1748 2956 1903 Jörger: Ja, um Gotteswillen, was ist denn geschehn?
537 1881 1776 2110 Sus: Die Agathe ist fort!
541 2057 1446 2242 Alle: Wie?... was?
544 2187 1269 2385 Fr.Pfl: Fort?!
544 2354 2922 2530 Jörger: Mein Kind ist fort! Ja, was soll das heis-
680 2527 896 2681 sen?
547 2619 2477 2820 Fr.J: In ihrem Zimmer is sie halt nicht!
534 2798 2978 3005 Rothner: G'schieht such Recht, g'schteht euch Recht
680 2937 2876 3151 Bagasch! Habt's es verkaufen wollen, euer Kind!
676 3104 991 3215 Seht's
676 3147 2008 3311 Jetzt, das habt's ihr davon!
534 3283 2891 3484 Jörger: Ja, wte kann's denn sein... wie kann das
689 3462 1081 3642 sein...?
