3368 4056
2717 273 2820 432 5
504 410 1966 644 Sus: Mutter! /:Ihr entgegen:/
511 565 2492 851 Fr. Pfl: Siehst, ob ich Recht g'habt hab'!
523 820 1340 945 Sus: Wieso denn?
520 921 2823 1085 Fr. Pfl: Hättst nicht früher anfangen können? Die
656 1048 2847 1237 Haar' könt' ich mir aussreissen! So was Dumm's!
532 1285 2139 1437 Sus: Ja, was kann denn ich dafür?
529 1456 2765 1583 Fr. Pfl: Er verschlingt dich ja mit den Augen...
665 1525 2978 1693 Nicht schu' hin jetzt! Wärst du so g'scheit gewe¬
684 1726 2841 1854 sen wie die Agathe, so wärst du jetzt die Frau
681 1829 2984 2018 Stanzides, und das Elend hätt' ein End'! Die Haar
675 2060 1914 2173 könnt' ich mir ausreissen!
553 2188 2993 2370 Stef: Könnten Sie sich dazu entschliessen, Fräulein
684 2322 2902 2486 Brigitte, so weit fortzugehen wie Ihre Freundin
684 2534 1051 2671 Agathe?
553 2571 2799 2802 Brig: Da würd' ich mir gar nichts draus machen.
571 2799 2905 2945 Cresc: Sie redt nur so! Im vorigen Jahr haben wir
702 2893 2972 3109 einen kleinen Ausflug gemacht nach Heiligenkreuz,
705 3106 2938 3264 und haben dort übernachtet,- da hat sie geweint.
556 3315 1574 3443 Hubert: Vor Heimweh?
571 3318 3011 3571 Brig: Das is ganz was Andres... Aber auf immer fort
711 3561 2935 3735 mit Jemandem, den ich gern hab', das könnt' ich
