3400 4056
634 443 2096 727 das Unglück von meiner Tochter!
502 640 2835 855 Sus: Schweig' doch, Mutter! Kommen Sie, Heinrich!
655 807 2431 1017 / :Beginnen zu tanzen, bleiben stehen:/
505 942 2820 1178 Heinr: Was hat das alles zu bedeuten? Schämst du
661 1115 2918 1337 dich gar nicht? Man lässt sich von einem fremden
664 1277 1755 1486 Mann nicht so anschaun!
532 1369 2879 1659 Sus: Was willst du denn, Heinrich? In einer Vier¬
679 1564 2287 1773 telstunde ist er ja nicht mehr da.
535 1725 2057 1941 Heinr: Soll das ein Trost sein?
541 1884 2434 2117 Dem: /: ist zum Tisch der Alten gegangen:/
559 2033 2808 2272 Jörger: Mein lieber Schwiegersohn, mein teurer!
700 2153 2951 2407 Seitzen Sie sich zu mir für die letzten Augenbli¬
721 2473 915 2634 cke.
577 2461 2039 2745 Dem: Wo bleibt Agathe se lang?
586 2607 2993 2879 Fr. Jörger: Herr Stanzides, das Kind ist jedenfalls
721 2846 1447 3044 auf dem Zimmer.
595 2918 2536 3205 Dem: Was tut sie so lang auf dem Zimmer?
604 3142 2583 3352 Fr. Jörger: Ein anderes Kleid legt sie an.
598 3268 2918 3498 Dem: Warum ein andres Kleid? warum? Ich hätte es
759 3397 2924 3669 gern gehabt, wenn sie im weissen Kleid mit mir
