3336 3976
353 515 764 646 III. Akt.
353 671 798 798 Wie im I.
353 830 1586 1013 Der Tote liegt im Alkoven.
353 968 1172 1151 Sie kommt und er.
359 1137 3021 1310 Hier ist der Shawl. Lass' uns gehen, du hast mir verspro¬
370 1296 615 1407 chen.
370 1344 3010 1555 Ich will ihn sehen! Nein! heda! Wie wär's, wenn ich dich
366 1576 3000 1714 bei ihm liesse? Er wird sich sehr freuen. Warten, bis er
373 1745 2955 1853 aufwacht. Und vor ihm musst du mir gehören. - Heda! der
359 1832 2959 2005 Kerl schläft gut. Höre! antworte mir! Hast du die Dirne
366 2050 3031 2195 gern? Ich will dir was sagen: heute Nacht nehm' ich dich
373 2205 2844 2319 mit und morgen schick' ich dich deinen Eltern wieder.
373 2357 3121 2485 Und endlich kehrt er sich zu ihm. Wach' auf! wir wollen um
384 2499 2965 2627 die da würfeln. So ist sie ja. Komm, ich will das nicht
380 2637 3107 2810 ausnützen.- Er geht auf ihn zu. Sie bewegt ihn, mit ihr zu
377 2789 3024 2927 gehen. Noch einmal kehren sie um Er will ihn töten. Dann
377 2931 3152 3076 wird's vielleicht gut. Es hat uns Niemand gesehen. Aber vor
380 3059 3093 3256 her, - warte! - er soll wissen, dass er stirbt. Wach' auf,
435 3225 3104 3401 du Schuft! du Hund! - Er stürzt sich auf ihn, merkt, dass
391 3401 2983 3563 er tot ist.- Sie will  fliehen. Er hält sie, führt sie
