3304 3976
2863 264 2985 515 33
439 463 697 632 Hans:
1329 479 2825 643 Sind wir einmal in fremdem Land,
678 607 2691 793 Z Wer weiss, wie viele Wege sich eröffnen,
727 823 2912 951 Ist hell der Blick und kräftig unser Schritt.
793 972 2917 1168 Ist dies dein Wille, lass' mich wieder geh'nt.
439 945 605 1103 Ag:
795 1133 2604 1313 Ich bin zu müd für solch Wanderschaft
806 1267 2792 1463 Und nicht gelaunt, von ein' zum andern Tag
793 1463 2408 1580 Ein ungewisses Dasein zu gewinnen.
793 1604 2917 1727 Mit Niemand teilt' ich solches Los auf Erden,
790 1719 2443 1896 Mit Keinem aber minder als mit dir.
798 1904 2539 2029 Nicht inen Augenblick gemeiner Sorge
795 2067 2868 2214 Ertrüg' ich, könnte dich nicht sorgen seh'n.
809 2190 2541 2340 Von meiner Liebe fiele Blüt' um Blüte
929 2318 2544 2468 Wie Allleging an hier trüxal nagth
793 2391 2394 2511 Herab, wenn Sorgen sie umstürmten,
790 2522 2536 2661 Und tief beschämt, in Ekel sänken wir
787 2669 2585 2803 Dohin, wohin wir heut erhobinen Haupt
784 2830 2852 2993 Ein fürstlich Paar, einander würdig wandeln.
409 2993 673 3102 Hans :
790 2985 2525 3138 Ich danke dir, Agathe. Nun ist's gut.
787 3119 2786 3285 Nun weiss ich, dass es ganz dein Wille ist.
771 3277 2718 3497 Ist’s nicht genug, dass ich gekommen bin?
419 3298 602 3432 Ag:
784 3435 2070 3636 Sprach dies nicht deutlich?
1297 3617 1405 3800 e
