3368 4008
2730 274 2891 413 1
523 504 807 608 I. Akt.
520 646 2100 750 Der Herr v. Traun in seinem Zimmer.
520 820 2251 902 Später Nachmittag. Er ist aufgewacht.
526 965 1658 1056 Geschlossene Jalousieen.
523 1097 2985 1220 Ein Freund und seine Geliebte wecken ihn. Sie wollen
530 1261 3055 1374 alle zusammen aufs Land. Nein. Hans v. Traun hat vorge-
526 1428 1576 1526 nommen, sich zu töten.
530 1554 3058 1687 Er erinnert sich an Verschiedene, die sich mit ihm ha-
539 1746 3061 1828 ben umbringen wollen. Seine blinde Jugendgeliebte, ei-
539 1882 2844 1992 ne berühmte Schauspielerin, ein Freund, der jetzt
542 2027 3017 2144 Schiffskapitan ist,- auch Agathe, die heute heiratet.
536 2166 2900 2295 Noch vor drei Wochen war sie bei ihm, dann hat sie
539 2330 3080 2453 sich verlobt. Es ist dumm, allein zu sterben. Manchmal
549 2468 2982 2613 möchte ich alle mitnehmen. Das war einmal ein Traum.
1873 2576 2314 2654 mériture
558 2629 2910 2765 Da man die ganze Welt nicht vernichten kann, wenig¬
558 2793 3033 2916 stens die paar Menschen, die man gern hat. Nicht ein-
558 2922 3036 3074 mal im Nichts einsam sein wollen. Wie dumm sind wir!
788 3105 3137 3222 Eine vom Sperl kommt. Er hat ihr neulich im Rausch
564 3272 3026 3389 gesagt, sie soll kommen. Er kennt sie gar nicht. Geh
555 3417 2866 3537 zu deinesgleichen - wie anders hast du ausgesehn.
794 3550 3067 3714 Ein fleissiger Freund kommt, einer, der nur alle
