3304 3992
2624 347 2758 539 12
508 530 1306 703 Fr: Wein' nicht.
502 648 2137 861 Sus: /:sitzt neben Cresc.und Brig:
520 822 1723 1023 / :Szene Demeter am Tisch:
499 965 2925 1141 Frau Jörger: /:sehr erregt zurück:/ Susanne! Susan¬
642 1151 2283 1339 ne! Weisst du etwas? weisst dû...?
502 1278 1321 1482 Sus: Was, Tante?
508 1431 1589 1628 Fr.J: Agathe ist fort!
505 1607 1138 1781 Sus: Fort? —
505 1750 1458 1936 Fr. J: Verschwunden!
505 1911 1501 2088 Sus: Was heisst daß
502 2021 2794 2222 Fr.J: Na verschwunden!... nicht da!... nicht auf
657 2225 1975 2417 threm Zimmer!... Fort! fort!
505 2374 953 2535 Sus: Ah!
508 2560 2472 2724 Fr.J: Wo kann sie sein? wo kann Sie seint
511 2636 1930 2861 Sus: Wie soll ich das wissen?
508 2800 1963 3053 Fr.J: Wer denn, wenn nicht du!
517 3013 2965 3150 Sus: Aber ich hab' keine Ahnung. Sie wird schon wie¬
657 3162 1129 3324 derkommen.
514 3284 2904 3503 Fr.J: Sag' mir, verstehst du mich denn nicht?
657 3473 2971 3652 Verschwunden ist sie, ich hab' sie zuhaus gesucht.
