3352 3976
2581 379 2711 573 29
669 562 2656 741 Zur Reise kannst du schnell gerüstet sein.
350 600 510 750 Gg:
675 739 2743 909 Satz' morgen mit dem Frühsten dich zu Pferd,
669 889 2528 1066 Mein Regiment kannst du in sil'gem Ritt
689 1046 2494 1216 Vor Graz erreichen, Unterdess hab' ich
672 1208 2514 1399 Mit unserm General ein Wort gesprochen.
669 1367 2653 1561 In solcher Zeit ist jeder Mann willkommen,
640 1538 1463 1674 Wie viel mehr du!
686 1671 2421 1862 Wie froh begrüssen wir den Kameraden,
675 1836 2607 1987 Der XXX uns in Friedenszeit verloren war,
678 1958 2804 2175 Doch seiner Pflicht im rechten Augenblick zu-
2326 2085 2792 2192 riickkehrt.
686 2146 2879 2291 Darf ich denn noch mit euch, und wär's nur ehr-
356 2184 602 2303 Hans :
2502 2239 2757 2424 lich,
692 2265 2531 2491 Wenn ich mich diesen Braven zugesellte?
684 2450 2610 2598 In eure Reihen taug' ich heut nicht mehr.
684 2636 2563 2809 Ein Jeder taugt, der seinem Kaiser treu,
368 2644 513 2778 Gg:
686 2708 3012 2905 Bereit, wenn's gilt, sich selbst ihm darzubringen.
692 2954 2572 3058 Ein fürstliches Geschenk ist euer Leben,
365 2943 608 3090 Hans:
692 3061 2410 3264 Wie edle Becher bis zum Rand gefüllt
689 3215 2665 3423 Mit heller Flut von goldnen Möglichkeiten.
686 3380 2439 3559 Da leuchten Frühlingstage, Abenteuer,
689 3559 2702 3759 Das Antlitz vieler Menschen, die auch wert,
