3320 3960
249 149 368 407 P.
436 365 2284 633 Jul: /:sieht ihn an, ohne aufzustehen:/
1182 662 2836 814 Ich hab' geträumt: du b###est mich,
772 759 2694 933 Bei dir zu bleiben. Nicht für immer zwar,
759 940 3004 1182 Doch für recht lang - für viele Tag' und Nächte.
433 1098 685 1266 Hans:
795 1111 1609 1331 Das fehlte noch!
433 1269 649 1476 Jul:
1589 1295 2978 1399 Und ich war froh... war froh,
759 1447 2955 1573 Wie man's nur träumen kann und gar nicht sagen,
753 1612 2758 1741 Und bin bei dir geblieben und hab' Niemand
707 1741 2797 1890 Gesehn als dich, gekannt als dich,.. geküsst
749 1883 2817 2077 Als dich allein! Das war so schön und still.
413 2054 2406 2196 Hans: /:sieht sie an und antwortet nicht:/
420 2174 3017 2351 Flöt: Herr Baron, wir empfehlen uns zu Gnaden und fer¬
562 2390 3014 2497 nerer Verwendung! Bei Herrn Drescher, Eigentümer des
552 2529 3010 2662 Walhallasaals sind wir jederzeit zu erfragen. - Küss
552 2623 2997 2894 die Hand, Herr Baron !... Die Fräuleins kommen wol
559 2846 1282 2965 gleich mit uns?
1725 2881 2051 3046 haben
401 2968 2871 3143 Brat: Das geht nicht, wir gehn ja einen ganz andern
536 3094 743 3295 Weg.
1715 3227 1919 3353 well.
401 3285 662 3495 Walp:
704 3243 2778 3440 ###! du schämst dich gar, mit XXXXX solchen
2410 3395 3114 3566 Zwet'n mit mir.
724 3456 2519 3598 Bei hellem Tag auf der Bastei zu gehn.
714 3643 2939 3744 Man könnte glauben..... Gott, was bist du dumm!
