3400 3992
302 339 3025 577 dich nicht, ich war bei ihm. Mach', was du willst! das Le-
346 607 885 729 ben wartet.
298 719 2927 919 Ich werde dich mit so viel Glanz umgeben, als du willst.
292 895 2103 1051 Es ahnt ja Niemand, wie reich ich bin.
302 1024 2913 1163 Wenn irgend ein Mensch erfährt, dass der Shawl dort ist,
309 1211 2978 1346 so jagt er sie hinaus, bringt sie um. Sie muss ihm sagen,
359 1363 2147 1550 wo er ist. Aber sie wagt nicht allein.
315 1455 2910 1709 Ich will dir sagen, wie es war. Da hab' ich ihn so viel
329 1658 2896 1784 trinken lassen, dass er betrunken dort liegt. Ich traue
312 1824 2906 2004 mich nicht allein hin. Wenn das einer erfährt. Begleite
312 1984 1367 2167 mich. Sie gehen Beide.
309 2103 1265 2360 Ein kleiner Schulbub
