3304 3992
2776 339 2915 464 25
794 447 2701 661 Was alles ist geschehn seit jener Stunde,
786 661 2662 833 Da du zum letzten Male mich verliessest.
788 780 2593 994 denke lieber, dass ich bei dir blieb
458 775 622 938 Ag:
783 969 2549 1147 Die ganze Zeit, in deinen Armen ruhte
797 1080 2976 1291 Geschlossnen Augs. Mir ist's nicht anders - J al
455 1277 708 1396 Hans:
780 1269 2665 1449 Ich aber hab' gewacht und hab’ gewartet.
783 1438 2793 1571 Und weiss, dass du mir ganz verloren warst,
777 1588 2837 1749 Bei andern Menschen lebtest, Worte sprachst,
786 1732 2429 1918 Die Lilge waren gegen dich und mich.
783 1902 2932 2054 Ich weiss: Am Abend, da durch mich verliessest,
783 2046 2654 2177 Gingst du nach Hause zum Verlobungsfest,
786 2204 2882 2329 Und weiss: vom Hochzeitsmahle kommst du heut.
772 2365 3004 2488 Ich liess dich von mir gehn, weil mich wie dich
786 2507 2701 2679 Vereinter Armüt trübe Hoffnung schreckte,
775 2660 2651 2826 Der Vater drängte, jener Mann war reich,
772 2823 2443 2959 Das Leben lockte, und vereinter Tod
769 2954 2926 3143 War nur ein zärtlich Wort, mit ihm zu spielen.
769 3104 2910 3259 Ich hielt dich nicht, nur flüstert ich zu dir.
772 3262 2704 3412 Kommst du zurück, mich findest du bereit!
783 3448 2712 3612 Nun wurde ### das Vielleicht, mit dem du
2460 3542 2918 3690 schiedest,
772 3551 2554 3792 Ein glühendes Gewiss. Du bist bei mir,
