3320 3960
2735 301 2870 470 15
648 458 3051 707 Fr. Pfl: Na, allein wird's jedenfalls nicht auf und
780 648 1656 845 davon gangen sein!
645 737 2996 977 Die Tanzenden: /:herbet:/ Was is g'schehn?... Die
783 916 1521 1143 Agathe is fort?
664 1125 1416 1294 /:Musik stille:/
648 1263 2120 1450 Flötist: O Walpurga- Walpburga!
648 1413 2848 1561 Jörger: Kellner, mein Rock! Kellner. mein Hut!
642 1579 3112 1770 Fr. J: Was willst denn? Glaubst du, du wirst sie fin¬
783 1742 2572 1923 den, wenn ich sie nicht gefunden hab'?
645 1880 3088 2080 Jörger: Fort will ich! fort will icht Was wird denn
783 2052 2059 2246 der Herr v.Stanzides sagen?
639 2175 3036 2341 Fr.Pfl: Na, Susanne, kannst's mir nicht sagen, mit
783 2354 2197 2535 wem die Agathe durchgangen is?
639 2492 1834 2695 Sus: Was weiss denn ich!
642 2655 2959 2848 Jörger: Herr Heinrich, ich bitt' schön, laufen S'
774 2796 2609 3011 auf die Polizet, machen S' die Anzeig'!
624 2983 2977 3152 Dem: /: kommt zurück/ Fort ist sie! Wof uo? Man
774 3109 2292 3309 muss sie mir wieder herschaffen!
630 3254 1963 3457 Jörger: o Herr v. Stanzides!
630 3377 3029 3598 Dem: Verdammte Alte, schaff' sie mir her! Du musst
