3304 3960
2693 351 2840 498 12
732 524 2604 708 Die letzten Töne sind, die ich vernahm,
726 654 2759 870 Dies scheint mir seltsam, da sie Alle fort.
734 858 3044 976 Jedoch ein bill'ger Scherz des Schicksals ist es,
734 1028 2583 1155 Dass mit der Bratsche und der Flöte die
743 1201 2615 1333 Zum Hochzeitsfest Agathens sich begeben.
737 1325 2534 1503 Ja, sie war klug genug und wählte gut!
743 1434 2589 1650 Der Narr bin ich, dar bis zu diesem Tag
746 1647 2609 1788 Drei Monde lang gewartet, dass sie käme,
746 1771 2834 1961 Als hätt' ihr letztes seufzendes "Vielleicht'
749 1950 2676 2114 Wie ein Gelöbnis Klang und Sinn besessen,
749 2131 2722 2258 Und war doch nichts als Laune eines Weibs,
746 2255 2598 2390 Das wie die Andern ohne Scham und Würde
746 2413 2534 2549 Sich einem widerwärt'gen Gatten giebt,
746 2549 2765 2730 Wenn nur der Kaufpreis hoch genug gestellt.
743 2742 2854 2877 Was geht’s mich endlich an? Als wär' der Weg,
749 2883 2765 3036 Den ich zu gehn gewillt bin, minder einsam,
749 3024 2880 3208 Wenn man zu Zwei'n ihn geht. Kein Miteinander
749 3226 2661 3375 Und kein Allein ist fürder von Bedeutung.
740 3358 1561 3511 Das Ziel ist nah.
740 3468 2871 3712 Nur wollen muss ich, und bin dort.- Ich will!
