3336 3960
2985 291 3092 526 2
2487 505 2874 685 10/5.98.
477 623 2933 834 Hans: Der Tag muss weit sein. - Josef! (:Sieht ins
1505 785 2784 979 Vorzimmer:/ Ja, der ging.
799 962 2947 1134 Zwar schien er sehr gerührt, da ich ihm sagte,
799 1114 2622 1290 Sein Herr bedürfe keines Dieners mehr,
802 1249 2964 1435 Doch ging er. Alle schlafen fest. Die Mädchen,
799 1397 2546 1563 Die Musikanten... Ja, nun ist es aus.
792 1560 2815 1747 Zeit zum Alleinsein wird’s. Ich bin zu müd.
792 1750 2954 1895 Dies war mein Abschiedsfest, nicht mit Agathe,
789 1885 2819 2082 Mit diesen Dirnen hab' ich's feiern müssen.
297 2044 2871 2182 /:Geht zum Fenster links, zieht den Vorhang zurück. Die
280 2203 3058 2355 Spätnachmittagssonne fällt herein. Blick auf die Bastet und
277 2362 3009 2508 die ferne Wiedner Vorstadt. Die Kuppel der Karlskirche ist
284 2508 754 2674 sichtbar:
778 2618 2940 2857 So spät! Der Abend nah!.. Schlief ich so lang?
280 2809 1767 3006 :Zieht den andern Vorhang auf:
263 2954 1356 3151 Walpurga: /:wacht auf:/
768 3127 2978 3331 Was giebt es denn? Wo bin icht... Guten Morgen!
256 3296 522 3431 Hans:
764 3262 2968 3497 Und gute Nacht, mein Kind,- denn die ist näher.
259 3459 522 3614 Walp:
761 3435 3096 3628 So spät ist'sf!... Freilich, es war Tag, du Süsser
235 3545 1086 3784 Hans: /:wehrt ab:
