3224 3976
504 241 927 492 Skirze
2186 414 2529 628 3/7.98.
1131 606 1468 804 II. Akt.
476 770 2918 949 Das Gastimmer im Wirtshaus "zum Mondschein". Es ist
485 949 2819 1085 in der Anlage sehr einfach, doch reich geschmückt.
470 1048 2952 1246 Rechts hinten auf mässig erhöhtem Podium die Mustkan-
488 1264 2890 1376 ten. Ausserdem Flötigsten und Bratschisten ein Vio-
479 1354 2838 1577 linist, ein Cellist,  ein Klarinettist. links
492 1564 2918 1716 ein Tisch, auf dem eben getafelt wurde. In der Mitte
492 1694 2359 1879 ein Aufsatz, Flaschen, Weingläser u. s.w.
488 1873 2869 2046 Am Tisch sitzt der alte Jörger, neben ihm Pflegner,
492 2037 2862 2210 Rathner, Bürger, Klaus. Frau Jörger, Frau Pflegner,
492 2179 2127 2352 Frau XXXK Klaus sehen dem Tanze zu.
488 2340 2788 2498 Demeter Stanzides tanzt mit Susanne Pflegner, der
488 2461 2745 2652 alte Klaus mit seiner Frau, Hubert mit Brigitte.
482 2624 2912 2794 Heinrich steht in der Nähe der Musiker und sieht zu.
492 2798 2408 2992 Nach wenigen Sekunden hört die Musik auf.
488 2952 2931 3113 Demeter mit Susanne, Stefan mit Brigitta, Hubert mit
501 3113 1904 3274 Cresceneta. Das Ehepaar Klaus.
485 3264 2838 3437 Die beiden Mädchen setzen sich neben einander, die
495 3434 2940 3561 jungen Leute stehen neben ihnen. Demeter und Susanne
