4840 5492
1071 594 4292 942 Zum ersten Mal seit der Trennung dachte er ihrer heute mit einiger
1059 859 4201 1054 Wehmut; er fragte sich, ob es sonderlich klug gewesen war, sie wi-
1050 992 4168 1208 derstandslos dem jungen Amerikaner zu überlassen, dessen sie, der
1059 1187 4151 1366 gefährlichen Hähe entrückt, nach wenigen Tagen gewiss nicht mehr
1059 1303 4326 1519 gedacht hätte und überlegte,ob es in jenem abendlichen Waldgespräch
1059 1499 4197 1673 am Vierwaldstädtersee nicht vielmehr seine Pflicht gewesen wäre,
1046 1665 4313 1901 die Freundin zu warmen,- statt ihr zur Annahme eines Heiratsantrages
1046 1814 4292 1993 zu raten, der, trotz aller leidenschaftlichen Bestimmtheit, als Ergeb-
1038 1951 4184 2159 nis einer Bekanntschaft von nur wenigen Tagen, doch einigermassen
1038 2096 4139 2308 verdächtig erschien. Freilich täuschte sich Robert auch darüber
1021 2258 4243 2491 nicht, dass sein augenblickliches Missbehagen viel weniger aus sol-
1017 2433 4155 2607 chen verspäteten Gewissenszweifeln, als aus der dankbaren und nun
1021 2553 4060 2819 beinahe schmerzlich erwachenden Erinnerung seiner Sinne floss.
1503 2736 4114 2956 Verspätet ins Hotel zurückgekehrt,nahm er sein Mittag-
1017 2860 4093 3093 essen wie immer allein an einem der breiten Saalfenster mit dem
1013 3059 4184 3246 Blick aufs Meer. Nachher verabschiedete er sich höflich von eini-
1000 3196 4263 3416 gen Badebekanntschaften und liess sich endlich für eine kurze Weile
1009 3325 4143 3566 am Tisch der Damen Kostner nieder,die auf der Uferterrasse ihren
996 3529 4151 3736 Nachmittagskaffee tranken. Fräulein Paula, der Robert während sei-
984 3707 4118 3881 nes Aufenthalts auf der Insel keine besondere Aufmerksamkeit ge-
1000 3803 4118 4043 schenkt hatte, wie ihm überhaupt der Verkehr mit unverheirateten
980 3981 4097 4184 Damen aus guter Familie wenig zusagte, betrachtete ihn heute mit
980 4164 4189 4417 einer Teilnahme, die ihn nachdenklich stimmte. Als er zum Abschied
967 4305 4305 4554 nicht nur der noch immer schönen, etwas hoheitsvollen Mutter, sondern,
976 4417 4176 4678 gegen seine Gewohnheit, auch der Tochter die Hand küsste, fühlte er
971 4633 4047 4832 auf seiner Stirn den warmen Glanz eines freundschaftlich-nahen
963 4786 4130 5040 „Blickes ruhen, der gleichsam dunkler wurde, als ihn Roberta augen
