4824 5476
2300 407 2478 589 -4--
1088 668 4404 893 der linden Luft, die auf dieser südlichen Insel auch an solchen Spät-
1079 884 4392 1034 oktobertagen noch mit sommerlicher Wärme zu schmeicheln pflegte. All -
1071 971 4346 1183 mählig kam ihm das Gefühl, als wäre der Moment, den er eben durchleb-
1088 1187 4342 1357 te,in Wirklichkeit längst vergangen,und er selbst, sowie er eben da-
1092 1333 4338 1507 stand, auf dem Landungssteg, den Hut in der Hand, mit geöffneten Lip-
1071 1478 4189 1669 pen, ein verschwimmendes Bild seiner eigenen Erinnerung. Er hätte
1063 1644 4367 1822 gewünscht, dieses Gefühl, das ihn keineswegs zum ersten Mal und durch-
1063 1797 4367 1984 aus nicht als ein unheimliches, sondern eher als in erlösendes über-
1050 1939 4193 2142 kam, länger festhalten zu können; aber mit dem Wunsche selbst war
1059 2080 4321 2321 es auch geschwunden. Und nun war ihm, als hätte er mit der Gegenwart
1054 2229 4234 2441 sich entzweit; Himmel, Meer und Luft waren fremd, kühl und fern ge-
1063 2375 3865 2595 worden, und ein blühender Augenblick welkte dürftig dahin.
1611 2541 4317 2769 Robert verliess den Steg und beschritt einen der schma-
1034 2702 4201 2914 len, wenig begangenen Pfade, die unter Kiefern und Steineichen, zwi-
1038 2881 4164 3068 schen wildwachsendem Gestrüpp, ins Innere der Insel führten. Doch
1030 2993 4263 3255 auch die Landschaft schien ihm duftlos, trocken und ihres gewohnten
1030 3184 4130 3408 Reizes wie entkleidet. Er freute sich jetzt, dass die Stunde der
1030 3363 4238 3553 Abreise nahe war, und in seiner Seele tauchten höchst lebendige Bil-
1021 3483 4355 3695 der von winterlich-städtischen Vergnügungen auf, nach denen ihn schon
1009 3624 4209 3873 lange nicht mehr verlangt hatte. Er sah sich im Theater, auf einem
1021 3819 4097 4023 bequemen Samtsessel der Betrachtung eines heiteren Bühnenspiels
1005 3956 4180 4172 hingegeben, sah sich durch hellbel suchtete, menschenerfüllte Stras-
992 4097 4193 4330 sen wandeln, zwischen lookenden Auslagefenstern mit köstlichen Ju-
1000 4280 4313 4496 welen und Lederwaren und endlich erschien ihm seine eigene Gestalt,
988 4417 4218 4674 ein wenig aufgefrischt und verjüngt,im stillen Winkel eines behag-
980 4624 4155 4824 lich-vornehmen Restaurants an der Seite eines weiblichen Wesens,
988 4753 4234 5027 dem seine Phantasie unwillkürlich Albertens anmutige Züge verlieh.
