4264 5396
1738 362 1965 557 -45-
581 648 3687 931 zur Neige gehendes Dasein; und diese Erkenntnis erfüllte ihn mit
577 883 3683 1090 einer halb lächerlichen,halb ärgerlichen Rührung. Als er erwach-
549 1022 3620 1229 te verspürte er in seinem Herzen nur eine unbestimmte Zärtlich-
541 1201 3731 1416 keit und merkte bald,dass diese Zärtlichkeit,ja all seine xxx Lie-
541 1364 3552 1559 be der armen Klavierlehrerin galt, die noch um so viel einsamer
521 1519 3548 1754 war als er. Er erhob sich, sah zum Fenster hinaus. Die Scheiben
493 1667 3488 1877 nach einem leichten Nacht Trost waren angelaufen, und der Himmel
485 1810 1325 1993 wundersam klar.
1042 1989 3524 2192 Er hatte mit den Damen verabredet, dass sie ihn, der
457 2100 3564 2335 früher aufzubrechen gedachte, auf einer kürzlich angelegenten be-
457 2267 3584 2494 quemen Bergstrasse im Wagen einholen sollten. In einer lang nicht
434 2458 3540 2653 erlebten, beinahe beglückten Stimmung, unter hellen,kühlen Himmel,
414 2581 3409 2796 kräftig,wie nach einem fernen Ziele ausschreitend,wandelte er
402 2776 3397 2975 die langsam ansteigende Strasse hinan. Früher als er vermutet
390 2923 3536 3130 hörte er das Rollen der Räder hinter sich. Er wartete am Wegrand,
386 3075 3496 3321 der Wagen hielt an, und die beiden Damen, ihn herzlich begrüssend,
362 3194 3385 3452 forderten ihn zum Einsteigen auf. Dankend nahm er ihnen gegen-
350 3337 3445 3592 über Platz. Frau Koener erzählte, dass sie, wie meist in Gebirge,
326 3564 3325 3779 auch heute erst gegen Morgen eingeschlafen sei. Robert sprach
326 3699 3468 3946 von einer merkwürdigen Beobachtung,die er nun schon zu wiederhol-
306 3826 3361 4069 ten Malen gemacht hätte: dass er in der Höhe nicht nur mehr, son
286 4021 3389 4208 dern auch ganz anders träume als daheim. Diese Träume zeichneten
259 4168 3385 4371 sich nämlich dadurch aus, dass die Menschen oder Dings nicht sich
255 4296 3405 4534 selbst, sondern irgend etwas Anderes, ganz weit davon Abliegendes,
231 4459 3317 4693 Ja gar nichts Wirkliches, sondern gewissemassen Begriffliches
235 4602 3214 4837 vorstellten. Doch er erwähnte als Beispiel nicht den Frau der
223 4813 3289 5024 verflossenen Nacht, sondern einen aus längst verflossener Leit.
