4808 5524
1018 629 4206 997 stellen, dass das linke Lid seinem Willen nicht so rasch gehorchte
1014 850 4247 1108 wie das rechte. Doch das Auge selbst blickte klar,die Pupille ant-
499 944 748 1124 G.H.F.P
1022 1026 4088 1300 wortete dem Lichtreiz ohne Zögern; und da Robert sich überdies
1018 1173 4210 1447 erinnerte, dass er die Nacht hindurch auf der linken Seite gelegen
1026 1312 4120 1594 hatte, schien immerhin eine genügende Erklärung für die Schwäche
1018 1504 4043 1749 des Lids gegeben. Trotzdem nahm sich Robert vor morgen Doktor
1014 1635 4132 1872 Beinbach oder Otto zu Rate zu ziehen oder, lieber noch, es darauf
1014 1774 4177 2085 ankommen zu lassen,ob sein Bruder die Ungleichheit der Lider von
1030 1925 4092 2236 selbst entdecken würde. Zugleich aber fühlte er diesen Vorsatz
1022 2101 4259 2395 wie von einer unbestimmten Angst durchzittert,ungefahr so, als wenn
1030 2269 4157 2538 er etwas Unrechtes begangen hätte und zumindest eines Verweises,
372 2354 634 2563 G.H.
1034 2432 4116 2694 wenn nicht gar einer Strafe, gewärtig sein müsste. Zuerst wehrte
1034 2522 4218 2812 er sich dagegen diese Regung zu verstehen; dann streckte er beide
1010 2714 4263 2980 Arme aus, wie um einen nahenden Feind abzuwehren, entfernte sich von
352 2833 601 3012 f 10b
1030 2894 4128 3139 seinem Spiegelbild und trat zum Fenster hin, an das die schweren
1014 3049 4243 3286 Regentropfen klatschten. Sein Blick fiel auf die Marmorstatue des
1010 3209 4088 3470 heiligen Christophorus,die gegenüber in einer Mauernische der
1010 3356 4210 3613 Kirche stand, geradeso wie vor zwanzig Jahren. Nun erst merkte er,
1030 3483 4194 3805 dass er sich in demselben Zimmer befand, das die Geliebte seines
1026 3658 4308 3924 Freundes Höhnburg vor so vielen Jahren bewohnt hatte; nur die Möbel
1026 3834 4226 4083 waren neu und statt der schweren dunkelroten Plüschportieren fiel
1034 3985 4255 4235 von der Messingstange des Alkevens in leichten Falten ein lichter,
1001 4141 4145 4419 geblümter Kretonvorhang herab, der zu der Farbe der neuen Tapete
1030 4312 4255 4582 gestimmt war. Sollte er diese Veränderung ins Helle und Freundliche
1022 4435 4247 4742 als günstige Vorbedeutung ansehen? Er versuchte es vergebene. Dem
1006 4586 4132 4905 mit grausamer Deutlichkeit stieg vor Roberte Sinnen der längst
1026 4725 4312 5040 vergangene Frühlingsabend wieder auf, an den nicht nur des Freundes
241 4762 429 5089 Votre
