4296 5396
1586 375 1849 631 —41—
659 711 899 939 ara
2037 811 2532 1006 bitte sich
2612 783 2776 1002 G.H.F.P
1594 743 1789 1002 7.
1102 1054 3674 1314 Als er am nächsten Morgen in die kühle Herbstluft hi-
603 1290 3718 1454 naustrat,und den Himmel mit trüben, unruhigen Wolken bedeckt sah,
599 1434 3654 1637 senkte er mismutig den Blick,ohne eine junge weibliche Gestalt
587 1621 3742 1797 zu beachten, die in einer weissen Wolljacke auf der Bank am Hotel-
583 1757 3682 1933 eingang sass. Doch als er von dort zwei Augen auf sich gerichtet
563 1893 3598 2061 fühlte, wandte er die seinen hin und erkannte Fräulein Kostner.
587 2049 3582 2240 'Ist es möglich", rief er mit einem Ausdruck der Ueberraschung,
527 2205 3522 2404 ja der Freude, dessen Uebertriebenheit er sofort empfand,- "Es
531 2372 3718 2540 ist sogar gewiss“,erwiederte Paula,ihm die Hand entgegenstreckand.
527 2524 3582 2676 "Gestern, denken Sie, sind wir in Wien angekommen und sofort wie-
503 2680 3483 2876 der heraufbefördert worden, nama und ich. Aber lassen Sie sich
487 2840 3590 2995 nicht stören. Sie wollten gewiss einen Spaziergang unternehmen?“
1006 2995 3554 3159 "Damit eilt es nicht. Wenn Sie erlauben, so leiste ich
451 3107 2895 3347 Ihnen Gesellschaft bis Ihre Mutter herunterkommt.
515 3271 3491 3566 "Das dürfte Ihnen zu lang dauern",sagte Paula. "Mir
427 3439 3495 3658 übrigens auch. Eben war ich im Begriff mich allein auf den Weg
427 3618 982 3810 zu machen."
939 3718 3534 3938 Robert bat um die Erlaubnis sich anschliessen zu dür-
383 3870 3550 4126 fen. Paula hatte nichts dagegen, trat vom Tor weg gegen die Mitte
395 4094 3602 4289 der Strasse, spitzte die Lippen zu einem leisen eigentünlichen
367 4209 3491 4425 Pfeifen, auf das hin an einem Fenster des ersten Stockwerks Frau
371 4317 603 4433 Rolf
359 4409 3534 4601 Kestner im hallblauen Morgenkleid sichtbar wurde, und rief zu ihr
355 4545 3379 4749 hinauf: "Ich gehe ein Stück voraus, Mama, gegen die Kampal zu,
355 4681 3331 4884 der Herr Sektionarst begleitet mich." Frau Kästner erwiederte
320 4816 3395 5088 freundlich Reberts stummen Gruss. "Wie hübsch, dass Sie auch da
