5046 5572
1901 496 2184 747 -118-
731 739 3701 1086 Gespenst schwebte ihm die Gestalt jener armen Klavierlehrerin
718 1037 3746 1235 durch den Sinn, mit der er seine letzte trübselige Liebes-
710 1179 3814 1393 nacht verbracht hatte,und wieder regte sich der seltsame Zweifel
710 1360 3673 1574 in ihm, ob in jener Begegnung sich nicht das Leben zum letzten
698 1522 3806 1671 Mal mit einer Frage an ihn gewandt,die er gedankenlos,ja grausam
710 1663 3742 1853 beantwortet hatte. Er erlebte es noch einmal in der Erinnerung,
698 1820 3943 1966 wie das einsame Geschöpf aus dem davonfahrenden Wagen sich nach ihm
698 2010 3754 2188 umgewandt. ihm traurig-ernst zugenickt und wie er selbst ihr
686 2147 3681 2309 ungerührt und herzenskalt nachgeblickt hatte. Doch sah er sich
686 2301 3641 2446 völlig anders, als er in jenem Augenblick und überhaupt jemals
694 2446 3758 2640 ausgesehen haben komte. Uebergross und hager stand er da in ei-
658 2595 3725 2741 nem fliegenden dunklen Mantel und warf einen schwarzen Schatten
670 2757 3794 2902 weit vor sich hin. Diesen Schatten aber nahm er jetzt tatsächlich
658 2902 3806 3132 wahr, da er gerade an der Laterne vorüberging, deren Licht gelblich-
642 3064 2926 3269 trüb über dem Eingange des Gasthofs schimmerte.
1207 3225 3665 3427 Er trat ins Haustor und fragte für alle Fälle noch-
618 3390 3721 3576 mals, ob nicht eine Depesche für ihn gekommen sei. Der Wirt klär-
618 3560 3633 3717 te ihn auf, dass es in diesem kleinen Orte von sieben Uhr Abend
609 3637 3742 3859 bis sieben Uhr Früh keinen Telegraphendienst gäbe. Nun kam Robert
593 3830 3556 4044 auf seine erste Vermutung zurück, dass Paula den Zug versäumt
581 4008 3677 4226 haben könne; und so durfte er noch immer mit der Möglichkeit ih-
581 4190 2696 4363 res Eintreffens um zwei Uhr Nachts rechnen.
1195 4202 3754 4545 Er suchte sein Zimmer auf und legte sich unausgeklei-
549 4440 3576 4686 det aufs Bett. Eine Stunde wollte er ruhen, denn Mitternacht war
573 4613 3798 4787 vorüber, und sich dann wieder an den Bahnhof begeben. Er löschte das
545 4803 3649 4969 Licht nicht aus und starrte von seinem Bett aus durch das gegen-
533 4920 3697 5158 überliegende Fenster in die Nacht. Er sah nur den Himmel und eine
