4232 5396
1631 407 1846 606 -35-
591 653 3598 888 lich zerrissenen Notenheften ein paar Bogen Kanzleipapier ent-
587 864 3653 1064 hielt, wickelte in einen davon das kalte Fleisch und steckte das
575 997 3583 1205 Päckchen in die Tasche ihres Regenmantels. Dann gingen sie die
563 1189 3516 1357 Treppe hinab; Robert leuchtete mit einem Wachskerzchen voran.
3352 1267 3504 1369 T.M.
555 1326 3700 1506 Auf der Strasse hing er sich in ihren Arm.“Oh, du musst mich nicht
555 1482 3653 1666 nach Hause begleiten", sagte sie.— "Freilich muss ich nicht. Aber
555 1647 3516 1815 wenn es mir Vergnügen macht." - An der nächsten Ecke stand ein
532 1795 3485 1967 Wagen. "Wir werden fahren", sagte er. Sie schüttelte den Kopf.
563 1948 3583 2081 "Verschwender",erwiederte sie,in dem gleichen müden Ton, wie ein
516 2073 3567 2214 paar Stunden vorher, als er eine Flasche besseren Weins bestellt
516 2229 3594 2452 hatte. Aber der Kutscher stand schon bereit, die junge Frau stieg
505 2382 3415 2534 ein; und nun fühlte Robert plötzlich gar keine Lust mehr sie
505 2570 3532 2754 zu begleiten. Er blieb zögernd neben dem Trittbrett stehen,ihre
477 2714 3512 2941 Hand in der seinen und fragte: "Wann sieht man sich wieder, mein
462 2894 3399 3086 Kind?" - "Ich hab dir ja gesagt,wo ich wohne”,erwiederte sie
508 3027 3325 3207 "und wenn du vielleicht wieder einmal mit mir zusammen sein
446 3203 3489 3391 willst, so schreib mir nur ein Wort. Ich bin immer frei.” - "Um-
438 3340 3516 3532 so besser", sagte er. Und langsam setzte er hinzu: "Ich danke dir
426 3528 3528 3684 recht sehr. Dabei küsste er ihre Hand. Sie trug keine Handschu-
419 3665 3512 3860 he, ihre Finger waren kühl. Und als er aufblickte,las er in ihren
391 3833 3325 3970 Augen: Wir werden uns gewiss nie wiedersehen. Ich hab dir ja
391 3892 3481 4169 kaum gefallen, das weiss ich; mein gestricktes Leibchen war nicht
379 4040 3434 4291 nach Meinem Geschmack und mancherlei anderes, was ich eben nicht
383 4259 3383 4494 besser habe, und das du anders gewohnt bist. Du wirst mir nicht
360 4420 3328 4611 schreiben, ich weiss es. Er las das alles so deutlich in ihrem
360 4568 3454 4807 Blick, dass er sich beinahe gedrängt fühlte ihr zu widersprechen.
340 4768 3313 4971 Aber der Wagen fuhr schon davon. Noch einmal sah sie nach dem
