4968 5460
2318 437 2548 705 -20-
1196 705 4322 981 als die Herren insgesamt aufbrachen, um den Abend in einer Bar zu
4128 870 4334 973 Robs
1192 948 4375 1146 beenden. Robert schloss sich gerne an und bald sassen sie alle in
1184 1113 4417 1278 einem niedern, menschen erfüllten, überhellen Raum an kleinen Tischen
1188 1258 4379 1427 und lauschten dem Klavierspieler, der Opernarien, Tänze, Lieder, aufs
1167 1402 4309 1658 Feinste harmonisiert, mit swanglosen Uebergängen unermüdlich vor-
1167 1592 1443 1814 trug.
3909 1633 4074 1736 Der
1786 1736 4289 1901 Robert besonders hörte mit einer Art von fachmänni-
1159 1897 4392 2115 sehen Vergnügen zu, da sein eigenes Talent demjenigen dieses Nacht-
1155 2041 4247 2231 pianisten, der tagsüber als Sparkassabeamter sein Brot verdiente,
1146 2194 4367 2375 einigermassen verwandt war. Doktor Leinbach versuchte sein persön-
1142 2346 4268 2536 liches Verhältnis zur Musik philosophisch klarzulegen. Eresprach
1122 2507 4219 2693 dieser Kunst einen sozusagen ameralischen Charakter zu, indem er
1130 2647 4445 2866 für seinen Teil unter dem Einfluss schöner Klänge sich stets geneigt
1109 2833 4396 3035 fühle sich von sämtlichen Fehlern und Sünden, begangenen und zukünf-
1134 2981 4285 3155 tigen, ein für alle Mal zu absolvieren. Robert erinnerte sich, dass
1109 3130 4223 3307 er dieses Lokal zuletzt in Albertens Gesellschaft besucht hatte;
1105 3299 4309 3468 und er fragte sich, wo sich die einstige Geliebte jetzt wohl befin-
1105 3447 4157 3621 den möge. Ob der junge Amerikaner,mit dem sie abgereist war, sie
1093 3621 4124 3786 wirklich geheiratet hatte? Er zweifelte daran. Der Mann konnte
1076 3753 4235 3918 doch ebenso gut ein Hochstapler gewesen sein und sie drüben oder
1072 3922 4252 4107 schon hier in Europa im Stich gelassen haben. Wie gewissenlos war
1064 4078 4157 4256 er doch gewesen sie nicht etwa aus Edelsinn, sondern einfach aus
1076 4231 4280 4478 verletzter Eitelkeit aufzugeben und einem willfremden Menschen zu
297 4260 474 4433 Le 1er
1047 4384 4256 4623 überlassen oder aussuliefern.
1662 4536 4062 4746 Inner mehr Leute drängten in den kleinen Raum und
3831 4606 4375 4734 re, blickte
1052 4713 4313 4920 swängten sich zwischen Tischen und Stühlen durch. Eine sehr grosse,
1076 4874 4219 5047 unnatürlich majere junge Dame in Begleitung von zwei Herren blieb
