4328 5396
1736 533 1950 694 -92-
1159 715 3751 1086 "Du erinnerst dich also“, fiel Robert so hastig ein, als
634 941 2891 1199 hätte er den Bruder ertappt und er nachte wieder.
1171 1050 3747 1357 Otto verzog die Miene in seiner spöttischen Art. "Ich
634 1284 3880 1474 kann allerdings keine Garantie übernehmen, dass sich dieses Schrift-
626 1486 3771 1684 stück noch in meinem Besitz befindet, denn ich habe die Gewohnheit
622 1655 3666 1833 alle paar Jahre unter dem Zeug, das sich so im Lauf der Zeit an-
618 1789 3626 1974 sammelt, aufzuräumen; und es wäre nicht unmöglich, dass auch dein
606 1942 3605 2136 Brief von damals,wie allerlei anderes, irgend einmal in Flammen
602 2071 3690 2297 aufgegangen ist. Aber wenn du Wert darauf legst,will ich nachse-
594 2241 3577 2467 hen." Er sprach mit einer Ruhe, die sehr absichtlich wirkte. "
1207 2443 3549 2612 „Wenn du einmal Zeit hast“, sagte Robert rasch,"so
585 2576 3682 2778 wäre ich dir dankbar, denn ich möchte nicht - und du wirst es be-
581 2713 3706 2883 greifen,- dass der Brief später einmal meinen Neffen in die Hän-
569 2863 3626 3125 de fiele und sie sich über ihren verrückten, längst verstorbenen
573 3056 1639 3266 Onkel lustig machten."
1183 3093 3605 3363 "Du bist ja sehr besorgt um deinen Nachruhm", meinte
557 3295 3654 3541 Otto. "Aber wahrscheinlich bin ich es - unbewusst - schon früher
545 3521 3654 3706 gewesen, und das allerdings etwas lächerliche Schriftstück dürfte
537 3686 3525 3872 gar nicht mehr existieren. Wenigstens erinnere ich mich nicht,
537 3751 3440 3941 dass es mir seit vielen Jahren vor die Augen gekommen wäre.“
1130 3880 3577 4078 "Ich hätte natürlich auch nicht mehr daran gedacht,
3226 4062 3492 4159 beson
489 4134 3476 4320 aber die neue Lebensperiode, in die ich eintrete,- nicht wahr,
501 4284 3618 4465 Otto, du verstehst ja - - man möchte alles weit hinter sich gewor-
493 4433 3597 4651 fen haben, was an trübe Epochen der Vergangenheit mahnt, man möch-
2818 4526 3008 4635 alka
501 4611 3553 4793 te jede Spur davon aus der Welt verschwunden wissen... Leider
493 4752 3605 5006 geht es nicht mit allem so einfach - wie mit einem Stück-Papier.
