5046 5572
2297 404 2584 667 -113-
1205 801 4311 983 dig, unkörperlich ihm entgegenstarrte. Als in dem grünlichen Ka-
1205 926 4444 1132 chelofen nach einiger Zeit die Holzscheite zu glimmen und zu knis-
1189 1108 4262 1326 tern begannen, setzte er sich, noch immer in seinem Pelz, auf den
1201 1237 4343 1440 schwarzen,ans Bett gerückten breitlehnigen Lederstuhl. Drei ein-
1189 1452 4420 1618 same Stunden lagen vor ihm. Sein Vorsatz war, die Zeit zu benützen,
1193 1618 4359 1775 um für alle Fälle in knapper Form die Umstände niederzuschreiben,
1193 1743 4355 1941 die ihn zu seiner plötzlichen Abreise bestimmt hattenjob nun das,
1177 1917 4165 2095 was er zu schreiben gedachte, jemals von irgend einem Menschen
1189 2087 4290 2240 gelesen werden oder ob es nur zu seiner eigenen Sammlung und Be-
1177 2232 2293 2434 ruhigung dienen sollte.
1727 2370 4230 2535 Er liess sich ein paar Bogen Kanzleipapier bringen,
1165 2531 4400 2738 setzte sich an den Schreibtisch und mit einer Sicherheit des Worts,
1152 2730 4311 2895 wie sie ihm sonst nicht zur Verfügung stand,in kurzen eindringli-
1140 2851 4117 3025 chen Sätzen,warf er, da er ganz unwillkürlich mit Daten seiner
1124 3041 4177 3178 Geburt und frühesten Kindheit begonnen,einen Abriss seines gan-
2746 3134 2924 3223 auf
1124 3154 3255 3328 zen Lebens bis zum heutigen Tage xxx Papier.
1666 3324 4141 3514 Er schrieb mit fliegender Feder zwei Stunden lang;
1080 3474 4181 3676 und die letzten Worte, die er, vorläufig abschliessend, hinsetzte,
1051 3643 4169 3809 lauteten: "Ahnung eigener Mitschuld an der Wahnidee meines Bru-
1068 3801 4161 3975 ders. Wir Beide vielleicht Erscheinungsformen ein und derselben
1055 3926 4303 4141 göttlichen Ide?? Einer von uns Beiden musste ins Dunkel. Es ward
975 4133 4092 4327 über ihn verhängt, obwohl früher meine Schale hinüberneigte.“Er
1051 4294 3939 4464 verschloss das Geschriebene in der Reisetasche, sperrte dies
1027 4436 3239 4630 verliess das Zimmer und begab sich ins Freie.
1589 4622 4181 4816 Hinter den angelaufenen Fenstern der Wirtsstube sass
1019 4755 4040 4978 eine kleine Gesellschaft Einheimischer beim Bier, und er hörte
999 4937 4080 5192 ihr lautes Reden auf den Platz heraus. Der spasierte weiter und
