4216 5380
1705 364 1952 596 -74—
556 635 1035 866 dem Schlu
1078 631 3590 858 In froher Erregung ging Robert in seinem Zimmer auf
568 843 3601 1007 und ab. Ihm war, als sei durch diesen Brief eine düstere, gefahr-
576 984 3727 1164 volle Epoche seines Lebens ein für alle Mal abgeschlossen. Bedurf-
553 1156 3476 1325 te es eines solchen Schriftstückes auch nicht mehr zu seiner
564 1340 3621 1489 eigenen Beruhigung,es war unschätzbar als Beweismittel gegen An-
545 1470 3621 1650 schuldigungen und Verdächtigungn aller Art, und er verwahrte den
529 1630 2680 1838 Brief sorgfältig,ehe er sich zu Bette legte.
513 1787 682 2132 d°
1673 1908 1897 2132 12.
506 2093 756 2304 reder
1027 2253 3570 2390 Die Verlobten suchten in vorstädtischen Bezirken nach
482 2406 3421 2602 einer bescheidenen Wohnung. Sie waren für die nächste Zukunft
482 2555 3409 2759 auf Roberts Beamtengehalt und auf eine geringfügige Rente aus
490 2688 3464 2919 dem Erbteil von Paulas Grosseltern angewiesen, und Pauha sprach
458 2916 3484 3064 zuweilen davon,ob sie nicht durch Erteilung von Violinlektionen
451 3037 3448 3202 das Ihrige zum Haushalt werde beitragen können. Als bei dieser
431 3182 3448 3358 Gelegenheit einmal der Name des verstorbenen Komponisten fiel,
415 3315 3492 3515 mit demTheile dem Gericht nach verloht gewesen war, liess Robert
427 3496 3425 3684 einen Blick auf ihr ruhen, der eine Erklärung zu erbitten,ja zu
400 3629 1207 3868 fordern so hien.
384 3801 890 3950 kat.
1007 3825 3362 3958 Sie standen auf dem kleinen Balkon der eben von
380 3942 3437 4115 ihnen gemieteten Wohnung. Es war eine Spätnachmittagsstunde, der
368 4130 3323 4318 erste Schnee dieses Winters fiel leise, und ein graues Dämmern
353 4291 3358 4456 sank in die kleinen, ärmlichen, entlaubten Gärten, die durch nie-
353 4432 3386 4648 dere Mauern von einander getrennt, ihnen zu Füssen lagen. Paula
341 4612 3456 4812 sog die dunkle Pelzboa fester um den Hals, trat mit Robert in das
325 4742 3339 4985 kahle, frisch geweisete Zimmer zurück, wo die Hausbesorgerin mit
