4248 5364
1722 412 1924 641 -54-
578 713 3630 994 zu pfeifen,er wusste selbst nicht recht warum. War es,um Lein-
570 966 3500 1128 bach zu prüfen,um ihn zu ärgern, oder um ihn hinters Licht zu
546 1073 3682 1287 führen? Plötzlich erhob er sich und schlug vor, sich auf den Rück-
558 1251 3686 1445 weg zu machen. Leinbach nichte und rüstete sich etwas umständlich
530 1437 3678 1619 zum Abstieg. Da Robert ein paar Schritte vorausgeeilt war, bemerk-
523 1564 3630 1781 te Leinbach trocken: "Deine Lähmung scheint ja zurückgegangen zu
511 1738 3527 1920 sein.“ - Robert wandte sich hastig nach ihm um. Doch die Miene
503 1892 3682 2094 des Freundes zeigte nur den gewöhnlichen Ausdruck eines matt über-
499 2043 3618 2272 legenen Spottes. "Ich habe mir nie eine Lähmung eingebildet", sag-
487 2173 3507 2387 te Robert. "Ein Hypochonder mag ich ja sein, aber ein Idiot bin
455 2336 3602 2549 ich nicht. Uebrigens habe ich mich noch nie so jung und so frisch
443 2470 3515 2672 gefühlt wie jetzt." - "Ja",seufzte Leinbach,”wer auch sechsMo-
986 2633 1295 2728 nehmen
432 2672 3579 2862 nate Urlaub könnte! Wenn unsereiner so lange seine Freiheit
432 2815 3551 2997 haben wollte, müsste er geradezu durchbrennen. Im übrigen“,setzte
428 2997 3428 3151 er anscheinend unvermittelt hinzu,“was sagst du zu der Affaire
396 3088 879 3310 Kostner?"
1350 3226 1540 3365 Ralf
851 3250 3345 3460 "Affaire Kostner?" Robert stand das Herz still. Was
380 3424 3428 3658 hatte das zu bedeuten? (Affaire Kostner? Hatte daß einen Bezug
372 3614 3551 3804 auf ihn? War er in irgend eine Sache verwickelt,ohne es zu ahnen?
408 3777 3480 3947 Paula? Sie sind gestern beide abgereist. Mutter und Tochter. Es
352 3907 3321 4097 war vollkommen ausgeschlossen, dass er Paula umgebracht hatte.
329 4070 3294 4256 Fassung,Ruhe! Was war das wieder?! Er hatte doch nie jemanden
313 4220 3286 4422 umgebracht. Das stand ja fest, er wusste es,-nie. Was ist das
301 4370 2439 4596 für eine Affaire?“ fragte er ruhig.
760 4497 3274 4723 „Ach, du hast wohl heute noch keine Zeitung gelesen.
277 4699 3353 4897 Doktor Poetzes ist durchgegangen. Unterschlagene Depots, Mündel-
273 4877 3092 5162 gelder und dergleichen,- man hat schon lang was gemunkelt."
