4344 5380
1787 365 2054 644 -97—
695 695 3735 872 pflege, das er für seinen Teil aber seit jeher als den Ausdruck
683 844 3763 1060 tiefer Zusammenhänge erkannt hatte, die dem Spieler selbst not-
687 1002 3747 1214 wendig verborgen blieben. Robert spürte eine wachsende Erbitte-
672 1119 3657 1343 rung in sich aufsteigen; plötzlich warf er die Karten auf den
656 1276 3770 1532 Tisch und verbat sich mit zornigen Worten alle weiteren Weishei-
672 1469 3821 1669 ten des "philosophischen Kibitzes." Leinbach lachte wohl, entfern-
660 1595 3625 1826 te sich aber bald und verschwand aus dem Kaffeehaus,ohne sich
660 1803 3621 1964 von Robert verabschiedet zu haben. Dieser bereute jetzt seine
664 1909 3786 2113 Heftigkeit umso mehr.als auch seine Spielgenossen ihn mit Befrem-
648 2109 3743 2305 den betrachteten und sich durch Blicke zu verständigen schienen.
621 2266 3621 2423 Er nahm sich zusammen, beteiligte sich weiter am Spiel und als
617 2364 3653 2604 nach einer Stunde abgerechnet wurde, durfte er mit gutem Grunde
621 2506 3723 2761 glauben, dass man seines früheren aufgeregten Wesens wieder voll-
597 2706 3715 2914 kommen vergessen hatte. Immerhin konnte er sich im Nachhausgehen
589 2828 3633 3060 nicht darüber täuschen, dasser, der doch hergekommen war, um sich
589 3001 3570 3236 eines Verbündeten zu versichern, jetzt womöglich noch einsamer
577 3142 3472 3429 und, was das Schlimmste war,verdächtiger dastand ale vorher.
1791 3421 2015 3719 1a.
1261 3696 3574 3943 Am nächsten Morgen begab er sich nicht ins Amt,
530 3861 731 4022 an
534 3916 3641 4159 sondern unternahm einen Spaziergang, der ihn in entlegene, zu die-
526 4092 3531 4324 ser Jahreszeit, insbesondere an einem so trüben Nebeltage fast
534 4246 3645 4497 völlig verlassene Pratergegenden führte. Niemand konnte ihn hier
499 4418 3602 4654 vermuten, er hatte das Gefühl vollkommener Sicherheit, von keiner
503 4595 3633 4776 Seite drohte irgend welche Gefahr. Später sass er in einer wohl-
475 4772 3480 4988 geheisten Wirtsstube bei einem einfachen Mittagmahl und wurde
707 4945 1606 5204 gerechwinden. Er freie
