5016 5460
1429 160 1790 380 V. M.
3307 136 3579 376 P.
2634 176 2835 380 14
2450 372 2707 621 -97—
1365 713 4588 929 aus dem Wahnsinn, könnte man vielleicht sagen. Aber ich werde nicht
1369 857 4440 1025 allein xxx fahren, nein, ich werde Paula mit mir nehmen. Wird sie
1369 1009 4332 1233 bereit sein? Gewiss! Sie ist zu allem bereit, was ich wünsohe,
1361 1161 2751 1369 es kostet mich nur ein Wort.
1834 1337 4356 1505 Paula hatte ihn mit Unruhe erwartet. "Wo bist du den
1513 1353 1718 1493 Mais il
1349 1461 4372 1654 ganzen Tag gewesen?“ fragte sie. Er war verwundert,denn daran,
1353 1622 4480 1810 dass er heute morgens das Amt versäumt, hatte er längst nicht mehr
1345 1802 4272 1978 gedacht. Nun stellte sich heraus, dass Paula ihn Vormittagsim
1345 1942 4416 2126 Bureau vergeblich angerufen, dann in seinem Gasthof angefragt und
1333 2090 4396 2290 sich Nachmittags zweimal telefonisch bei seinem Bruder erkundigt
1321 2274 4360 2442 hatte,ob er dort etwa vorgesprochen. Robert fand es höchst son-
1333 2402 4476 2578 derbar, dass Otto ihm gegenüber davon nicht einmal Erwähnung getan,
1317 2566 4416 2747 aber er sagte sich gleich, dass es galt, weder Misstrauen noch Ver-
1301 2707 4292 2891 legenheit zu zeigen. So machte er denn in humoristischer Weise
1309 2871 4332 3051 den ertappten Sünder und gestand, dass er wie in seligen Kinder-
1293 3031 4324 3187 seiten eine unbeswingliche Lust verspürt habe Schule zu stürzen
1297 3183 3295 3399 und in aller Früh über Land gefahren sei.
1734 3343 4388 3523 Paula schien sich gern überzeugen zu lassen und begnüg-
1257 3475 4276 3659 te sich mit leichten Vorwürfen, warum er sie von seinem Vorsatz
1257 3651 4300 3852 nicht verständigt und sie nicht aufs Land mitgenommen habe. Sie
1249 3828 4248 4024 sassen, wie es jetzt manchmal der Fall war,in Paulas anmutigem,
1245 3944 4272 4164 ganz in Weise gehaltenen Mädchenzimmer, wo von einer verhängten
1233 4100 4416 4276 Deckenlampe über Bilder und Teppiche ein mildrötliches Licht fiel.
1225 4312 4296 4484 Robert sog Paula zärtlich in seine Arme; doch er war serstreut;
1229 4432 4296 4616 unklare Fluchtpläne zogen ihm durch den Sinn und vergeblich ver-
1209 4588 4380 4817 suchte er ihnen eine festere Gestalt zu geben. "Was ist dir denn?”
1189 4732 4168 5021 fragte Paula, In diesem Augenblick kam ihn eine Kingebung, die
