4776 5540
2102 443 2353 669 -10-
1010 645 4106 990 Zimmer, das man ihm aawies, hochgewölbt mit zwei breiten Fenstern,
1010 838 4197 1125 behaglich eingerichtet und mit dem Ausblick auf die grünpatinierte
998 1043 4114 1302 Kirchenkuppel, versöhnte ihn mit dem trübseligen ersten Eindruck.
998 1187 4156 1450 Er liess sein Gepäck heraufschaffen und machte sich sofort daran,
1002 1326 4213 1585 mit Hilfe einiger Kleinigkeiten aus eigenem Besitz, die er auch auf
1006 1503 4283 1762 Reisen stets mit sich zu führen pflegte,wie Briefmappe, Papiermesser,
1006 1618 4209 1918 Aschenschale und dergleichen, dem Gasthofzimmer einen leisen Schein
1002 1766 4172 2053 von Häuslichkeit zu verleihen. Nachher begab er sich in das Bade-
1010 1971 4225 2238 zimmer, dem wohl anzumerken war, dass er es nur nach der widerwillig
1006 2115 4254 2390 anerkannten Forderung einer neuen Zeit aus irgend einem unbenutzten
998 2226 4246 2542 Bodenraum für seine jetzige Bestimmung umgewandelt worden war. Eine
998 2431 4098 2710 gelbliche,in die Decke eingelassene Lampe verbreitete spärliches
986 2558 4102 2829 Licht in dem fensterlosen Raum, und durch den länglichen Spiegel,
994 2739 4078 3018 der in einem glatten alten Goldrahmen an der Wand hing,ging ein
986 2915 4032 3137 Sprung von unten bis oben. Seiner Gewohnheit nach blieb Robert
994 3063 4205 3297 ziemlich lange im Bad, dann, den rauhen weissen Mantel um die Schul-
990 3199 4234 3507 ter geschlagen, trat er vor den Spiegel hin und fand sein bartloses,
990 3371 4082 3601 schmales Gesicht recht frisch, ja sogar für seine dreiundvierzig
977 3515 4172 3806 Jahre von ziemlich jugendlichem Aussahen. Schon wollte er sich be-
1002 3683 4069 3942 friedigt abwenden, als aus dem trüben Glas in ritselhafter Weise
998 3823 4094 4090 ein fremdes Auge ihn anzublicken schien. Er beugte sich vor und
986 3971 4188 4221 glaubte zu bemerken, dass das linke Lid tiefer herabsinke als. das
986 4078 4291 4447 rechte. Er erschrak ein wenig, prüfte mit den Fingern nach, swinkerte,
981 4270 4041 4558 presste die Lider fest aneinander und öffnete sie wieder,-doch
2098 4439 2743 4570 der rechten Seite
2681 4447 4160 4673 leb bestehen. Er kleidete sich
981 4500 2427 4730 der Unterschied gegenüber xxxx
969 4595 4065 4882 rasch an, trat vor dem grossen Wandspiegel zwischen den beiden
953 4759 4114 5120 Fenstern, öffnete die Lider so weit er vermochte und müste fest-
