4296 5380
1718 455 1968 688 -83-
648 720 3702 938 auch dessen ärztliche Gediegenheit, vielleicht sogar die Schärfe
648 954 3734 1094 seines Verstandes von manchen Fachleuten einigermassen angezwei-
640 1086 3722 1267 felt, er war Robert doch von Jugend auf verbunden, war ihm Freund,
624 1272 3637 1392 liebte ihn in seiner Weise. Und gerade, dass er nicht beruflich
628 1360 3710 1569 begrenzt, und sehr ferne davon war ein Spezialist zu sein,machte
620 1529 3517 1754 ihn in diesem Falle zum unbestechlichsten Richter. Er, besser
620 1682 3577 1899 als jeder Andere, würde die Eigentümlichkeit und Schwierigkeit
600 1871 3742 2052 von Roberts Lage zu erfassen imstande und am ehesten bereit sein
600 2004 3597 2185 ihm helfend zur Seite zu stehen. Es war ja nicht notwendig ihm
600 2157 3601 2358 sofort alles zu sagen, und man brauchte anfangs nicht weiter zu
591 2294 3670 2499 gehen, als dringend geboten schien. So nahm sich Robert denn vor,
575 2463 3529 2692 schon am nächsten Tag mit Leinbach zu reden,sonst aber keinen
575 2644 3102 2825 Menschen, nicht einmal Paula, ins Geheimnis zu ziehen.
1094 2756 3585 3002 Dieser Vorsatz beruhigte ihn so sehr,dass er seinem
551 2921 3637 3139 Spiegelbild zulächelte und dieses wieder ihm,was ihm trotz aller
543 3147 3682 3303 Selbstverständlichkeit wohl tat. Er verbrachte den Rest der Nacht
531 3279 3670 3440 in gutem Schlaf, fühlte sich am nächsten Morgen nahezu frisch, ver-
539 3444 3625 3577 sah seine Amtsgeschäfte wie gewöhnlich, ja mit gesteigerter Freu-
515 3545 3477 3762 digkeit.die seiner Stimmung noch weiter sugute kam, und als er
515 3762 3477 3915 am späten Nachmittag zu Paula ins Zimmer trat,so hätte dieser
491 3883 3730 4072 auch dann nichts Besonderes an ihm auffallen können, wenn sie nicht
479 4032 3553 4209 über dies durch wichtige Nachrichten abgelenkt gewesen wäre. Ihr
491 4201 3509 4374 Vater, so ersählte sie ihrem Verlobten, hatte vorläufig in einer
467 4342 3481 4559 italienischen Hafenstadt Aufenthalt genommen, wo er Nachrichten
475 4515 3529 4692 eines Jugendfreunds aus Amerika abwartete, um hievon seine näch-
455 4676 3440 4857 sten Entscheidungen abhängig zu machen. Die Möglichkeit einer
