4312 5396
1736 363 1956 664 -es-
637 714 3697 1011 nun mit einigem Staunen inne, dass er im Laufe der eben verflos-
637 918 3685 1173 senen Stunden seiner Braut gar nicht gedacht hatte, und dass sie
625 1104 3627 1312 ihm jetzt, da er sich ihr Bild ins Gedächtnis rief, nicht scharf
617 1289 3704 1466 umrissen, als die bedeutungsvollste Erscheinung seiner gegen-
621 1397 3670 1605 wärtigen Existenz, sondern dass sie in verschwommenen Linien, als
617 1547 3554 1760 gehöre sie einer vergangenen Periode seines Lebens an, vor ihm
598 1733 3643 1879 auftauchte. Er sah sie von Schneeflocken umweht, auf einem klei-
575 1868 3600 2076 nen Balkon stehen, die Hände auf die Brüstung gestützt und nach
575 2014 3600 2207 nach unten blickend. Doch lag dort nichts, was Jenen neulich ge-
579 2161 3600 2392 schauten Vorstadtgärten im geringsten glich, sondern eine nebel-
540 2350 3592 2524 haft zerfliessende italienische Stadt,in der er vor vielen Jah-
544 2497 3616 2717 ren auf der Hochzeitsreise mit seiner Gattin umhergewandelt war.
533 2666 3384 2844 Aber keinerlei Sehnsucht wurde wach in ihm,weder nach jener
517 2801 3465 3006 Längstächingeschwundenen, noch nach der gegenwärtig Geliebten.
521 2940 3504 3149 Und wenn er jetzt überhaupt jemanden in seine Nähe, ja an seine
505 3126 3589 3334 Seite wünschte, so war es, wie er mit Befremden inne wurde, niemand
498 3284 3581 3504 anderer als jene ärmlich verblühende Klavierlchrerin,die er ver-
475 3403 3558 3623 gessen zu haben glaubte. Und er empfand, dass von allen Menschen,
486 3573 3558 3797 die lebten, sie vielleicht das Wesen war, das am allerstärksten zu
463 3758 3496 3932 ihm gehörte und dessen Schicksal mit dem seinigen geheimnisvoll
451 3882 3484 4102 zusammenstimmte; und dass ihre beiden Daseinslinien sich einmal
451 4052 3523 4237 hatten kreuzen müssen, um dann sofort wieder für alle Zeiten aus-
432 4225 3481 4426 einandersustreben, das schien ihm einen verborgenen Sinn, eine in
424 4360 3446 4565 die Zukunft weisende Bedeutung in sich zu bergen. Und das Bild
413 4488 3515 4723 der blassen Frau begann allmählich solche Lebendigkeit zu gewin-
397 4623 3469 4877 nen, dass ihm ward, als sähe er sie draussen vor den Fenstern der
397 4785 3469 5047 Wirtsstube leibhaftig vorübergehen und langsam in den entlaubten
355 4993 3334 5209 Ausn verschwinden. Er fragte sich: War dies eine Warnung, eine
