4200 5380
736 106 976 366 G.F.P.
1676 366 1920 665 -58-
2443 669 2628 885 G.H.F.P
559 704 2223 940 krankung nie recht ernst genommen.
3230 724 3607 995 ner vff.
2946 806 3163 999 3,1
1062 917 3639 1137 Zu Mittag speiste er mit dem Ministerialsekretär Weg-
543 1046 3631 1306 ner, der ihn mit allerlei Amtsklatsch unterhielt, nachher spielten
539 1223 3666 1475 sie nach alter Gewohnheit eine Partie Billard,und so war es schon
527 1369 3580 1633 später Nachmittag, als Robert die Treppe zur Wohnung seines Bru-
515 1507 3470 1754 ders hinaufschritt. Da dieser noch ordinierte, meldete er sich
504 1692 3497 1928 bei Marianne als heimgekehrt und erzählte ihr von seiner Berg-
500 1841 3631 2089 wanderung mit Doktor Leinbach, wobei er dessen Ausrüstung in humo-
500 1983 3560 2183 ristischer Weise übertrieb und insbesondere den Inhalt des Ruck-
492 2140 3501 2313 sacks durch Hinzuerfindung von Konservenbüchsen und Schnapsfla-
468 2309 3458 2474 schen ins Lächerliche zu steigern wusste. Mit den Knaben trieb
468 2443 3525 2628 er allerhand Kurzweil, nahm den kleineren auf den Schoss und hat-
448 2620 3536 2797 te dabei das Gefühl einer Vorbedeutung,ja eines heiter-trostrei-
433 2765 3525 2946 chen Zukunftsbildes. Otto kam aus seiner Ordination,bewillkommte
445 2931 3470 3190 den Bruder herzlich und forderte ihn auf, falls er nichts Besse-
425 3068 3320 3253 res vor habe, ihn nach Hietzing zu begleiten. Robert nahm an,
409 3249 3458 3474 und ein paar Minuten darauf rollte der Wagen durch die abendli-
405 3391 2144 3552 chen Strassen der Gartenvorstadt zu,
948 3489 3446 3741 Robert berichtete mit einiger Beflissenheit von den
370 3710 3466 3961 guten Aussichten, die sich für ihn im Amt eröffneten; dann sprach
358 3835 3517 4087 er von seinem Semmeringer Aufenthalt und konnte hiebei nicht wohl
2380 4024 2624 4119 Kolf
366 4005 3253 4197 vermeiden seiner Begegnung mit den Damen Kostner Erwähnung mit
350 4170 3293 4351 tun. Otto brachte ihnen keine sonderliche Sympathie entgegen.
330 4331 3340 4532 Seiner Auffassung nach waren sie nicht ganz ohne Schuld an dem
338 4492 3344 4744 schlimmen Verlauf, den die Angelegenheiten des Anwalts im Laufe
330 4650 3320 4925 der letzten Zeit genommen. Und es sei nicht zu verwundern, dass
319 4791 3375 5051 die Tochter, trotz ihrer Amut, die nun allerdings schon einiger-
