<?xml version="1.0" encoding="UTF-8" standalone="yes"?>
<PcGts xmlns="http://schema.primaresearch.org/PAGE/gts/pagecontent/2013-07-15" xmlns:xsi="http://www.w3.org/2001/XMLSchema-instance" xsi:schemaLocation="http://schema.primaresearch.org/PAGE/gts/pagecontent/2013-07-15 http://schema.primaresearch.org/PAGE/gts/pagecontent/2013-07-15/pagecontent.xsd">
    <Metadata>
        <Creator>prov=READ-COOP:name=TrHtr:version=2.1.0:model_id=51170:date=15_08_2023_05:31</Creator>
        <Created>2023-05-10T15:06:50.129+02:00</Created>
        <LastChange>2023-08-15T05:31:32.161+02:00</LastChange>
        <TranskribusMetadata docId="1428799" pageId="55430629" pageNr="72" tsid="132839483" status="IN_PROGRESS" userId="64420" imgUrl="https://files.transkribus.eu/Get?id=XYFOJRABEIUPXUGOQALKTVEL&amp;fileType=view" xmlUrl="https://files.transkribus.eu/Get?id=ABINDDKFZSWOKTFAUKBDARPB" imageId="44704701"/>
    </Metadata>
    <Page imageFilename="1428799_0072.jpg" imageWidth="4248" imageHeight="5380">
        <ReadingOrder>
            <OrderedGroup id="ro_1711805362266" caption="Regions reading order">
                <RegionRefIndexed index="0" regionRef="tr_2"/>
                <RegionRefIndexed index="1" regionRef="tr_1"/>
                <RegionRefIndexed index="2" regionRef="tr_3"/>
            </OrderedGroup>
        </ReadingOrder>
        <TextRegion id="tr_2" custom="readingOrder {index:0;}">
            <Coords points="561,499 3743,499 3743,1819 561,1819"/>
            <TextLine id="tr_2_tl_1" custom="readingOrder {index:0;}">
                <Coords points="1811,598 1839,594 1892,610 1937,586 1973,610 1986,602 2034,606 2030,403 1998,399 1937,423 1900,411 1880,391 1859,403 1839,391 1811,395"/>
                <Baseline points="1833,549 1922,549 2012,549 2042,555"/>
                <TextEquiv>
                    <Unicode>-72-</Unicode>
                </TextEquiv>
            </TextLine>
            <TextLine id="tr_2_tl_2" custom="readingOrder {index:1;}">
                <Coords points="639,745 736,724 797,749 871,720 1001,745 1046,728 1086,749 1119,741 1119,545 1009,525 956,549 928,541 899,566 867,545 810,553 708,610 635,594"/>
                <Baseline points="656,698 746,704 835,698 925,704 1015,704 1104,710 1134,710"/>
                <TextEquiv>
                    <Unicode>sah sie ih</Unicode>
                </TextEquiv>
            </TextLine>
            <TextLine id="tr_2_tl_3" custom="readingOrder {index:2;}">
                <Coords points="1737,936 1827,936 1851,907 1859,915 1888,907 1900,920 1925,907 2002,911 1998,745 1937,741 1908,716 1880,736 1863,732 1831,761 1729,777"/>
                <Baseline points="1755,871 1845,877 1934,877 2012,883"/>
                <TextEquiv>
                    <Unicode>11.</Unicode>
                </TextEquiv>
            </TextLine>
            <TextLine id="tr_2_tl_4" custom="readingOrder {index:3;}">
                <Coords points="639,1038 753,1046 769,1029 797,1050 924,1042 956,1062 1058,1038 1164,1066 1306,1042 1306,972 1151,968 1050,920 981,968 911,940 806,976 761,948 639,956"/>
                <Baseline points="662,1015 752,1021 841,1015 931,1015 1021,1015 1110,1021 1200,1027 1289,1027 1313,1021"/>
                <TextEquiv>
                    <Unicode>auf ihre Lippe</Unicode>
                </TextEquiv>
            </TextLine>
            <TextLine id="tr_2_tl_5" custom="readingOrder {index:4;}">
                <Coords points="1082,1208 3625,1208 3625,1099 3491,1074 2803,1131 1082,1062"/>
                <Baseline points="1104,1164 1194,1176 1283,1176 1373,1176 1462,1176 1552,1176 1642,1176 1731,1176 1821,1182 1910,1182 2000,1182 2089,1176 2179,1176 2269,1182 2358,1176 2448,1182 2537,1182 2627,1182 2716,1182 2806,1182 2896,1182 2985,1182 3075,1182 3164,1182 3254,1182 3343,1182 3433,1182 3522,1182 3612,1188 3636,1182"/>
                <TextEquiv>
                    <Unicode>Er liess drei Tage verstreichen,ehe er seinen Besuch</Unicode>
                </TextEquiv>
            </TextLine>
            <TextLine id="tr_2_tl_6" custom="readingOrder {index:5;}">
                <Coords points="830,1257 859,1253 883,1269 911,1253 924,1261 968,1249 1021,1286 1070,1274 1062,1046 1029,1058 985,1054 972,1070 932,1066 895,1099 871,1086 854,1099 822,1094"/>
                <Baseline points="853,1230 943,1230 1033,1236 1080,1241"/>
                <TextEquiv>
                    <Unicode>Roef</Unicode>
                </TextEquiv>
            </TextLine>
            <TextLine id="tr_2_tl_7" custom="readingOrder {index:6;}">
                <Coords points="557,1347 3731,1371 3731,1261 3418,1233 1164,1204 1021,1286 557,1188"/>
                <Baseline points="579,1325 668,1325 758,1325 847,1325 937,1331 1027,1331 1116,1331 1206,1331 1295,1331 1385,1331 1474,1331 1564,1331 1654,1331 1743,1331 1833,1331 1922,1337 2012,1337 2101,1337 2191,1331 2280,1331 2370,1331 2460,1337 2549,1337 2639,1337 2728,1337 2818,1337 2907,1337 2997,1337 3087,1337 3176,1337 3266,1337 3355,1343 3445,1343 3534,1343 3624,1343 3714,1349 3743,1349"/>
                <TextEquiv>
                    <Unicode>bei Kostners wiederholte. Er wurde wie ein alter Freund empfangen,</Unicode>
                </TextEquiv>
            </TextLine>
            <TextLine id="tr_2_tl_8" custom="readingOrder {index:7;}">
                <Coords points="557,1493 3316,1591 3698,1566 3698,1396 553,1347"/>
                <Baseline points="579,1480 668,1480 758,1480 847,1480 937,1480 1027,1486 1116,1486 1206,1486 1295,1486 1385,1486 1474,1486 1564,1486 1654,1486 1743,1486 1833,1486 1922,1492 2012,1486 2101,1492 2191,1486 2280,1486 2370,1486 2460,1492 2549,1492 2639,1492 2728,1492 2818,1486 2907,1492 2997,1492 3087,1492 3176,1492 3266,1492 3355,1492 3445,1492 3534,1498 3624,1498 3708,1492"/>
                <TextEquiv>
                    <Unicode>fühlte sich wundersam zuhause, blieb zum Abendessen und verabrede-</Unicode>
                </TextEquiv>
            </TextLine>
            <TextLine id="tr_2_tl_9" custom="readingOrder {index:8;}">
                <Coords points="537,1656 3524,1705 3487,1554 537,1538"/>
                <Baseline points="561,1636 650,1636 740,1636 829,1642 919,1642 1009,1642 1098,1642 1188,1642 1277,1642 1367,1648 1456,1642 1546,1648 1636,1642 1725,1648 1815,1648 1904,1648 1994,1648 2083,1648 2173,1648 2263,1648 2352,1648 2442,1648 2531,1654 2621,1648 2710,1648 2800,1648 2890,1648 2979,1648 3069,1654 3158,1648 3248,1654 3337,1654 3427,1654 3517,1654 3528,1648"/>
                <TextEquiv>
                    <Unicode>te vor dem Weggehen mit Paula für morgen einen Spaziergang im</Unicode>
                </TextEquiv>
            </TextLine>
            <TextLine id="tr_2_tl_10" custom="readingOrder {index:9;}">
                <Coords points="537,1811 3601,1872 3597,1754 3463,1709 537,1656"/>
                <Baseline points="561,1779 650,1791 740,1791 829,1791 919,1791 1009,1791 1098,1797 1188,1797 1277,1797 1367,1797 1456,1797 1546,1797 1636,1797 1725,1803 1815,1803 1904,1803 1994,1797 2083,1797 2173,1803 2263,1803 2352,1803 2442,1803 2531,1803 2621,1803 2710,1803 2800,1803 2890,1803 2979,1803 3069,1803 3158,1803 3248,1809 3337,1809 3427,1809 3517,1803 3606,1803"/>
                <TextEquiv>
                    <Unicode>Kornbacher Park. Dort draussen, unter entlaubten Bäumen im lauen</Unicode>
                </TextEquiv>
            </TextLine>
        </TextRegion>
        <TextRegion id="tr_1" custom="readingOrder {index:1;}">
            <Coords points="417,1896 3708,1896 3708,3849 417,3849"/>
            <TextLine id="tr_1_tl_1" custom="readingOrder {index:0;}">
                <Coords points="509,2026 3658,2006 3532,1859 509,1831"/>
                <Baseline points="531,1946 620,1946 710,1946 800,1946 889,1946 979,1946 1068,1946 1158,1952 1247,1952 1337,1952 1427,1952 1516,1952 1606,1952 1695,1952 1785,1952 1874,1958 1964,1952 2054,1952 2143,1952 2233,1952 2322,1952 2412,1952 2501,1952 2591,1952 2681,1952 2770,1958 2860,1958 2949,1958 3039,1958 3128,1952 3218,1952 3308,1958 3397,1958 3487,1958 3576,1958 3666,1958 3672,1952"/>
                <TextEquiv>
                    <Unicode>Nebel eines windstillen Novembertags,erzählte ihm Paula von ihrer</Unicode>
                </TextEquiv>
            </TextLine>
            <TextLine id="tr_1_tl_2" custom="readingOrder {index:1;}">
                <Coords points="521,2140 3519,2169 3446,2010 521,2018"/>
                <Baseline points="543,2095 632,2101 722,2101 812,2101 901,2101 991,2101 1080,2107 1170,2101 1259,2107 1349,2107 1439,2107 1528,2107 1618,2107 1707,2107 1797,2107 1886,2107 1976,2107 2066,2107 2155,2107 2245,2107 2334,2107 2424,2107 2513,2107 2603,2113 2692,2107 2782,2107 2872,2107 2961,2113 3051,2107 3140,2107 3230,2107 3319,2107 3409,2113 3499,2107 3528,2101"/>
                <TextEquiv>
                    <Unicode>frühen Mädchenzeit und zum ersten Mal sprach sie den Namen des</Unicode>
                </TextEquiv>
            </TextLine>
            <TextLine id="tr_1_tl_3" custom="readingOrder {index:2;}">
                <Coords points="492,2283 3483,2299 3483,2193 3271,2161 492,2156"/>
                <Baseline points="513,2257 603,2257 692,2257 782,2257 871,2257 961,2257 1050,2263 1140,2263 1230,2263 1319,2263 1409,2263 1498,2263 1588,2263 1677,2263 1767,2263 1857,2263 1946,2263 2036,2263 2125,2263 2215,2263 2304,2263 2394,2263 2483,2263 2573,2269 2663,2263 2752,2263 2842,2263 2931,2263 3021,2263 3110,2263 3200,2263 3290,2269 3379,2269 3469,2275 3493,2275"/>
                <TextEquiv>
                    <Unicode>Komponisten aus, mit dem ein Gerücht sie vor Jahren in so nahe</Unicode>
                </TextEquiv>
            </TextLine>
            <TextLine id="tr_1_tl_4" custom="readingOrder {index:3;}">
                <Coords points="492,2437 3507,2474 3479,2299 492,2323"/>
                <Baseline points="513,2412 603,2412 692,2412 782,2412 871,2412 961,2412 1050,2412 1140,2418 1230,2418 1319,2418 1409,2412 1498,2418 1588,2418 1677,2418 1767,2418 1857,2418 1946,2418 2036,2418 2125,2418 2215,2418 2304,2418 2394,2418 2483,2418 2573,2418 2663,2418 2752,2424 2842,2424 2931,2418 3021,2418 3110,2418 3200,2418 3290,2418 3379,2418 3469,2418 3517,2412"/>
                <TextEquiv>
                    <Unicode>Beziehung gebracht hatte. Auch von ihren Eltern sprach sie und</Unicode>
                </TextEquiv>
            </TextLine>
            <TextLine id="tr_1_tl_5" custom="readingOrder {index:4;}">
                <Coords points="476,2604 3633,2632 3629,2482 3515,2462 472,2437"/>
                <Baseline points="495,2561 585,2567 674,2567 764,2573 853,2573 943,2573 1033,2567 1122,2567 1212,2567 1301,2567 1391,2573 1480,2573 1570,2573 1659,2573 1749,2579 1839,2573 1928,2573 2018,2573 2107,2573 2197,2573 2286,2573 2376,2573 2466,2573 2555,2573 2645,2573 2734,2573 2824,2573 2913,2579 3003,2573 3093,2573 3182,2573 3272,2573 3361,2573 3451,2579 3540,2579 3630,2573 3642,2573"/>
                <TextEquiv>
                    <Unicode>Robert glaubte zu erkennen, dass nichts schmerzlicher in ihr nach-</Unicode>
                </TextEquiv>
            </TextLine>
            <TextLine id="tr_1_tl_6" custom="readingOrder {index:5;}">
                <Coords points="480,2750 3698,2779 3698,2681 3332,2624 1001,2681 480,2596"/>
                <Baseline points="501,2722 591,2728 680,2722 770,2728 859,2722 949,2728 1038,2728 1128,2728 1218,2728 1307,2728 1397,2728 1486,2728 1576,2728 1665,2728 1755,2728 1845,2734 1934,2728 2024,2728 2113,2728 2203,2728 2292,2728 2382,2728 2472,2728 2561,2728 2651,2728 2740,2728 2830,2734 2919,2734 3009,2728 3099,2734 3188,2728 3278,2734 3367,2734 3457,2728 3546,2734 3636,2728 3708,2728"/>
                <TextEquiv>
                    <Unicode>wirkte, als das Verhältnis zu ihrem Vater, dessen zugleich verschlos-</Unicode>
                </TextEquiv>
            </TextLine>
            <TextLine id="tr_1_tl_7" custom="readingOrder {index:6;}">
                <Coords points="468,2917 3597,2946 3593,2775 464,2763"/>
                <Baseline points="489,2884 579,2884 668,2884 758,2878 847,2884 937,2884 1027,2884 1116,2884 1206,2884 1295,2884 1385,2884 1474,2884 1564,2884 1654,2884 1743,2890 1833,2890 1922,2890 2012,2890 2101,2890 2191,2890 2280,2890 2370,2890 2460,2890 2549,2890 2639,2890 2728,2890 2818,2890 2907,2890 2997,2890 3087,2890 3176,2896 3266,2896 3355,2896 3445,2901 3534,2901 3606,2901"/>
                <TextEquiv>
                    <Unicode>senem und zärtlichkeitsbedürftigen Wesen sie in all ihrer glades¬</Unicode>
                </TextEquiv>
            </TextLine>
            <TextLine id="tr_1_tl_8" custom="readingOrder {index:7;}">
                <Coords points="456,3064 2197,3068 2364,3137 2661,3072 2885,3141 2885,2999 2775,2970 456,2909"/>
                <Baseline points="477,3039 567,3039 656,3039 746,3039 835,3033 925,3039 1015,3039 1104,3039 1194,3039 1283,3039 1373,3039 1462,3039 1552,3039 1642,3039 1731,3039 1821,3039 1910,3039 2000,3045 2089,3039 2179,3045 2269,3039 2358,3045 2448,3045 2537,3039 2627,3039 2716,3039 2806,3051 2896,3045"/>
                <TextEquiv>
                    <Unicode>liebe innerlich nahezukommen nicht vermocht hatte.</Unicode>
                </TextEquiv>
            </TextLine>
            <TextLine id="tr_1_tl_9" custom="readingOrder {index:8;}">
                <Coords points="448,3218 505,3227 525,3210 545,3222 578,3198 610,3222 651,3222 667,3206 842,3214 846,3121 802,3145 724,3145 679,3100 627,3113 574,3064 452,3060"/>
                <Baseline points="471,3194 561,3194 650,3194 740,3188 829,3188 853,3194"/>
                <TextEquiv>
                    <Unicode>2.</Unicode>
                </TextEquiv>
            </TextLine>
            <TextLine id="tr_1_tl_10" custom="readingOrder {index:9;}">
                <Coords points="891,3214 2600,3296 3593,3235 3593,3104 3410,3092 891,3125"/>
                <Baseline points="913,3194 1003,3194 1092,3194 1182,3194 1271,3194 1361,3194 1450,3200 1540,3200 1630,3200 1719,3200 1809,3200 1898,3200 1988,3200 2077,3200 2167,3206 2257,3206 2346,3206 2436,3206 2525,3200 2615,3200 2704,3200 2794,3200 2884,3200 2973,3200 3063,3206 3152,3206 3242,3206 3331,3206 3421,3206 3511,3206 3600,3200"/>
                <TextEquiv>
                    <Unicode>Am nächsten Abend klang der vertraute Ton der gestrigen</Unicode>
                </TextEquiv>
            </TextLine>
            <TextLine id="tr_1_tl_11" custom="readingOrder {index:10;}">
                <Coords points="435,3373 3471,3426 3471,3271 3279,3247 435,3227"/>
                <Baseline points="459,3355 549,3349 638,3349 728,3349 818,3349 907,3349 997,3355 1086,3355 1176,3349 1265,3355 1355,3355 1445,3355 1534,3361 1624,3355 1713,3355 1803,3361 1892,3361 1982,3361 2071,3361 2161,3361 2251,3361 2340,3355 2430,3361 2519,3361 2609,3355 2698,3361 2788,3361 2878,3361 2967,3361 3057,3361 3146,3361 3236,3361 3325,3361 3415,3361 3481,3355"/>
                <TextEquiv>
                    <Unicode>Unterhaltung in ihnen Beiden nach; nach langer Zeit zum ersten</Unicode>
                </TextEquiv>
            </TextLine>
            <TextLine id="tr_1_tl_12" custom="readingOrder {index:11;}">
                <Coords points="407,3536 3548,3568 3487,3406 403,3369"/>
                <Baseline points="429,3499 519,3505 609,3505 698,3505 788,3505 877,3505 967,3511 1056,3505 1146,3505 1236,3505 1325,3505 1415,3511 1504,3511 1594,3505 1683,3511 1773,3511 1862,3517 1952,3517 2042,3517 2131,3517 2221,3517 2310,3517 2400,3517 2489,3517 2579,3517 2669,3517 2758,3511 2848,3517 2937,3517 3027,3517 3116,3517 3206,3517 3296,3517 3385,3517 3475,3517 3558,3522"/>
                <TextEquiv>
                    <Unicode>Mal wieder nahm Pauls ihre Geige zur Hand und spielte von Robert</Unicode>
                </TextEquiv>
            </TextLine>
            <TextLine id="tr_1_tl_13" custom="readingOrder {index:12;}">
                <Coords points="407,3707 3450,3739 3487,3585 403,3540"/>
                <Baseline points="429,3654 519,3666 609,3660 698,3660 788,3666 877,3666 967,3660 1056,3660 1146,3666 1236,3666 1325,3666 1415,3666 1504,3666 1594,3666 1683,3666 1773,3666 1862,3666 1952,3672 2042,3672 2131,3672 2221,3672 2310,3672 2400,3666 2489,3666 2579,3672 2669,3666 2758,3666 2848,3672 2937,3672 3027,3672 3116,3678 3206,3678 3296,3672 3385,3672 3475,3666 3499,3666"/>
                <TextEquiv>
                    <Unicode>begleitet eine Beethoven'sche Sonate. Beide freuten sich an dem</Unicode>
                </TextEquiv>
            </TextLine>
            <TextLine id="tr_1_tl_14" custom="readingOrder {index:13;}">
                <Coords points="395,3849 3576,3873 3576,3727 395,3715"/>
                <Baseline points="417,3815 507,3815 597,3815 686,3821 776,3821 865,3821 955,3821 1044,3821 1134,3821 1224,3821 1313,3821 1403,3821 1492,3821 1582,3821 1671,3827 1761,3827 1851,3827 1940,3827 2030,3827 2119,3827 2209,3827 2298,3827 2388,3833 2478,3827 2567,3827 2657,3827 2746,3827 2836,3833 2925,3827 3015,3827 3104,3827 3194,3827 3284,3833 3373,3833 3463,3833 3552,3839 3588,3839"/>
                <TextEquiv>
                    <Unicode>für einen ersten gemeinsamen Versuch wohlgelungenen Zusammenspiel,</Unicode>
                </TextEquiv>
            </TextLine>
        </TextRegion>
        <TextRegion id="tr_3" custom="readingOrder {index:2;}">
            <Coords points="346,3920 3600,3920 3600,4960 346,4960"/>
            <TextLine id="tr_3_tl_1" custom="readingOrder {index:0;}">
                <Coords points="382,4048 3369,4073 3340,3890 382,3894"/>
                <Baseline points="406,3970 495,3970 585,3970 674,3970 764,3976 853,3970 943,3976 1033,3976 1122,3982 1212,3982 1301,3976 1391,3976 1480,3976 1570,3976 1659,3982 1749,3982 1839,3982 1928,3982 2018,3982 2107,3982 2197,3976 2286,3982 2376,3982 2466,3982 2555,3982 2645,3982 2734,3982 2824,3982 2913,3982 3003,3982 3093,3976 3182,3970 3272,3976 3361,3982 3379,3988"/>
                <TextEquiv>
                    <Unicode>dem auch die Mutter mit Vergnügen lauschte, und sie beschlossen</Unicode>
                </TextEquiv>
            </TextLine>
            <TextLine id="tr_3_tl_2" custom="readingOrder {index:1;}">
                <Coords points="395,4158 3239,4187 3235,4085 2226,4008 391,4061"/>
                <Baseline points="412,4126 501,4132 591,4132 680,4132 770,4132 859,4138 949,4138 1038,4138 1128,4132 1218,4132 1307,4132 1397,4132 1486,4132 1576,4132 1665,4138 1755,4138 1845,4138 1934,4138 2024,4138 2113,4138 2203,4138 2292,4138 2382,4138 2472,4143 2561,4143 2651,4138 2740,4143 2830,4149 2919,4155 3009,4161 3099,4161 3188,4155 3248,4155"/>
                <TextEquiv>
                    <Unicode>von nun an allabendlich miteinander zu musisieren.</Unicode>
                </TextEquiv>
            </TextLine>
            <TextLine id="tr_3_tl_3" custom="readingOrder {index:2;}">
                <Coords points="830,4305 3430,4345 3430,4203 3231,4179 830,4175"/>
                <Baseline points="853,4281 943,4287 1033,4293 1122,4293 1212,4293 1301,4287 1391,4293 1480,4287 1570,4287 1659,4293 1749,4293 1839,4293 1928,4293 2018,4293 2107,4293 2197,4299 2286,4299 2376,4293 2466,4293 2555,4299 2645,4299 2734,4299 2824,4299 2913,4299 3003,4299 3093,4299 3182,4299 3272,4293 3361,4299 3439,4305"/>
                <TextEquiv>
                    <Unicode>Nicht immer hatte die Mutter Lust oder Zeit zuzuhören.</Unicode>
                </TextEquiv>
            </TextLine>
            <TextLine id="tr_3_tl_4" custom="readingOrder {index:3;}">
                <Coords points="688,4382 879,4398 989,4386 1009,4406 1074,4394 1074,4325 1033,4333 981,4305 932,4325 915,4309 793,4309 773,4293 688,4333"/>
                <Baseline points="710,4370 800,4376 889,4376 979,4376 1068,4370 1086,4370"/>
                <TextEquiv>
                    <Unicode>blieben</Unicode>
                </TextEquiv>
            </TextLine>
            <TextLine id="tr_3_tl_5" custom="readingOrder {index:4;}">
                <Coords points="358,4467 3357,4533 3357,4349 3182,4333 1001,4402 358,4305"/>
                <Baseline points="382,4448 471,4442 561,4442 650,4448 740,4448 829,4448 919,4448 1009,4448 1098,4448 1188,4448 1277,4442 1367,4448 1456,4448 1546,4454 1636,4448 1725,4454 1815,4454 1904,4454 1994,4454 2083,4460 2173,4454 2263,4454 2352,4448 2442,4454 2531,4448 2621,4454 2710,4454 2800,4454 2890,4454 2979,4454 3069,4454 3158,4454 3248,4460 3337,4454 3367,4460"/>
                <TextEquiv>
                    <Unicode>und so waren sie oft zu zweien. Es waren Stunden des reinsten</Unicode>
                </TextEquiv>
            </TextLine>
            <TextLine id="tr_3_tl_6" custom="readingOrder {index:5;}">
                <Coords points="346,4630 3324,4675 3324,4508 346,4500"/>
                <Baseline points="370,4591 459,4591 549,4597 638,4603 728,4603 818,4603 907,4603 997,4603 1086,4603 1176,4603 1265,4603 1355,4603 1445,4603 1534,4609 1624,4603 1713,4603 1803,4609 1892,4609 1982,4609 2071,4609 2161,4609 2251,4609 2340,4609 2430,4609 2519,4603 2609,4603 2698,4603 2788,4609 2878,4609 2967,4615 3057,4609 3146,4609 3236,4615 3325,4615 3331,4609"/>
                <TextEquiv>
                    <Unicode>Glücks, in denen sie sich, ohne es in Worten auszudrücken, immer</Unicode>
                </TextEquiv>
            </TextLine>
            <TextLine id="tr_3_tl_7" custom="readingOrder {index:6;}">
                <Coords points="334,4781 3320,4813 3174,4647 334,4638"/>
                <Baseline points="358,4759 447,4759 537,4759 626,4759 716,4764 806,4764 895,4759 985,4759 1074,4759 1164,4759 1253,4759 1343,4759 1433,4753 1522,4764 1612,4764 1701,4764 1791,4770 1880,4770 1970,4764 2060,4764 2149,4764 2239,4764 2328,4764 2418,4764 2507,4770 2597,4764 2687,4764 2776,4764 2866,4770 2955,4764 3045,4770 3134,4770 3224,4770 3313,4770 3325,4770"/>
                <TextEquiv>
                    <Unicode>inniger aneinanderschlossen; und als er eines Abends nach dem</Unicode>
                </TextEquiv>
            </TextLine>
            <TextLine id="tr_3_tl_8" custom="readingOrder {index:7;}">
                <Coords points="326,4952 1583,5066 3589,4992 3589,4846 3316,4809 326,4834"/>
                <Baseline points="346,4920 435,4920 525,4920 615,4920 704,4920 794,4926 883,4926 973,4920 1062,4920 1152,4920 1241,4920 1331,4932 1421,4926 1510,4932 1600,4932 1689,4932 1779,4932 1868,4932 1958,4932 2048,4932 2137,4932 2227,4932 2316,4932 2406,4932 2495,4932 2585,4932 2675,4932 2764,4932 2854,4932 2943,4932 3033,4932 3122,4938 3212,4938 3302,4944 3391,4944 3481,4950 3570,4950 3600,4950"/>
                <TextEquiv>
                    <Unicode>Verklingen des letzten Tons sich erhob und das Notenheft suklappte,</Unicode>
                </TextEquiv>
            </TextLine>
        </TextRegion>
    </Page>
</PcGts>
