4344 5380
1606 435 1926 647 — 82-
691 687 3819 975 zu allererst den Kein zur Verstörung gelegt hatte? und hätte sich
691 951 3835 1131 andernfalls sein Wahnsinn nicht nach einer ganz anderen Richtung
687 1099 3723 1262 entwickeln können? Glücklicherweise schien Otto selbst seiner
671 1234 3615 1430 Sache nicht ganz sicher zu sein, sonst hätte er es wohl nicht
659 1394 3755 1598 darauf angelegt, sich Verbündete zu suchen, um mit seiner Diagnose
647 1554 3667 1730 nicht allein zu stehen. Verbündete waren freilich immer leicht
639 1702 3835 1870 zur Hand und nun gar hier, wo derjenige, der den Verdacht aussprach,
635 1882 3763 2053 ein Arzt, ein hochgeschätzter Nervenarzt war, von dem keiner ahnte,
1226 1970 1506 2069 dessen
611 2045 3719 2185 dass es mit seinen eigenen Nerven nicht zum Besten stand, und der
619 2169 3639 2373 Verdächtigte, des Arztes Bruder war,und ein Mensch dazu, der von
595 2337 3691 2517 Jugend auf als nervös,als ein Sonderling,bei Vielen als verrückt
579 2505 3675 2637 gegolten hatte und so eben monate lang berufsunfähig auf Kranken-
575 2657 2353 2824 urlaub in der Welt herumgereist war.
1167 2781 3619 3000 Doch so bedenklich die Angelegenheit in diesem Au-
551 2952 3548 3132 genblick zu stehen schien, so sehr man auf der Hut sein musste,
539 3100 3691 3272 verloren war sie noch lange nicht. Für tatsächlich im wahren Exta
511 3248 3619 3420 Wortsinn verrückt hielt ihn heute doch niemand, es sei denn, dass
519 3400 3572 3580 Otto selbst schon so weit war. Und wenn die Andern, sogar die
471 3552 3552 3755 Aerste,die schwere Verstörung Ottos - es musste ja noch keines-
483 3723 3631 3923 wegs Wahnsinn sein — noch nicht zu erkennen vermochten,er,Robert,
471 3875 3607 4027 der Einzige, der klar sah, hatte wohl das Recht, ja die Pflicht, die
455 4035 3568 4223 Menschen in Ottos nächster Umgebung auf die drohende Gefahr hin-
431 4187 3560 4375 zuweisen; und keineswegs nur darum, um von sich selber eine abzu-
431 4351 3508 4574 wenden. Freilich galt es vorsichtig zu sein; und wenn Otto sich
3004 4498 3344 4690 resnicht
415 4526 3016 4706 seine Verbündeten gesucht hatte, es war ihm, Robert, seit
3340 4506 3599 4694 ver-
403 4666 3619 4858 wehrt, das Gleiche zu tun, ja, es war seine Pflicht und Schuldigkeit,
411 4822 3436 5018 vor allem um Ottos willen. Er dachte an Doktor Leinbach. Wurde
