4952 5460
2324 458 2584 698 —22—
1257 714 4429 933 Aufmerksamkeit erregte, und dass nur aus einer Ecke zwei Augen, die
1270 905 4474 1107 einem jungen Mädchen angehörten, höhnisch oder vielleicht bedauernd
1237 1067 4377 1266 auf ihn starrten. Er gab den Blick so hart surück, dass das junge
1249 1229 4405 1424 Mädchen wegsah und mit Beflissenheit durch den Strohhalm ihr Eis-
1249 1355 4446 1566 getränk weiterschlürfte. Robert aber sagte sich, dass er nicht län-
1237 1541 4312 1732 ger bleiben dirfe und rief nach dem Kellner. Ich werde nicht so
1233 1712 4308 1878 dumm sein und ihm sehn Gulden Trinkgeld geben, dachte er. Indess
1237 1842 4360 2044 war die ganze Rechnung schon von August Langer beglichen worden.
1221 1996 4332 2198 Robert bedankte sich mit humoristischer Uebertriebenheit und em-
1209 2170 4397 2345 pfahl sich. In den Teller auf dem Deckel des Pianinos legte er zu
1221 2336 4369 2486 den dort schon gesammelten kleineren Münzen ein goldenes Zehnkro-
1193 2458 4377 2657 nenstück, ärgerte sich sogleich, wagte aber nicht es wieder zurück-
1201 2641 4421 2835 zunehmen. Der Pianist nickte zum Dank und immerfort weiterspielend
1209 2774 4279 2977 sagte er: "Herr Sektionerst sind verreist gewesen? Nun wird man
1184 2933 4401 3148 aber hoffentlich wieder öfters das Vergnügen haben.“ Wie nett doch
1197 3091 4271 3314 die Leute mit mir sind, dachte Robert. Alle: Kahnberg,Langer, der
1184 3253 4348 3452 Klavierspieler,sogar der Komiker im Theater hat mir von der Bühne
1172 3387 4324 3606 her zugenickt. Nur Leinbach ist und bleibt ein unleidlicher Narr.
1180 3582 3034 3805 - Er hasste ihn in diesem Augenblick.
1781 3716 4259 3898 Die Strassen waren beinahe menschenleer. Von einer
1120 3870 4214 4077 Turmuhr schlug es zwei. Ein Glück, dachte er, dass man noch keine
1140 4024 4202 4235 Amtsstunden einzuhalten hatte und sich morgen wird ausschlafen
1132 4186 4214 4389 können. Er ging rasch und sicher, trällerte vor sich hin, endlich
1148 4312 4360 4531 begann er sogar zu singen mit einer schönen dunklen Stimme, die ihm
1124 4527 4381 4705 selber fremd vorkam. Vielleicht ist es gar nicht meine Stimme, dach-
1124 4640 4348 4863 te er, vielleicht bin ich es überhaupt gar nicht selber? Viel leicht
1107 4839 4239 5099 träume ich? Vielleicht ist es mein letzter Frau, den ichstraume,
