5046 5572
2400 607 2687 808 -112-
1879 927 4447 1124 Der Zug hielt in dem kleinen Martflecken, den Robert
1247 1124 4427 1296 in der Erinnerung einiger mit Alberta hier verbrachter Sommerta-
1247 1235 4361 1428 ge als vorläufigen Aufenthaltsort gewählt hatte. Nun,da er das
1243 1387 4369 1612 langgestreckte Dorg, das er sich auch auf der Herreise immer nur
1247 1559 4427 1776 im frischen Grün und in Sommerfarben vorzustellen vermocht hatte,
1235 1752 4308 1920 Winterlich verschneit vor sich liegen sah,war ihm, als empfange
2207 1858 2433 1945 eine
1243 1908 4439 2051 ihn eine ganz andere, fremde, nie vorher geschaute Gegend. Er über-
1231 2014 4517 2219 liess einem Lohndiener seine Tasche und folgte ihm über eine Brücke
1223 2183 4357 2371 unter der die Ache rauschte, durch eine längs des Wassers hinfüh-
1223 2388 4521 2552 rende Allee, deren er sich aus jenem Sommer wie eines hohen,schützen-
1223 2515 4254 2663 den Baumgangs erinnerte,endlich durch einen Torbogen, unter dem
1218 2704 4386 2880 aus einer schmiedeisernen Laterne ein mattes, gelblichrotes Licht
1194 2843 4283 3003 schimmerte, auf den verlassenen Hauptplatz mit dem schweigenden
1190 2995 4345 3167 Brunnen, zum Gasthof hin. Ein grosses Zimmer wurde ihm angewiesen,
1177 3159 4308 3319 dessen hohes Bogenfenster dem blossleuchtenden Gebirgensugewandt
1153 3327 4320 3512 war. Ueber der alten Kommode an der Wand hing in Oeldruck lebens-
1145 3483 4189 3664 gross ein Madonnenbildnis. Zu beiden Seiten des breiten Bettes
1120 3602 4205 3815 sanken bescheidene Kattunvorhänge nieder. Robert erklärte sich
1116 3787 4217 3971 mit dem Zimmer einverstanden und bemerkte, dass seine Gattin mit
1124 3955 4197 4131 dem nächsten Zug,Abends um zehn Uhr, eintreffen werde. Die Glüh-
1083 4098 4185 4304 lampe,die von der Decke herabhing, leuchtete so schwach, dass er
1087 4250 4164 4455 sich genötigt sah, Kerzen zu verlangen. Man stellte sie ihm in
1071 4418 4074 4624 zwei Messingleuchtern auf den riesigen, wackeligen Tisch, dann
1071 4562 4152 4796 blieb er allein. Eine Weile sah er durchs Fenster über Dächer,
1058 4710 4242 4902 beschneites Ackerland, bewaldete Hänge zu den Felsen hin,zwischen
1058 4882 4020 5112 deren verschneiten Rinnen und Rissen das graue Gestein dünnen
