4248 5396
1542 316 1736 502 -34-
562 676 3643 894 Campagna mit Fuhrleuten,rot und blangekleideten breit lachenden
550 831 3611 1020 Mädchen, im Hintergrund ein Aquaedukt mit zerbrochenen Säulen.
550 1016 3595 1175 Nie wird sie mehr von Italien wissen, dachte Robert, als was sie
546 1179 3662 1357 auf solchen Bildern zu sehen bekommt. Und mitleidsvoll-schuldbe-
538 1277 3722 1483 wusst streifte sein Blick ihren Scheitel. Sie sass noch immer
522 1475 3686 1637 ganz stille da in ihrer hochgeschlossenen, etwas zerdrückten, blau-
522 1618 3552 1811 getupften Leinenbluse. Ihre Haare waren dunkelblond und dicht,
522 1800 3670 1914 die Augen hell und gross, die Gesichtszüge aber sahen nun im gelb-
498 1898 3571 2128 lichen Licht des zweiarmigen Deckenlusters noch verblühter aus
490 2088 3536 2258 als im Dämmerschein der Strasse. Plötzlich blickte sie zu ihm
483 2250 3429 2389 auf und einfach, beinahe trocken, sagte sie: "Sie sollen nicht
475 2381 3457 2583 schlecht von mir denken, aber ich bin wirklich so allein." Er-
455 2563 3540 2772 griffen trat er näher zu ihr hin, legte die Hände um ihre Wangen
463 2721 1863 2911 und küsste sie auf den Mund.
1052 2867 3409 3057 Bald nach Mitternacht, zum Fortgehen bereit,warf
451 3037 3421 3196 sie einen Blick nach dem gedeckten Tisch zurück, wo noch Reste
439 3176 3563 3350 des Abendessens standen und sagte: "Darum ist eigentlich schade."
486 3314 3532 3520 „Es wird morgen schon für Andere aufgewärmt werden“, meinte er
399 3504 3469 3686 scherzend. Sie darauf: "Das könnte man wohl selbst besorgen, da
407 3658 3453 3848 doch alles bezahlt ist.“ Und auf seinen befremdeten Blick hin:
427 3801 3397 3967 "Hast du etwas dagegen?” Er in einiger Verlegenheit: “Das wäre
380 3931 3476 4117 doch wirklich nicht nötig, mein Kind." Und er fügte hinzu: “Ver-
372 4097 3405 4295 zeih, dass ich davon spreche, aber wenn ich dir - zur Verfügung
364 4256 3476 4481 stehen darf..“ Sie unterbrach ihn mit einer entschiedenen Hand-
356 4410 3480 4635 bewegung, doch ohne die Beleidigte zu spielen. "Danke", sagte sie,
356 4604 3318 4770 und mit einem müden Lächeln: „Das sollst du doch nicht von mi
332 4734 3382 4944 glauben". Sie öffnete ihre Notenrelle, die ausser einigen sien-
