4900 5620
1726 242 1941 437 „ „
1871 491 2155 713 -120-
825 755 3777 997 und zu schlossen,schnappend,wie Krokodilmäuler. Dabei dauerte
817 924 3789 1127 das Klopfen immer fort und schien sogar stärker und dringender
813 1097 3804 1296 zu werden. Unwillkürlich griff Robert nach dem Revolver, den er
813 1243 3823 1450 nach alter Reisegewohnheit auf das Nachttischchen gelegt hatte,
809 1446 3777 1622 erhob sich rasch, stedkte die Waffe in seine Rocktasche, wusste,
809 1588 3739 1783 dass er erwacht war und dachte: Ein Telegramm. Und er fragte:
832 1741 1469 1948 "Wer ist das?“
1346 1837 3398 2090 "Ich bin's Robert," erwiederte eine Stimme.
1315 1990 3942 2251 Das Blut erstarrte ihm. Es war Ottos Stimme. Schon also
790 2213 3731 2351 war er ihm nachgereist, schon war er da, um sein fürchterliches
775 2336 3616 2520 Werk zu vollbringen. Ein Glück, dass die Türe versperrt war.
1312 2466 3950 2700 "Darf man herein?" fragte Otto. Doch ehe Robert noch zu
779 2631 3839 2865 antworten vermochte, öffnete sich die Türe, die Robert zuzusperren
779 2834 1557 3049 vergessen hatte.
1304 2961 3777 3168 "Was willst du?" fragte Robert mit aufgerissenen Au-
744 3091 3724 3298 gen und dabei war er sich wie einer Qual des Umstands bewusst,
767 3306 3068 3459 dass beide Lidspalten gleich weit offen standen.
1312 3375 3820 3639 Otto stand ihm in der Türe gegenüber im Felz und mit
748 3567 3785 3804 einem dicken Schal um den Hals. Hästig sprach er. "Man hat mir
748 3743 3739 3908 unten gesagt, dass du um zwei Uhr auf die Bahn wolltest,aber du
725 3904 3747 4088 hast verschlafen. Uebrigens wäre ich nicht heraufgekommen,wenn
721 4061 3064 4245 ich nicht Licht in deinem Zimmer gesehen hätte."
1315 4188 3103 4395 „Wo ist Paula?“ fragte Robert heiser.
1304 4295 3831 4556 "Paula kommt morgen. Vorläufig musst du dich mit ih-
702 4475 3781 4775 ren Grüssen begnügen. "Er hatte innerfert ein starres Lächeln um
690 4721 1254 4932 die Lippen,
1281 4786 3847 5089 "Was willst du hier? Warum kommst du?“ Er setzte sich
