<?xml version="1.0" encoding="UTF-8" standalone="yes"?>
<PcGts xmlns="http://schema.primaresearch.org/PAGE/gts/pagecontent/2013-07-15" xmlns:xsi="http://www.w3.org/2001/XMLSchema-instance" xsi:schemaLocation="http://schema.primaresearch.org/PAGE/gts/pagecontent/2013-07-15 http://schema.primaresearch.org/PAGE/gts/pagecontent/2013-07-15/pagecontent.xsd">
    <Metadata>
        <Creator>prov=READ-COOP:name=TrHtr:version=2.1.0:model_id=51170:date=15_08_2023_05:31</Creator>
        <Created>2023-05-10T15:06:39.198+02:00</Created>
        <LastChange>2023-08-15T05:31:14.236+02:00</LastChange>
        <TranskribusMetadata docId="1428799" pageId="55430303" pageNr="18" tsid="132839428" status="IN_PROGRESS" userId="64420" imgUrl="https://files.transkribus.eu/Get?id=VLFDHOENHPCOAXIWQEOXILRI&amp;fileType=view" xmlUrl="https://files.transkribus.eu/Get?id=JZICFJTLKQGDCQKBBUSGEEKQ" imageId="44704375"/>
    </Metadata>
    <Page imageFilename="1428799_0018.jpg" imageWidth="4760" imageHeight="5508">
        <ReadingOrder>
            <OrderedGroup id="ro_1711805215422" caption="Regions reading order">
                <RegionRefIndexed index="0" regionRef="tr_1"/>
                <RegionRefIndexed index="1" regionRef="tr_2"/>
            </OrderedGroup>
        </ReadingOrder>
        <TextRegion id="tr_1" custom="readingOrder {index:0;}">
            <Coords points="949,248 4283,248 4283,2925 949,2925"/>
            <TextLine id="tr_1_tl_1" custom="readingOrder {index:0;}">
                <Coords points="2842,343 2867,343 2875,355 2884,351 2888,364 2900,359 2917,372 2933,355 2941,364 2970,355 2974,364 2979,359 3003,368 3016,235 2991,227 2979,235 2941,190 2921,202 2892,178 2884,186 2855,182"/>
                <Baseline points="2867,310 2933,304 3022,298"/>
                <TextEquiv>
                    <Unicode>P.</Unicode>
                </TextEquiv>
            </TextLine>
            <TextLine id="tr_1_tl_2" custom="readingOrder {index:1;}">
                <Coords points="2198,607 2256,624 2289,595 2347,583 2359,570 2446,562 2454,426 2429,421 2409,438 2392,438 2338,405 2314,421 2289,417 2256,438 2231,426 2206,430"/>
                <Baseline points="2222,531 2282,525 2371,519 2461,519"/>
                <TextEquiv>
                    <Unicode>-18-</Unicode>
                </TextEquiv>
            </TextLine>
            <TextLine id="tr_1_tl_3" custom="readingOrder {index:2;}">
                <Coords points="963,975 3070,896 3107,669 2863,748 1979,719 1776,793 1372,706 971,768"/>
                <Baseline points="991,890 1051,890 1141,884 1230,878 1320,878 1409,872 1499,866 1589,866 1678,866 1768,860 1857,860 1947,854 2037,848 2126,848 2216,842 2305,842 2395,848 2485,842 2574,836 2664,830 2754,830 2843,824 2933,818 3022,824 3112,830"/>
                <TextEquiv>
                    <Unicode>seiner Berufstätigkeit schon gewachsen sei.</Unicode>
                </TextEquiv>
            </TextLine>
            <TextLine id="tr_1_tl_4" custom="readingOrder {index:3;}">
                <Coords points="1574,1091 3061,1037 3061,925 2913,872 1578,938"/>
                <Baseline points="1595,1033 1636,1027 1726,1015 1816,1009 1905,1009 1995,1009 2084,1003 2174,1003 2264,997 2353,997 2443,991 2532,991 2622,985 2712,985 2801,985 2891,979 2981,979 3070,979"/>
                <TextEquiv>
                    <Unicode>Doktor Leinbach lächelte nur.</Unicode>
                </TextEquiv>
            </TextLine>
            <TextLine id="tr_1_tl_5" custom="readingOrder {index:4;}">
                <Coords points="975,1235 4102,1190 4218,1169 4222,1016 975,1148"/>
                <Baseline points="997,1212 1087,1212 1176,1206 1266,1200 1356,1200 1445,1194 1535,1188 1624,1176 1714,1176 1804,1170 1893,1170 1983,1164 2072,1158 2162,1158 2252,1158 2341,1152 2431,1152 2521,1147 2610,1141 2700,1141 2789,1141 2879,1135 2969,1129 3058,1129 3148,1129 3237,1129 3327,1123 3417,1117 3506,1117 3596,1111 3685,1111 3775,1111 3865,1105 3954,1105 4044,1105 4133,1099 4223,1093"/>
                <TextEquiv>
                    <Unicode>Robert beharrte: "Du vergisst,wie sehr ich mit meinen</Unicode>
                </TextEquiv>
            </TextLine>
            <TextLine id="tr_1_tl_6" custom="readingOrder {index:5;}">
                <Coords points="950,1425 3859,1384 4268,1330 4272,1202 958,1239"/>
                <Baseline points="979,1356 1057,1350 1147,1344 1236,1344 1326,1344 1415,1338 1505,1338 1595,1338 1684,1338 1774,1332 1863,1326 1953,1326 2043,1320 2132,1320 2222,1314 2311,1308 2401,1308 2491,1314 2580,1308 2670,1296 2759,1296 2849,1296 2939,1290 3028,1290 3118,1284 3208,1284 3297,1278 3387,1278 3476,1278 3566,1272 3656,1272 3745,1272 3835,1266 3924,1266 4014,1260 4104,1254 4193,1254 4283,1248"/>
                <TextEquiv>
                    <Unicode>Herven herunter war in Frühling, bevor Ihr mich auf Reisen geschickt</Unicode>
                </TextEquiv>
            </TextLine>
            <TextLine id="tr_1_tl_7" custom="readingOrder {index:6;}">
                <Coords points="1429,1574 1479,1591 1512,1557 1566,1545 1586,1566 1624,1541 1694,1570 1743,1529 1905,1545 1909,1417 1826,1405 1797,1425 1748,1405 1681,1438 1595,1446 1537,1417 1434,1425"/>
                <Baseline points="1451,1505 1469,1505 1559,1505 1648,1499 1738,1499 1828,1493 1917,1493"/>
                <TextEquiv>
                    <Unicode>sinden Augen</Unicode>
                </TextEquiv>
            </TextLine>
            <TextLine id="tr_1_tl_8" custom="readingOrder {index:7;}">
                <Coords points="950,1595 1078,1574 1120,1591 1161,1566 1186,1582 1239,1549 1310,1549 1310,1405 1239,1405 1202,1421 1190,1405 1165,1405 1132,1434 1111,1421 1082,1442 1058,1421 1033,1438 991,1413 958,1421"/>
                <Baseline points="979,1511 1051,1511 1141,1505 1230,1505 1320,1499"/>
                <TextEquiv>
                    <Unicode>habt."</Unicode>
                </TextEquiv>
            </TextLine>
            <TextLine id="tr_1_tl_9" custom="readingOrder {index:8;}">
                <Coords points="1578,1665 4189,1673 4197,1438 1582,1549"/>
                <Baseline points="1601,1648 1606,1642 1696,1642 1786,1642 1875,1636 1965,1630 2055,1630 2144,1624 2234,1624 2323,1624 2413,1618 2503,1618 2592,1618 2682,1612 2771,1606 2861,1606 2951,1601 3040,1601 3130,1595 3219,1595 3309,1595 3399,1589 3488,1589 3578,1583 3668,1583 3757,1577 3847,1577 3936,1571 4026,1571 4116,1571 4205,1565"/>
                <TextEquiv>
                    <Unicode>Leinbach suchte die Achseln: "Mein lieber Freund, wenn</Unicode>
                </TextEquiv>
            </TextLine>
            <TextLine id="tr_1_tl_10" custom="readingOrder {index:9;}">
                <Coords points="950,1867 4061,1805 4201,1785 4201,1669 954,1752"/>
                <Baseline points="973,1822 985,1822 1075,1816 1164,1816 1254,1810 1344,1810 1433,1810 1523,1804 1612,1804 1702,1804 1792,1798 1881,1798 1971,1792 2061,1786 2150,1786 2240,1780 2329,1780 2419,1780 2509,1774 2598,1774 2688,1768 2777,1762 2867,1762 2957,1756 3046,1756 3136,1756 3225,1750 3315,1750 3405,1750 3494,1750 3584,1744 3673,1738 3763,1732 3853,1732 3942,1732 4032,1732 4122,1738 4211,1738"/>
                <TextEquiv>
                    <Unicode>einer in der glücklichen Lage ist sich wegschicken zu lassen,- so</Unicode>
                </TextEquiv>
            </TextLine>
            <TextLine id="tr_1_tl_11" custom="readingOrder {index:10;}">
                <Coords points="946,2033 4090,1983 4140,1797 950,1905"/>
                <Baseline points="973,1983 1015,1983 1105,1971 1194,1971 1284,1971 1374,1971 1463,1965 1553,1965 1642,1959 1732,1953 1822,1953 1911,1947 2001,1947 2090,1941 2180,1941 2270,1941 2359,1935 2449,1935 2538,1935 2628,1929 2718,1923 2807,1923 2897,1923 2986,1917 3076,1917 3166,1917 3255,1911 3345,1899 3435,1899 3524,1899 3614,1899 3703,1893 3793,1893 3883,1893 3972,1887 4062,1887 4151,1899"/>
                <TextEquiv>
                    <Unicode>schicken wir ihn natürlich weg. Andererseits gibt ès viele Leute,</Unicode>
                </TextEquiv>
            </TextLine>
            <TextLine id="tr_1_tl_12" custom="readingOrder {index:11;}">
                <Coords points="958,2223 3660,2157 3743,1966 967,2041"/>
                <Baseline points="985,2132 1063,2132 1152,2126 1242,2126 1332,2120 1421,2120 1511,2120 1601,2114 1690,2108 1780,2108 1869,2108 1959,2102 2049,2102 2138,2102 2228,2096 2317,2090 2407,2090 2497,2090 2586,2084 2676,2084 2765,2078 2855,2072 2945,2072 3034,2066 3124,2066 3213,2066 3303,2061 3393,2061 3482,2055 3572,2049 3662,2049 3751,2055"/>
                <TextEquiv>
                    <Unicode>denen es einfach nur an Zeit mangelt verrückt zu werden."</Unicode>
                </TextEquiv>
            </TextLine>
            <TextLine id="tr_1_tl_13" custom="readingOrder {index:12;}">
                <Coords points="1574,2309 4028,2272 4181,2243 4185,2140 1578,2161"/>
                <Baseline points="1601,2270 1684,2270 1774,2264 1863,2264 1953,2264 2043,2258 2132,2252 2222,2252 2311,2252 2401,2246 2491,2246 2580,2240 2670,2240 2759,2234 2849,2228 2939,2228 3028,2228 3118,2228 3208,2222 3297,2222 3387,2222 3476,2210 3566,2204 3656,2210 3745,2204 3835,2204 3924,2204 4014,2204 4104,2210 4193,2216"/>
                <TextEquiv>
                    <Unicode>Verrückt, wiederholte Robert bei sich, warum sagt er</Unicode>
                </TextEquiv>
            </TextLine>
            <TextLine id="tr_1_tl_14" custom="readingOrder {index:13;}">
                <Coords points="967,2342 1058,2342 1078,2367 1120,2338 1400,2338 1442,2363 1483,2347 1487,2194 1429,2185 1310,2223 1281,2190 1244,2185 1210,2206 1186,2194 1140,2239 971,2210"/>
                <Baseline points="991,2294 1051,2294 1141,2288 1230,2288 1320,2288 1409,2288 1499,2282"/>
                <TextEquiv>
                    <Unicode>Das war vie-</Unicode>
                </TextEquiv>
            </TextLine>
            <TextLine id="tr_1_tl_15" custom="readingOrder {index:14;}">
                <Coords points="934,2483 3817,2450 4177,2392 4181,2239 938,2342"/>
                <Baseline points="955,2455 961,2455 1051,2449 1141,2443 1230,2437 1320,2437 1409,2431 1499,2431 1589,2425 1678,2419 1768,2419 1857,2419 1947,2419 2037,2413 2126,2413 2216,2407 2305,2407 2395,2401 2485,2401 2574,2395 2664,2395 2754,2389 2843,2383 2933,2383 3022,2377 3112,2377 3202,2377 3291,2371 3381,2371 3470,2371 3560,2365 3650,2359 3739,2359 3829,2359 3918,2359 4008,2353 4098,2347 4187,2347"/>
                <TextEquiv>
                    <Unicode>gleich "verrückt«? Wenn ich nun die Geschichte mit meinem Augenlid</Unicode>
                </TextEquiv>
            </TextLine>
            <TextLine id="tr_1_tl_16" custom="readingOrder {index:15;}">
                <Coords points="946,2636 4024,2599 4177,2570 4181,2396 950,2495"/>
                <Baseline points="967,2610 1051,2598 1141,2598 1230,2592 1320,2586 1409,2586 1499,2586 1589,2586 1678,2574 1768,2574 1857,2574 1947,2574 2037,2568 2126,2562 2216,2562 2305,2562 2395,2556 2485,2556 2574,2550 2664,2550 2754,2544 2843,2538 2933,2538 3022,2538 3112,2538 3202,2532 3291,2526 3381,2526 3470,2521 3560,2515 3650,2515 3739,2515 3829,2509 3918,2509 4008,2503 4098,2509 4187,2503"/>
                <TextEquiv>
                    <Unicode>vorbrächte. Es wäre vielleicht der richtige Moment. Und vorsichtig</Unicode>
                </TextEquiv>
            </TextLine>
            <TextLine id="tr_1_tl_17" custom="readingOrder {index:16;}">
                <Coords points="925,2818 4028,2739 4094,2594 930,2619"/>
                <Baseline points="949,2754 967,2754 1057,2754 1147,2754 1236,2748 1326,2742 1415,2742 1505,2736 1595,2736 1684,2736 1774,2730 1863,2730 1953,2730 2043,2724 2132,2718 2222,2718 2311,2718 2401,2712 2491,2712 2580,2706 2670,2706 2759,2700 2849,2700 2939,2694 3028,2694 3118,2688 3208,2688 3297,2688 3387,2682 3476,2682 3566,2676 3656,2676 3745,2670 3835,2664 3924,2664 4014,2658 4104,2658"/>
                <TextEquiv>
                    <Unicode>begann er: "Ich hatte übrigens die Absicht dich morgen in deiner</Unicode>
                </TextEquiv>
            </TextLine>
            <TextLine id="tr_1_tl_18" custom="readingOrder {index:17;}">
                <Coords points="934,2954 2504,2946 2508,2776 938,2822"/>
                <Baseline points="961,2915 991,2915 1081,2909 1170,2903 1260,2897 1350,2897 1439,2897 1529,2891 1618,2891 1708,2891 1798,2891 1887,2885 1977,2879 2066,2879 2156,2873 2246,2873 2335,2873 2425,2873 2515,2867"/>
                <TextEquiv>
                    <Unicode>Ordinationsstunde heimzusuchen."</Unicode>
                </TextEquiv>
            </TextLine>
        </TextRegion>
        <TextRegion id="tr_2" custom="readingOrder {index:1;}">
            <Coords points="878,2919 4259,2919 4259,4968 878,4968"/>
            <TextLine id="tr_2_tl_1" custom="readingOrder {index:0;}">
                <Coords points="1219,3107 3499,3032 3809,3111 4243,3016 4247,2884 1223,2983"/>
                <Baseline points="1242,3070 1266,3070 1356,3070 1445,3064 1535,3046 1571,3046 1660,3040 1750,3040 1839,3040 1929,3040 2019,3034 2108,3028 2198,3028 2288,3022 2377,3022 2467,3022 2556,3016 2646,3016 2736,3016 2825,3016 2915,3004 3004,3004 3094,2998 3184,2998 3273,2998 3363,2992 3452,2992 3542,2992 3632,2986 3721,2981 3811,2975 3901,2975 3990,2975 4080,2969 4169,2969 4259,2975"/>
                <TextEquiv>
                    <Unicode>"Ordinationsstunde-71 Da gehören Zwei dazu, mein Lieber.</Unicode>
                </TextEquiv>
            </TextLine>
            <TextLine id="tr_2_tl_2" custom="readingOrder {index:1;}">
                <Coords points="909,3322 3127,3235 3470,3165 3474,3045 913,3107"/>
                <Baseline points="937,3231 973,3231 1063,3225 1152,3219 1242,3213 1332,3213 1421,3208 1511,3208 1601,3202 1690,3202 1780,3196 1869,3196 1959,3190 2049,3190 2138,3184 2228,3184 2317,3184 2407,3184 2497,3178 2586,3178 2676,3172 2765,3166 2855,3160 2945,3160 3034,3160 3124,3160 3213,3154 3303,3148 3393,3148 3482,3154"/>
                <TextEquiv>
                    <Unicode>Da müsste ich dich vor allem als patienten ansehen.“</Unicode>
                </TextEquiv>
            </TextLine>
            <TextLine id="tr_2_tl_3" custom="readingOrder {index:2;}">
                <Coords points="1557,3437 4177,3355 4206,3202 1566,3276"/>
                <Baseline points="1583,3363 1618,3357 1708,3357 1798,3357 1887,3351 1977,3351 2066,3345 2156,3345 2246,3339 2335,3339 2425,3339 2515,3333 2604,3333 2694,3327 2783,3327 2873,3321 2963,3321 3052,3321 3142,3315 3231,3315 3321,3309 3411,3303 3500,3303 3590,3303 3679,3303 3769,3303 3859,3297 3948,3291 4038,3285 4128,3279 4217,3279"/>
                <TextEquiv>
                    <Unicode>"Mir fällt nämlich seit einiger Zeit auf", sagte Robert</Unicode>
                </TextEquiv>
            </TextLine>
            <TextLine id="tr_2_tl_4" custom="readingOrder {index:3;}">
                <Coords points="905,3574 3817,3545 4016,3491 4020,3350 913,3421"/>
                <Baseline points="931,3542 985,3542 1075,3536 1164,3530 1254,3530 1344,3524 1433,3518 1523,3524 1612,3518 1702,3518 1792,3518 1881,3518 1971,3512 2061,3506 2150,3506 2240,3500 2329,3500 2419,3494 2509,3494 2598,3488 2688,3488 2777,3482 2867,3482 2957,3476 3046,3476 3136,3476 3225,3470 3315,3464 3405,3464 3494,3458 3584,3458 3673,3452 3763,3452 3853,3452 3942,3452 4032,3446"/>
                <TextEquiv>
                    <Unicode>unbeirrt,“dass - mein linker Arm beträchtlich schwächer ist, als</Unicode>
                </TextEquiv>
            </TextLine>
            <TextLine id="tr_2_tl_5" custom="readingOrder {index:4;}">
                <Coords points="901,3735 4144,3685 4210,3540 905,3586"/>
                <Baseline points="925,3703 985,3697 1075,3691 1164,3691 1254,3685 1344,3685 1433,3685 1523,3685 1612,3685 1702,3679 1792,3673 1881,3673 1971,3668 2061,3662 2150,3662 2240,3662 2329,3656 2419,3656 2509,3650 2598,3644 2688,3644 2777,3650 2867,3644 2957,3638 3046,3632 3136,3632 3225,3632 3315,3626 3405,3620 3494,3614 3584,3614 3673,3614 3763,3614 3853,3608 3942,3602 4032,3602 4122,3602 4211,3596"/>
                <TextEquiv>
                    <Unicode>mein rechter." Der Einfall war ihm im gleichen Augenblick gekommen.</Unicode>
                </TextEquiv>
            </TextLine>
            <TextLine id="tr_2_tl_6" custom="readingOrder {index:5;}">
                <Coords points="934,3904 4152,3888 4160,3681 938,3747"/>
                <Baseline points="955,3847 1033,3853 1123,3853 1212,3847 1302,3847 1391,3847 1481,3841 1571,3841 1660,3835 1750,3835 1839,3835 1929,3829 2019,3829 2108,3823 2198,3823 2288,3817 2377,3817 2467,3811 2556,3805 2646,3805 2736,3805 2825,3805 2915,3799 3004,3793 3094,3793 3184,3787 3273,3787 3363,3781 3452,3781 3542,3775 3632,3769 3721,3769 3811,3769 3901,3763 3990,3763 4080,3757 4169,3751"/>
                <TextEquiv>
                    <Unicode>"Ja, lach nur, es ist doch so.” Er hob langsam seinen linken Arm und</Unicode>
                </TextEquiv>
            </TextLine>
            <TextLine id="tr_2_tl_7" custom="readingOrder {index:6;}">
                <Coords points="901,4069 2900,4011 2904,3867 905,3933"/>
                <Baseline points="925,4014 943,4014 1033,4014 1123,4008 1212,4008 1302,4008 1391,4002 1481,3996 1571,3996 1660,3996 1750,3990 1839,3990 1929,3984 2019,3984 2108,3984 2198,3978 2288,3978 2377,3978 2467,3972 2556,3966 2646,3966 2736,3966 2825,3966 2915,3972"/>
                <TextEquiv>
                    <Unicode>liess ungeschiokt die Finger spielen.</Unicode>
                </TextEquiv>
            </TextLine>
            <TextLine id="tr_2_tl_8" custom="readingOrder {index:7;}">
                <Coords points="1529,4214 3958,4189 4020,3978 1533,4040"/>
                <Baseline points="1553,4139 1612,4145 1702,4145 1792,4139 1881,4139 1971,4139 2061,4133 2150,4133 2240,4128 2329,4128 2419,4122 2509,4122 2598,4116 2688,4116 2777,4116 2867,4116 2957,4110 3046,4104 3136,4104 3225,4098 3315,4098 3405,4092 3494,4092 3584,4092 3673,4086 3763,4086 3853,4086 3942,4080 4032,4080"/>
                <TextEquiv>
                    <Unicode>"Na", meinte Leinbach übertrieben heiter, "pack doch</Unicode>
                </TextEquiv>
            </TextLine>
            <TextLine id="tr_2_tl_9" custom="readingOrder {index:8;}">
                <Coords points="884,4379 4049,4309 4098,4173 888,4206"/>
                <Baseline points="908,4331 967,4331 1057,4325 1147,4319 1236,4319 1326,4313 1415,4313 1505,4313 1595,4307 1684,4307 1774,4313 1863,4307 1953,4301 2043,4295 2132,4295 2222,4295 2311,4289 2401,4283 2491,4277 2580,4277 2670,4277 2759,4271 2849,4265 2939,4265 3028,4265 3118,4259 3208,4259 3297,4259 3387,4259 3476,4253 3566,4247 3656,4253 3745,4253 3835,4259 3924,4259 4014,4259 4104,4259"/>
                <TextEquiv>
                    <Unicode>einmal mein Handgelenk mit deinen gelähmten linken Arn!“ in Waren</Unicode>
                </TextEquiv>
            </TextLine>
            <TextLine id="tr_2_tl_10" custom="readingOrder {index:9;}">
                <Coords points="1487,4487 4086,4470 4135,4292 1491,4338"/>
                <Baseline points="1511,4462 1547,4462 1636,4456 1726,4456 1816,4456 1905,4456 1995,4450 2084,4450 2174,4450 2264,4444 2353,4438 2443,4438 2532,4432 2622,4426 2712,4426 2801,4426 2891,4426 2981,4426 3070,4420 3160,4420 3249,4414 3339,4408 3429,4402 3518,4402 3608,4402 3697,4396 3787,4396 3877,4396 3966,4396 4056,4396 4145,4390"/>
                <TextEquiv>
                    <Unicode>Robert tat so und Leinbach liess ein scherzhaftes "Au-</Unicode>
                </TextEquiv>
            </TextLine>
            <TextLine id="tr_2_tl_11" custom="readingOrder {index:10;}">
                <Coords points="971,4701 4028,4627 4032,4470 975,4520"/>
                <Baseline points="997,4635 1087,4635 1176,4629 1266,4635 1356,4629 1445,4629 1535,4623 1624,4623 1714,4617 1804,4617 1893,4617 1983,4611 2072,4611 2162,4605 2252,4599 2341,4599 2431,4605 2521,4599 2610,4593 2700,4588 2789,4588 2879,4582 2969,4582 3058,4582 3148,4576 3237,4570 3327,4570 3417,4570 3506,4564 3596,4564 3685,4558 3775,4558 3865,4558 3954,4558 4044,4552"/>
                <TextEquiv>
                    <Unicode>ören. "Und doch", sagte Robert," versichere ich dich: heute Früh</Unicode>
                </TextEquiv>
            </TextLine>
            <TextLine id="tr_2_tl_12" custom="readingOrder {index:11;}">
                <Coords points="1008,4850 4177,4780 4181,4610 1012,4701"/>
                <Baseline points="1033,4797 1057,4797 1147,4797 1236,4785 1326,4785 1415,4785 1505,4785 1595,4779 1684,4779 1774,4773 1863,4773 1953,4773 2043,4767 2132,4761 2222,4761 2311,4761 2401,4755 2491,4755 2580,4749 2670,4743 2759,4743 2849,4737 2939,4737 3028,4731 3118,4731 3208,4731 3297,4731 3387,4725 3476,4719 3566,4719 3656,4719 3745,4719 3835,4713 3924,4719 4014,4713 4104,4701 4193,4707"/>
                <TextEquiv>
                    <Unicode>Ihr mir, als könnte ich den Arm überhaupt nicht rühren; ja, die ganse</Unicode>
                </TextEquiv>
            </TextLine>
            <TextLine id="tr_2_tl_13" custom="readingOrder {index:12;}">
                <Coords points="855,4999 4053,4958 4082,4772 859,4867"/>
                <Baseline points="878,4958 949,4958 1039,4952 1129,4952 1218,4952 1308,4946 1397,4940 1487,4946 1577,4940 1666,4940 1756,4928 1845,4928 1935,4928 2025,4922 2114,4922 2204,4922 2294,4922 2383,4916 2473,4916 2562,4910 2652,4916 2742,4904 2831,4904 2921,4898 3010,4892 3100,4892 3190,4892 3279,4886 3369,4880 3458,4874 3548,4874 3638,4880 3727,4868 3817,4868 3906,4868 3996,4868 4086,4862"/>
                <TextEquiv>
                    <Unicode>linko Seite war irgendwie in dieses eigentümliche Gefühl nit ein-</Unicode>
                </TextEquiv>
            </TextLine>
        </TextRegion>
    </Page>
</PcGts>
