4920 5428
526 112 706 343 P.S.
1770 359 2066 638 -99-
1802 790 2018 945 15.
714 730 1041 1001 Pietal
1356 1109 3672 1288 Als Robert am nächsten Morgen aus seinem Zimmer
726 1061 1292 1272 G.C.H.F.P
690 1232 3645 1400 trat, fand er seinen Bruder vor der Türe stehen. Robert fühlte
690 1396 3760 1575 sich erblassen, doch es gelang ihm sein Erschrecken zu verbergen,
682 1571 3692 1747 und wie erfreut rief er aus: "Du bist's? Das ist aber wirklich
690 1695 3840 1906 sehr nett. Willst du nicht — "Du bist im Fortgehen", sagte Otto.
670 1890 3661 2066 Er stand in der Türe, beide Hände in den Taschen seines Pelzes
670 2066 3649 2205 vergraben,mit einem allzu heiteren Gesicht. "Oh,es eilt nicht.
666 2161 3657 2333 Komm doch herein.“ Und er schloss die Türe hinter Otto, der ihm
662 2317 3716 2520 ins Zimmer gefolgt war. "Ich wollte dich nämlich fragen", begann
650 2480 3589 2664 Otto, "ob du vielleicht heute Abend mit Paula und ihrer Mutter
642 2660 3637 2835 bei uns zu Abend essen möchtest?“ - "Gern,sehr gern”.- "Und da
634 2799 3633 2975 wollte ich gleich die Gelegenheit benütsen und mir doch einmal
622 2939 3824 3126 dein Zimmer ansehen, das du ja nun nicht mehr lange bewohnen wirst.
610 3074 3625 3282 Er betrachtete den Raum nach allen Seiten. "Ganz hübsch", sagte
618 3246 3740 3437 er, trat zum Fenster,blickte auf die Heiligenstatue,in deren stei-
610 3433 3704 3589 nernen Falten gefrorener Schnee lag, und schien zu überlegen. Ro-
598 3581 3549 3752 bert, auch im Ueberzieher, den Hut in der Hand, stand hinter ihm
602 3744 3692 3928 und hielt den Blick auf Ottos gesenkten grauen Kopf geheftet, der
586 3884 3549 4067 sich aus dem Polzkragen hervorhob und ihm nun sonderbar fremd
574 4067 3573 4247 erschien, wie der eines müden alten Mannes, den er nicht kannte.
562 4191 3593 4390 Was hat dieser Besuch zu bedeuten? fragte er sich. Was will er
558 4362 3529 4526 hier? Flüchtig fuhr ihm durch den Sinn, ob Otto nicht etwa ein
566 4502 3521 4721 giftiges Pulver mitgebracht hätte, das sich im Raum verbreiten
546 4681 3553 4881 und später seine verderbliche Wirkung entfalten sollte; und er
522 4829 3409 5032 nahm sich vor, für alle Fälle nachher das Fenster zu öffnen.
4410 4470 4586 4626 eth
4386 4582 4554 4769 rlt
