4264 5396
1641 359 1888 635 -36-
587 607 3781 938 Geliebten der verflossenen Stunde zurück und nickte ein paar Mal.
599 862 3641 1070 Robert sah dem rollenden Wagen eine ganze Weile nach. Die habe
579 1050 3569 1210 ich doch ganz bestimmt nicht umgebracht, sagte er sich denn zu
595 1218 3661 1385 sich und unwillkürlich sah er ringsum, ob irgend wer in der Nähe
579 1333 3637 1505 wäre; ein Zeuge für alle Fälle, der sie in den Wagen hatte stei-
571 1513 3605 1701 gen und davonfahren gesehen. Dann lachte er und schüttelte die
571 1653 3637 1817 töricht-zudringlichen Gedanken von sich ab Vielleicht schreibe
551 1809 3761 2016 ich ihr doch einmal, dachte er; und durch die nächtlichen Strassen
539 2008 3030 2176 nahm er langsam den Weg zurück nach seinem Gasthof.
659 2583 842 2743 U.Ed.
1114 2571 3525 2783 Am nächsten, einem klaren Spätherbstmorgen,fuhr er
491 2739 3505 2923 auf den Semmering. Erst als er dort sein Zimmer bezogen hatte,
503 2903 3509 3078 von dem er über die Tannenwipfel die Aussicht zu den mit neuem
467 3058 3521 3226 klirrblanken Schnee bedeckten Felsenkamm der Rax hatte,verstän-
467 3226 3537 3406 digte er durch heitere Karten seinen Bruder, den Doktor Leinbach
447 3370 3446 3541 und, ohne recht zu wissen warum, auch den Dichter Kahnberg, dass
447 3517 3565 3721 er sich von der langen Ruhe der lotsten Monate ein paar Tage kar
427 3701 3493 3877 hier su erholen gesonnen sei. Stundenlang, immer allein, von her-
419 3849 3406 4024 ber Bergluft angeweht,wanderte er durch kühle Wälder, über dem
411 4016 3410 4160 te Wiesen hin, mit Bewusstsein nur dem Genuss der Luft und des
383 4164 3382 4316 Lichtes hingegegben und wehrte alles Grübeln so weit von sich
375 4336 3426 4504 ab, dass ihm auch die fortümmernde unerhebliche Schwäche seines
367 4460 3446 4683 linken Augenlids keinerlei Sorge mehr zu bereiten vermochte. Am
359 4635 3485 4879 zweiten Tag seines Aufenthalte erbat er von seinem Amtsvorstand,
339 4815 3382 5011 Sektionschef Baron Frantner, eine kurze Verlängerung seines Ur-
