<?xml version="1.0" encoding="UTF-8" standalone="yes"?>
<PcGts xmlns="http://schema.primaresearch.org/PAGE/gts/pagecontent/2013-07-15" xmlns:xsi="http://www.w3.org/2001/XMLSchema-instance" xsi:schemaLocation="http://schema.primaresearch.org/PAGE/gts/pagecontent/2013-07-15 http://schema.primaresearch.org/PAGE/gts/pagecontent/2013-07-15/pagecontent.xsd">
    <Metadata>
        <Creator>prov=READ-COOP:name=TrHtr:version=2.1.0:model_id=51170:date=15_08_2023_05:31</Creator>
        <Created>2023-05-10T15:06:45.843+02:00</Created>
        <LastChange>2023-08-15T05:31:27.197+02:00</LastChange>
        <TranskribusMetadata docId="1428799" pageId="55430535" pageNr="55" tsid="132839466" status="IN_PROGRESS" userId="64420" imgUrl="https://files.transkribus.eu/Get?id=CXPKWPXTZICNEQSPEFHCVONZ&amp;fileType=view" xmlUrl="https://files.transkribus.eu/Get?id=IXZZJCGVNANGQOPXBUJAGJKB" imageId="44704607"/>
    </Metadata>
    <Page imageFilename="1428799_0055.jpg" imageWidth="4264" imageHeight="5364">
        <ReadingOrder>
            <OrderedGroup id="ro_1711805318264" caption="Regions reading order">
                <RegionRefIndexed index="0" regionRef="tr_2"/>
                <RegionRefIndexed index="1" regionRef="tr_1"/>
            </OrderedGroup>
        </ReadingOrder>
        <TextRegion id="tr_2" custom="readingOrder {index:0;}">
            <Coords points="447,517 3739,517 3739,2930 447,2930"/>
            <TextLine id="tr_2_tl_1" custom="readingOrder {index:0;}">
                <Coords points="1674,583 1706,571 1750,611 1770,603 1834,623 1858,611 1910,619 1918,356 1858,348 1826,364 1802,348 1786,360 1734,328 1706,348 1682,344"/>
                <Baseline points="1696,573 1738,573 1827,567 1917,567"/>
                <TextEquiv>
                    <Unicode>-85—</Unicode>
                </TextEquiv>
            </TextLine>
            <TextLine id="tr_2_tl_2" custom="readingOrder {index:1;}">
                <Coords points="1035,951 3729,923 3729,799 3421,719 2498,711 2050,823 1035,759"/>
                <Baseline points="1057,872 1146,872 1236,878 1326,878 1415,878 1505,878 1594,884 1684,884 1774,878 1863,878 1953,884 2042,884 2132,884 2222,884 2311,884 2401,884 2490,884 2580,884 2670,884 2759,884 2849,884 2938,890 3028,890 3118,890 3207,890 3297,890 3386,895 3476,890 3566,890 3655,890 3739,890"/>
                <TextEquiv>
                    <Unicode>"So, durchgegangen? Ich habe noch nichts gelesen. Uebri-</Unicode>
                </TextEquiv>
            </TextLine>
            <TextLine id="tr_2_tl_3" custom="readingOrder {index:2;}">
                <Coords points="539,1051 3553,1095 3553,983 3233,927 539,919"/>
                <Baseline points="561,1033 651,1033 740,1027 830,1033 919,1033 1009,1033 1099,1033 1188,1033 1278,1039 1367,1039 1457,1039 1547,1039 1636,1039 1726,1039 1815,1039 1905,1039 1995,1039 2084,1039 2174,1039 2263,1045 2353,1045 2443,1045 2532,1045 2622,1039 2711,1039 2801,1039 2891,1039 2980,1039 3070,1039 3159,1045 3249,1045 3339,1045 3428,1045 3518,1057 3560,1069"/>
                <TextEquiv>
                    <Unicode>gens kenn' ich ihn nur ganz flüchtig. Aber seine Familie habe</Unicode>
                </TextEquiv>
            </TextLine>
            <TextLine id="tr_2_tl_4" custom="readingOrder {index:3;}">
                <Coords points="528,1187 3501,1323 3437,1083 524,1095"/>
                <Baseline points="549,1182 639,1182 728,1182 818,1182 907,1182 997,1188 1087,1188 1176,1188 1266,1188 1355,1194 1445,1194 1535,1194 1624,1194 1714,1194 1803,1194 1893,1194 1983,1188 2072,1188 2162,1188 2251,1194 2341,1194 2431,1200 2520,1194 2610,1194 2699,1194 2789,1194 2879,1194 2968,1194 3058,1200 3147,1194 3237,1194 3327,1200 3416,1200 3506,1212 3512,1206"/>
                <TextEquiv>
                    <Unicode>ich erst gestern gesprochen. Sie waren hier heroben, Frau und</Unicode>
                </TextEquiv>
            </TextLine>
            <TextLine id="tr_2_tl_5" custom="readingOrder {index:4;}">
                <Coords points="532,1347 1347,1439 2606,1387 2606,1275 2426,1247 532,1271"/>
                <Baseline points="555,1338 645,1338 734,1338 824,1338 913,1343 1003,1343 1093,1343 1182,1343 1272,1343 1361,1349 1451,1349 1541,1343 1630,1349 1720,1343 1809,1349 1899,1349 1989,1349 2078,1349 2168,1349 2257,1349 2347,1349 2437,1343 2526,1349 2616,1355"/>
                <TextEquiv>
                    <Unicode>Tochter. Gestern Abend sind sie abgereist.'</Unicode>
                </TextEquiv>
            </TextLine>
            <TextLine id="tr_2_tl_6" custom="readingOrder {index:5;}">
                <Coords points="508,1495 3661,1575 3661,1387 3545,1351 3337,1431 508,1435"/>
                <Baseline points="531,1493 621,1493 710,1493 800,1493 890,1499 979,1499 1069,1499 1158,1499 1248,1499 1338,1499 1427,1499 1517,1499 1606,1499 1696,1499 1786,1505 1875,1499 1965,1499 2054,1505 2144,1499 2234,1505 2323,1499 2413,1499 2502,1499 2592,1505 2682,1505 2771,1505 2861,1505 2950,1505 3040,1505 3129,1505 3219,1511 3309,1511 3398,1511 3488,1511 3577,1511 3667,1517 3673,1511"/>
                <TextEquiv>
                    <Unicode>"So - die waren hier? In der Zeitung stand allerdings,</Unicode>
                </TextEquiv>
            </TextLine>
            <TextLine id="tr_2_tl_7" custom="readingOrder {index:6;}">
                <Coords points="504,1674 3569,1738 3569,1595 3381,1543 504,1579"/>
                <Baseline points="525,1648 615,1648 704,1648 794,1654 884,1654 973,1654 1063,1654 1152,1654 1242,1654 1332,1654 1421,1660 1511,1654 1600,1654 1690,1654 1780,1654 1869,1660 1959,1660 2048,1660 2138,1660 2228,1660 2317,1660 2407,1654 2496,1654 2586,1654 2676,1660 2765,1654 2855,1660 2944,1660 3034,1660 3124,1660 3213,1660 3303,1660 3392,1660 3482,1660 3572,1660 3577,1660"/>
                <TextEquiv>
                    <Unicode>sie seien von Wien abwesend.... ja... Offenbar hat er die Fami-</Unicode>
                </TextEquiv>
            </TextLine>
            <TextLine id="tr_2_tl_8" custom="readingOrder {index:7;}">
                <Coords points="492,1858 3609,1862 3609,1738 3509,1726 492,1722"/>
                <Baseline points="513,1809 603,1809 692,1803 782,1809 872,1809 961,1809 1051,1809 1140,1809 1230,1809 1320,1809 1409,1815 1499,1809 1588,1809 1678,1809 1768,1809 1857,1809 1947,1809 2036,1809 2126,1809 2216,1809 2305,1809 2395,1809 2484,1809 2574,1809 2664,1809 2753,1809 2843,1809 2932,1809 3022,1809 3112,1809 3201,1815 3291,1815 3380,1821 3470,1815 3560,1815 3619,1809"/>
                <TextEquiv>
                    <Unicode>lie heraufgeschickt,um indess in Ruhe seine Vorbereitungen tref-</Unicode>
                </TextEquiv>
            </TextLine>
            <TextLine id="tr_2_tl_9" custom="readingOrder {index:8;}">
                <Coords points="484,2010 3557,2054 3473,1898 484,1890"/>
                <Baseline points="507,1965 597,1965 686,1965 776,1965 866,1965 955,1965 1045,1965 1134,1965 1224,1965 1314,1965 1403,1965 1493,1965 1582,1971 1672,1965 1762,1965 1851,1965 1941,1971 2030,1971 2120,1971 2210,1965 2299,1965 2389,1971 2478,1971 2568,1965 2658,1971 2747,1971 2837,1971 2926,1977 3016,1971 3106,1971 3195,1971 3285,1971 3374,1977 3464,1977 3554,1977 3566,1971"/>
                <TextEquiv>
                    <Unicode>fen zu können. Er soll schon seit sechsunddreissig Stunden ver-</Unicode>
                </TextEquiv>
            </TextLine>
            <TextLine id="tr_2_tl_10" custom="readingOrder {index:9;}">
                <Coords points="492,2202 667,2130 3573,2206 3573,2050 3385,2018 492,2034"/>
                <Baseline points="513,2120 603,2120 692,2120 782,2120 872,2120 961,2120 1051,2120 1140,2120 1230,2126 1320,2126 1409,2126 1499,2120 1588,2126 1678,2120 1768,2126 1857,2126 1947,2126 2036,2126 2126,2126 2216,2126 2305,2126 2395,2126 2484,2126 2574,2126 2664,2126 2753,2126 2843,2132 2932,2132 3022,2126 3112,2126 3201,2132 3291,2132 3380,2132 3470,2132 3560,2138 3583,2144"/>
                <TextEquiv>
                    <Unicode>schwunden sein. Schade um ihn. Er war ein sehr begabter Mensch."</Unicode>
                </TextEquiv>
            </TextLine>
            <TextLine id="tr_2_tl_11" custom="readingOrder {index:10;}">
                <Coords points="452,2282 476,2278 488,2290 500,2290 520,2310 547,2298 563,2282 611,2282 615,2190 583,2190 571,2202 547,2206 488,2206 480,2198 456,2198"/>
                <Baseline points="477,2269 537,2263 627,2263"/>
                <TextEquiv>
                    <Unicode>Bek</Unicode>
                </TextEquiv>
            </TextLine>
            <TextLine id="tr_2_tl_12" custom="readingOrder {index:11;}">
                <Coords points="1039,2290 1383,2370 3441,2358 3365,2202 1039,2210"/>
                <Baseline points="1063,2275 1152,2275 1242,2275 1332,2275 1421,2281 1511,2281 1600,2281 1690,2281 1780,2281 1869,2281 1959,2281 2048,2281 2138,2287 2228,2281 2317,2281 2407,2281 2496,2281 2586,2281 2676,2281 2765,2281 2855,2281 2944,2281 3034,2281 3124,2281 3213,2281 3303,2287 3392,2293 3452,2293"/>
                <TextEquiv>
                    <Unicode>Robert konnte sich der Empfindung nicht erwehren,</Unicode>
                </TextEquiv>
            </TextLine>
            <TextLine id="tr_2_tl_13" custom="readingOrder {index:12;}">
                <Coords points="468,2482 3633,2454 3533,2306 468,2342"/>
                <Baseline points="489,2431 579,2431 669,2431 758,2431 848,2431 937,2437 1027,2437 1117,2437 1206,2437 1296,2437 1385,2437 1475,2437 1564,2437 1654,2443 1744,2443 1833,2443 1923,2437 2012,2437 2102,2443 2192,2443 2281,2443 2371,2443 2460,2443 2550,2443 2640,2443 2729,2443 2819,2443 2908,2443 2998,2443 3088,2443 3177,2443 3267,2443 3356,2449 3446,2443 3536,2443 3625,2449 3643,2443"/>
                <TextEquiv>
                    <Unicode>dass er eigentlich eine angenehme Neuigkeit erfahren hatte. Durch</Unicode>
                </TextEquiv>
            </TextLine>
            <TextLine id="tr_2_tl_14" custom="readingOrder {index:13;}">
                <Coords points="448,2669 3561,2654 3561,2522 3429,2490 448,2474"/>
                <Baseline points="471,2580 561,2586 651,2586 740,2586 830,2592 919,2592 1009,2592 1099,2592 1188,2592 1278,2592 1367,2592 1457,2592 1547,2592 1636,2598 1726,2598 1815,2598 1905,2592 1995,2592 2084,2592 2174,2598 2263,2604 2353,2598 2443,2598 2532,2598 2622,2598 2711,2598 2801,2598 2891,2598 2980,2598 3070,2598 3159,2598 3249,2604 3339,2598 3428,2604 3518,2604 3572,2604"/>
                <TextEquiv>
                    <Unicode>das Unglück,das die Familie betroffen,war er Paula nähergerückt,</Unicode>
                </TextEquiv>
            </TextLine>
            <TextLine id="tr_2_tl_15" custom="readingOrder {index:14;}">
                <Coords points="444,2837 639,2745 3489,2809 3605,2777 3605,2638 444,2677"/>
                <Baseline points="465,2747 555,2747 645,2741 734,2747 824,2753 913,2747 1003,2747 1093,2747 1182,2747 1272,2747 1361,2747 1451,2747 1541,2747 1630,2753 1720,2753 1809,2753 1899,2753 1989,2753 2078,2753 2168,2753 2257,2753 2347,2753 2437,2753 2526,2753 2616,2753 2705,2753 2795,2753 2885,2753 2974,2753 3064,2753 3153,2753 3243,2759 3333,2759 3422,2759 3512,2759 3601,2759 3613,2753"/>
                <TextEquiv>
                    <Unicode>war in gewissem Sinne in ein geheim-verwandtschaftliches Verhält-</Unicode>
                </TextEquiv>
            </TextLine>
            <TextLine id="tr_2_tl_16" custom="readingOrder {index:15;}">
                <Coords points="424,2985 643,2905 1091,2993 1543,2913 1718,3001 1906,2917 3609,2989 3609,2777 424,2857"/>
                <Baseline points="447,2903 537,2903 627,2903 716,2903 806,2903 895,2903 985,2903 1075,2903 1164,2903 1254,2903 1343,2908 1433,2908 1523,2908 1612,2908 1702,2908 1791,2908 1881,2908 1971,2908 2060,2908 2150,2908 2239,2908 2329,2908 2419,2908 2508,2914 2598,2914 2687,2914 2777,2914 2867,2914 2956,2914 3046,2920 3135,2920 3225,2920 3315,2920 3404,2914 3494,2914 3583,2914 3619,2908"/>
                <TextEquiv>
                    <Unicode>nis zu ihr geraten. Er sprach mit Leinbach über die Angelegenheit</Unicode>
                </TextEquiv>
            </TextLine>
        </TextRegion>
        <TextRegion id="tr_1" custom="readingOrder {index:1;}">
            <Coords points="310,3008 3643,3008 3643,4973 310,4973"/>
            <TextLine id="tr_1_tl_1" custom="readingOrder {index:0;}">
                <Coords points="432,3145 711,3061 1567,3153 1854,3069 3633,3101 3633,2993 3405,2953 432,2985"/>
                <Baseline points="453,3064 543,3058 633,3058 722,3058 812,3058 901,3058 991,3058 1081,3064 1170,3064 1260,3064 1349,3064 1439,3064 1529,3064 1618,3064 1708,3064 1797,3064 1887,3064 1977,3064 2066,3064 2156,3064 2245,3064 2335,3070 2425,3070 2514,3076 2604,3070 2693,3070 2783,3070 2873,3070 2962,3070 3052,3070 3141,3070 3231,3076 3321,3076 3410,3070 3500,3070 3589,3070 3643,3070"/>
                <TextEquiv>
                    <Unicode>nicht weiter; doch statt erst am nächsten Morgen,wie seine Absicht</Unicode>
                </TextEquiv>
            </TextLine>
            <TextLine id="tr_1_tl_2" custom="readingOrder {index:1;}">
                <Coords points="424,3257 3581,3305 3481,3121 424,3141"/>
                <Baseline points="447,3225 453,3219 543,3213 633,3213 722,3213 812,3219 901,3213 991,3213 1081,3213 1170,3219 1260,3213 1349,3213 1439,3219 1529,3219 1618,3219 1708,3219 1797,3219 1887,3219 1977,3225 2066,3225 2156,3225 2245,3225 2335,3225 2425,3225 2514,3225 2604,3225 2693,3225 2783,3225 2873,3225 2962,3225 3052,3225 3141,3231 3231,3231 3321,3231 3410,3231 3500,3231 3589,3219"/>
                <TextEquiv>
                    <Unicode>gewesen, reiste er noch am selben Nachmittag mit ihn heim, zu Lein-</Unicode>
                </TextEquiv>
            </TextLine>
            <TextLine id="tr_1_tl_3" custom="readingOrder {index:2;}">
                <Coords points="408,3441 3501,3433 3497,3285 3109,3241 404,3313"/>
                <Baseline points="430,3368 519,3368 609,3368 698,3368 788,3368 878,3374 967,3374 1057,3374 1146,3374 1236,3374 1326,3374 1415,3374 1505,3380 1594,3380 1684,3386 1774,3380 1863,3380 1953,3380 2042,3380 2132,3380 2222,3380 2311,3380 2401,3380 2490,3386 2580,3380 2670,3380 2759,3380 2849,3380 2938,3380 3028,3380 3118,3380 3207,3386 3297,3386 3386,3386 3476,3392 3512,3386"/>
                <TextEquiv>
                    <Unicode>bachs grosser Befriedigung, der zwar stets behauptete für Einsam-</Unicode>
                </TextEquiv>
            </TextLine>
            <TextLine id="tr_1_tl_4" custom="readingOrder {index:3;}">
                <Coords points="368,3533 3453,3625 3449,3441 368,3441"/>
                <Baseline points="388,3524 477,3524 567,3524 657,3524 746,3530 836,3530 925,3530 1015,3530 1105,3530 1194,3530 1284,3536 1373,3536 1463,3536 1553,3536 1642,3536 1732,3536 1821,3536 1911,3536 2001,3536 2090,3542 2180,3536 2269,3542 2359,3536 2449,3536 2538,3536 2628,3542 2717,3542 2807,3542 2897,3542 2986,3548 3076,3542 3165,3542 3255,3542 3345,3542 3434,3542 3458,3542"/>
                <TextEquiv>
                    <Unicode>keit zu schwärmen, aber sich ohne Gesellschaft sehr unglücklich</Unicode>
                </TextEquiv>
            </TextLine>
            <TextLine id="tr_1_tl_5" custom="readingOrder {index:4;}">
                <Coords points="380,3705 551,3764 599,3725 707,3768 775,3729 915,3768 983,3768 1039,3721 1175,3764 1243,3721 1303,3732 1303,3629 1255,3605 887,3629 855,3605 380,3605"/>
                <Baseline points="400,3679 489,3685 579,3679 669,3679 758,3685 848,3685 937,3685 1027,3685 1117,3685 1206,3685 1296,3691 1314,3691"/>
                <TextEquiv>
                    <Unicode>zu fühlen pflegte.</Unicode>
                </TextEquiv>
            </TextLine>
            <TextLine id="tr_1_tl_6" custom="readingOrder {index:5;}">
                <Coords points="3297,3780 3341,3776 3401,3788 3441,3776 3477,3812 3553,3792 3545,3693 3477,3713 3377,3645 3353,3661 3285,3657"/>
                <Baseline points="3315,3763 3404,3775 3494,3781 3560,3781"/>
                <TextEquiv>
                    <Unicode>Ralf</Unicode>
                </TextEquiv>
            </TextLine>
            <TextLine id="tr_1_tl_7" custom="readingOrder {index:6;}">
                <Coords points="583,3848 639,3852 675,3836 711,3852 803,3844 867,3872 891,3864 887,3748 807,3752 771,3732 751,3752 711,3764 691,3788 671,3788 615,3732 579,3732"/>
                <Baseline points="603,3834 692,3840 782,3840 872,3840 901,3846"/>
                <TextEquiv>
                    <Unicode>de mie</Unicode>
                </TextEquiv>
            </TextLine>
            <TextLine id="tr_1_tl_8" custom="readingOrder {index:7;}">
                <Coords points="999,3860 3493,3908 3489,3788 3181,3729 1602,3792 995,3717"/>
                <Baseline points="1021,3840 1111,3840 1200,3840 1290,3840 1379,3846 1469,3840 1559,3846 1648,3846 1738,3846 1827,3846 1917,3846 2007,3846 2096,3846 2186,3846 2275,3846 2365,3852 2455,3852 2544,3852 2634,3852 2723,3852 2813,3852 2903,3852 2992,3852 3082,3846 3171,3852 3261,3852 3351,3852 3440,3858 3500,3858"/>
                <TextEquiv>
                    <Unicode>Bei der Art seiner Beziehungen zu der Familie Kest-</Unicode>
                </TextEquiv>
            </TextLine>
            <TextLine id="tr_1_tl_9" custom="readingOrder {index:8;}">
                <Coords points="336,4024 3417,4044 3417,3936 3025,3888 336,3920"/>
                <Baseline points="358,3990 447,3996 537,3990 627,3990 716,3996 806,3996 895,3996 985,3996 1075,3996 1164,3996 1254,4002 1343,4002 1433,4002 1523,4002 1612,4002 1702,4002 1791,4002 1881,4002 1971,4002 2060,4002 2150,4002 2239,4002 2329,4002 2419,4002 2508,4002 2598,4008 2687,4008 2777,4008 2867,4008 2956,4008 3046,4002 3135,4002 3225,4008 3315,4008 3404,4008 3428,4008"/>
                <TextEquiv>
                    <Unicode>ner konnte Robert, so sehr es ihn dazu drängte, doch nicht daran</Unicode>
                </TextEquiv>
            </TextLine>
            <TextLine id="tr_1_tl_10" custom="readingOrder {index:9;}">
                <Coords points="360,4164 3285,4224 3413,4188 3413,4044 360,4072"/>
                <Baseline points="382,4145 471,4151 561,4151 651,4151 740,4157 830,4157 919,4157 1009,4157 1099,4157 1188,4151 1278,4151 1367,4157 1457,4157 1547,4157 1636,4157 1726,4163 1815,4163 1905,4163 1995,4157 2084,4157 2174,4157 2263,4163 2353,4163 2443,4163 2532,4157 2622,4163 2711,4163 2801,4163 2891,4163 2980,4163 3070,4163 3159,4163 3249,4169 3339,4169 3422,4169"/>
                <TextEquiv>
                    <Unicode>denken, persönlich Erkundigungen im Hause einzuziehen. Doch ver-</Unicode>
                </TextEquiv>
            </TextLine>
            <TextLine id="tr_1_tl_11" custom="readingOrder {index:10;}">
                <Coords points="312,4324 2346,4416 3429,4336 3381,4188 312,4172"/>
                <Baseline points="334,4300 424,4306 513,4306 603,4306 692,4312 782,4312 872,4312 961,4306 1051,4312 1140,4306 1230,4312 1320,4312 1409,4312 1499,4312 1588,4312 1678,4312 1768,4312 1857,4312 1947,4312 2036,4312 2126,4312 2216,4318 2305,4312 2395,4318 2484,4318 2574,4318 2664,4318 2753,4318 2843,4318 2932,4318 3022,4318 3112,4318 3201,4318 3291,4318 3380,4324 3440,4312"/>
                <TextEquiv>
                    <Unicode>liess er noch in später Stunde seinen Gasthof, um, von unbezwing-</Unicode>
                </TextEquiv>
            </TextLine>
            <TextLine id="tr_1_tl_12" custom="readingOrder {index:11;}">
                <Coords points="312,4540 3213,4564 3513,4508 3513,4372 312,4400"/>
                <Baseline points="334,4468 424,4468 513,4468 603,4468 692,4468 782,4468 872,4468 961,4468 1051,4468 1140,4468 1230,4473 1320,4473 1409,4473 1499,4473 1588,4473 1678,4479 1768,4473 1857,4473 1947,4479 2036,4479 2126,4479 2216,4473 2305,4473 2395,4473 2484,4479 2574,4473 2664,4473 2753,4473 2843,4473 2932,4473 3022,4479 3112,4479 3201,4479 3291,4485 3380,4479 3470,4479 3524,4479"/>
                <TextEquiv>
                    <Unicode>licher Sehnsucht getrieben, an den zu seiner Verwunderung zum Teil</Unicode>
                </TextEquiv>
            </TextLine>
            <TextLine id="tr_1_tl_13" custom="readingOrder {index:12;}">
                <Coords points="324,4644 520,4720 3417,4656 3417,4552 2809,4500 2362,4588 324,4544"/>
                <Baseline points="346,4641 436,4635 525,4629 615,4629 704,4629 794,4629 884,4629 973,4629 1063,4629 1152,4629 1242,4623 1332,4629 1421,4629 1511,4629 1600,4629 1690,4635 1780,4629 1869,4629 1959,4629 2048,4629 2138,4635 2228,4635 2317,4635 2407,4629 2496,4629 2586,4629 2676,4635 2765,4635 2855,4635 2944,4635 3034,4635 3124,4635 3213,4635 3303,4641 3392,4641 3422,4641"/>
                <TextEquiv>
                    <Unicode>ganz hell erleuchteten Fenstem der Kostner'schen Wohnung vorü-</Unicode>
                </TextEquiv>
            </TextLine>
            <TextLine id="tr_1_tl_14" custom="readingOrder {index:13;}">
                <Coords points="324,4819 2945,4887 3537,4811 3537,4692 324,4704"/>
                <Baseline points="346,4784 436,4784 525,4784 615,4784 704,4784 794,4784 884,4784 973,4790 1063,4784 1152,4784 1242,4784 1332,4778 1421,4784 1511,4784 1600,4790 1690,4784 1780,4790 1869,4790 1959,4784 2048,4784 2138,4790 2228,4790 2317,4790 2407,4796 2496,4796 2586,4796 2676,4790 2765,4796 2855,4790 2944,4784 3034,4790 3124,4790 3213,4796 3303,4796 3392,4796 3482,4796 3542,4796"/>
                <TextEquiv>
                    <Unicode>bersuwandeln. Allmählich erst besann er sich, dass auch das ausser-</Unicode>
                </TextEquiv>
            </TextLine>
            <TextLine id="tr_1_tl_15" custom="readingOrder {index:14;}">
                <Coords points="288,4991 3441,5027 3385,4875 2741,4831 288,4847"/>
                <Baseline points="310,4945 400,4945 489,4945 579,4945 669,4945 758,4945 848,4945 937,4951 1027,4945 1117,4951 1206,4945 1296,4939 1385,4951 1475,4951 1564,4951 1654,4951 1744,4951 1833,4951 1923,4957 2012,4963 2102,4963 2192,4963 2281,4963 2371,4963 2460,4963 2550,4957 2640,4963 2729,4957 2819,4957 2908,4957 2998,4951 3088,4951 3177,4951 3267,4957 3356,4957 3446,4957 3452,4957"/>
                <TextEquiv>
                    <Unicode>ordentlichste Schicksal sich nicht sofort in einer entschiedenen</Unicode>
                </TextEquiv>
            </TextLine>
        </TextRegion>
    </Page>
</PcGts>
