4280 5396
1727 478 1976 687 -43-
598 659 3747 940 nicht mehr in welchem Kreise - auf dem Piano phantasieren gehört
602 876 3655 1100 hatte. „Spielen Sie noch viel?“ fragte sie. Er erwiderte unbe-
598 1024 3671 1225 stimmt: Und xxx Gerücht von ihrem Verlöbnis mit jenem berühm-
594 1213 3574 1382 ten, seither verstorbenen Komposisten ging ihm durch den Sinn.
880 1362 1044 1478 3.
1185 1357 3643 1550 Sie sassen auf einer Bank, die, auf auf Felsenvor-
574 1514 3607 1711 sprung gelegenfreieste Aussicht auf die Windungen der Bahn, auf
546 1659 3707 1827 Wiesen, Wälder, Viadukte und auf die herandämmernde Ebene bot. Pau-
534 1831 3683 2048 la nahm aus ihrer Dose eine Zigarette und bot auch ihrem Beglei-
534 1980 3591 2173 ter eine an. Die Dose, erzählte sie, habe ihr der Vater vor eini-
498 2133 3554 2321 ger Zeit aus Moskau mitgebracht. Dann äusserte sie den Plan im
502 2293 3072 2458 nächsten Jahre eine Reise nach Japan zu unternehmen.
1076 2454 3197 2655 "Allein?" fragte Robert,wie besorgt um sie.
494 2578 964 2731 de heer ae
1020 2611 3562 2771 Sie lächelte: "Ich werde mich wohl dazu entschlies-
458 2747 3333 2940 sen müssen. Mama hat zu grosse Angst vor der Seekrankheit."
1020 2920 3595 3097 Wie schön wäre das, dachte Robert, mit ihr in der Welt
438 3028 3554 3257 herumzureiseni und er wusste, dass sie seine Gedanken mitfühlte.
406 3229 855 3354 sijn oe dee¬
984 3233 3418 3402 Ein leiser Regen setzte ein und sie machten sich
418 3350 3518 3591 auf den Rückweg. Im Walde kam ihnen die Mütter entgegen und man
402 3530 3627 3715 sprach von der wunderbaren Insel, wo man viele Wochen lang so nach-
398 3687 3454 3908 barlich gewohnt und sich gar nicht umeinander gekümmert hatte.
402 3832 3458 4032 "Im Gebirge“, scherzte Paula, „kommen Sie nicht so leicht davon."
924 4024 3558 4237 Beim Mittagessen kam das Gespräch auf allerlei gemein-
349 4173 3482 4313 same Bekannte aus früherer Zeit. Die Bemerkungen Paulss erschie-
325 4301 3530 4526 nen Robert zuweilen etwas scharf, aber immer treffend. In weiteren
305 4418 3362 4635 Verlauf der Unterhaltung fügte es sich, dass Robert von den neu
313 4631 3350 4836 vösen Verstimmungen sprach, die der Anlass seiner Urlaubereise
309 4775 3253 5000 gewesen. nun aber so gut wie völlig geschwunden seien. Ihm war
