4971 5508
2562 465 2845 687 103-
1362 764 4457 958 der Wagen sichbin Bewegung setzte. Robert bedachte, dass ihm je-
1362 909 4369 1115 denfalls die Zeit bis Abend acht ühr geschenkt war. Bis dahin
1358 1083 4494 1281 drohte keinerlei Gefahr,und so konnte alles in Ruhe überlegt und
1358 1249 4530 1406 vorbereitet werden. Vorerst begab er sich ins Amt, wo er sieh zei-
1346 1382 4554 1572 gen wollte, um keinerlei Verdacht zu erregen. Am Schreibtisch merk-
1358 1544 4324 1738 te er mit Verwunderung,dass die Arbeit sein Interesse so sehr
1342 1713 4397 1895 in Anspruch nahm, als befänden sich alle übrigen Angelegenheiten
1342 1895 4373 2049 für ihn in völliger Ordnung. Er schrieb einige Bemerkungen und
1330 2045 4344 2198 Ergänzungen nieder,was ihm so leicht von der Hand ging, dass er
1317 2170 4328 2356 fast bedauerte seinen Entwurf vorläufig nicht zu Ende führen
1321 2348 4352 2522 zu können. Mit dem Baron Prantner, der ihn gegen Mittag zu sich
1334 2469 4373 2687 bescheiden liess, besprach er eingehend gewisse Einzelheiten der
1996 2627 2308 2720 kursen
1305 2679 4320 2821 Arbeit,erbat drei-Sage Urlaub,um sie zuhause oder auf dem Land
1293 2780 4361 2986 ungestört zu Ende bringen zu können, und es fiel ihm ein, dass er
1289 2982 4328 3136 sie tatsächlich mit sich nehmen,vollenden und dann als vollgil-
1281 3128 4268 3290 tigen Beweis für seine geistige Gesundheit an das Ministerium
1269 3277 2085 3467 absenden könnte.
1839 3374 4466 3597 "Was ist Ihnen?" hörte er plötzlich wie in einem Traum
1261 3593 4259 3791 die Stimme des Barons. Und,erwachend, fragte er sich sofort, ob
1245 3726 4381 3924 sich seine geheimen Gedanken nicht in seinen Augen, seinen Miehen
1245 3904 4498 4078 gespiegelt hätten? Doch der erschrockene Blick des Andern liess ihn
1237 4057 4207 4223 vermuten, dass hier schen früher ein Verdacht bestanden hatte.
1220 4175 4328 4385 Eine Anzahl kleiner Vorkommnisse aus der allerletzten Zeit stieg
1212 4365 4361 4538 in Robert Erinnerung auf, denen er nixx leichtfertiger Weise keine
1212 4518 4203 4712 Bedeutung beigelegt hatte, sonderbar lauernde Blicke seiner
1184 4684 4296 4870 Amtskollegen, das plötzliche Verstummen eines Gesprächs zwischen
1184 4813 4304 5064 dem Sektionschef und dem Hofrat, als er selbst unerwartet dasuge-
