4232 5396
1608 315 1842 553 -27—
2824 507 3166 737 G.C.F.P
2042 522 2203 718 bien
2368 487 2652 744 Dans une autre
649 729 3530 886 wenn sie ihn mit seiner Geliebten im Theater oder sonst ir-
618 848 3692 1051 genwo gesehen hatte, anerkennend und mit kaum verhehlter Gewun-
568 1013 3653 1193 derung über deren guten und diskreten Geschmack geäussert. Da
602 1167 3561 1351 man es längst aufgegeben hatte, Robert mit bürgerlichen Masse
610 1355 3546 1512 zu messen,und er seit Beginn des Verhältnisses mit Alberta
610 1504 3696 1677 seiner Umgebung ruhiger, ja glücklicher erschienen sein mochte,
606 1642 3638 1800 als in den Jahren vorher, so zweifelte er nicht, dass die Fami-
599 1819 3596 1976 lie eine eheliche Verbindung mit Alberta nicht ungern gesehen
599 1949 3389 2122 hätte. Dass er die Torheit begangen, das anmutige Geschöpf
579 2134 3638 2291 kampflos einem Anderen zu überlassen, das konnte natürlich nie-
576 2260 3431 2437 mand.auch Marianne konnte es nicht ahnen, und er selbst be-
553 2410 3481 2606 griff es in diesem Augenblick weniger denn je. Er versuchte
564 2598 3600 2771 sich das letzte Gespräch mit ihr ins Gedächtnis zurücksurufen.
553 2751 3580 2913 Er erinnerte sich seiner anfangs scherzhaften Bemerkungen über
556 2932 3573 3097 den Amerikaner,ihres sonderbaren Schweigens, ihres Lächelne und
553 3032 3469 3231 endlich ihrer plötzlichen, ganz unerwarteten Mitteilung, dass
533 3200 3488 3373 der Fremde ihr seine Hand angetragen hätte. Er wusste auch
530 3346 3577 3534 noch ganz genau, dass es ihn vorübergehend angewandelt, als wenn
522 3507 3504 3707 er ohnmächtig zu Boden stürzen oder Alberta einen Schlag vor
514 3684 3569 3853 die Stirn versetzen müsste. Aber er hatte weiter den Heiteren.
510 3838 3577 4026 den Ueberlegenen gespielt und freundschaftlich-väterlich Alber-
491 3979 3511 4179 ta zur Annahme jenes Antrages geraten, xxx da er ihrer Zukunft
491 4168 3465 4329 nicht hinderlich im Wege stehen wolle. So hatten sie sich am
480 4290 3454 4494 Ende dahin geeinigt, dass sie noch heute Abend dem Amerikaner
480 4471 3435 4640 ihr Jakort erteilen und dass Robert am nächsten Morgen,ohne
457 4628 3377 4808 sie noch einmal zu sehen, allein abreisen solle. Robert erin
445 4770 3327 5027 te sich auch sehr deutlich, wie er um sechs Uhr Früh seine
