4312 5396
1765 475 1992 656 -90-
651 593 3677 887 und schwerste Schuld auf sich zu nehmen, um ihn vor einem Leben
643 862 3799 1051 im Wahnsinn zu bewahren. Er erbebte. Plötzlich wieder war er sich
639 1004 3606 1206 der Gefahr bewusst geworden, die ihn bedrohte. Der Brief! Otto
635 1160 3816 1332 hatte den Brief in Händen, an dem Roberts Schicksal und Leben hing.
630 1311 3690 1500 Der Brief musste aus der Welt geschafft werden: Dies vor allem.
635 1454 4005 1689 Es blieb nichts anderes übrig, als ihn dem Bruder abzuschmeicheln, abzu-
517 1601 832 1773 sorden.
626 1614 3694 1815 abzudrohen. Endlich einmal musste er sich mit Otto aussprechen
614 1769 3602 1967 über den Brief und über vieles andere... Was zwischen innen
639 1971 3749 2110 sich entsponnen,rätselvoll und tief,vielleicht in früher Kind-
626 2072 3786 2269 heit schon, dieses Ineinanderspiel von Verstehen und Missverstehen,
622 2265 3711 2467 von brüderlicher Zärtlichkeit und Fremdheit,von Liebe und Haus,
1828 2391 2059 2492 dries.
605 2387 3694 2580 es musste endlich zum Ausbruch kommen. Noch war es nicht zu spät
597 2601 3728 2748 für sie Beide, noch einmal hatte er sein Dasein in eigenen Händen,
614 2694 3736 2904 noch einmal der Bruder das seine. Nun war für Otto der Augenblick
597 2891 3736 3068 da sich zu entscheiden zwischen Gesundheit und Krankheit,swischen
588 2996 3551 3232 Klarheit und Verwirrung, zwischen Leben und Tod. Er für seinen
584 3207 3618 3379 Teil, er hatte sich entschieden. Sein Geist war klar, seine Seele
584 3312 3539 3522 gerettet. Nun war auch dem Bruder noch einmal, das letzte Mal,
593 3517 1551 3707 die Wahl geschenkt.
1042 3606 3534 3849 Als Robert eintrat, blickte Otto von seinem Eintrags-
580 3770 3564 4043 buch auf, in das er eben Notizen einzuseichnen im Begriffe war.
559 3934 3690 4139 Robert las in diesem Blick Erstaunen, Missbilligung und ein leich-
551 4110 3623 4308 tes Erschrecken. Er erschien sich ein wenig wie ein Schüler, der
542 4278 3551 4459 nicht genügend vorbereitet sich einer bedeutungsvollen Prüfung
534 4434 3585 4631 untersiehen musste und nun gewungen ist, sich in seinen Antwor-
542 4577 3606 4766 ten ganz auf die Eingebung des Augenblick zu verlassen. So nahm
521 4724 3564 5030 er denn einen übertrieben frischen fon an, den er selbst sofort
