4904 5444
1761 379 2008 689 -95-
725 634 3722 845 denen Gebäude der inneren Stadt zu sprechen anfing, dass Robert
713 805 3706 988 ein wundersames, lange nicht genossenes Gefühl von Geborgenheit
717 952 3762 1148 durch die Seele fliessen fühlte. Doch das währte nur eine kurze
693 1128 3682 1291 Weile. Dann schämte er sich seiner Rührung wie ein Betrogener,
693 1279 3897 1494 heftig hob er das Haupt empor und mit einem forschend-kalten Blick,
693 1431 3750 1606 der den Bruder notwendig überraschen musste,sah er ihm ins Auge.
681 1590 3738 1769 Und plötzlich, mit Grauen erblickte er ein Antlitz, das er kannte.
677 1753 3762 1961 Es war das gleiche, das ihm neulich nachts aus dem Spiegel entge-
658 1925 3750 2064 gengestarrt hatte,sein eigenes,blass, mit weitaufgerissenen Augen
665 2068 3678 2228 und um die Lippen einen schmerzlich entsetzten Zug. Diese Aehn-
646 2212 3722 2407 lichkeit war so ausserordentlich,so zwingend, dass ihn der Gedan-
646 2371 3682 2550 ke durchzuckte,ob es nicht wirklich das Bild seines Bruders und
634 2538 3650 2698 nicht sein eigenes gewesen war, das ihm damals Warnend oder dro-
618 2690 3622 2857 hend aus dem Spiegel entgegengeblickt hatte. War es vielleicht
618 2869 3682 3025 die ewige Macht der Blutsverwandtschaft gewesen,die in einem be-
610 2985 3678 3180 deutungsvollen Augenblick durch ein solches geheimnisvolles Zei-
598 3144 3642 3343 ohen sich bestätigte? Es war nur natürlich, dass der Ausdruck in
586 3323 3579 3471 Ottos Mienen sich sofort änderte, da er sich beobachtet, ja ent-
586 3435 3670 3622 deckt fühlen musste. Ein Lächeln, allerdings dem Grinsen nah ver-
586 3590 3670 3790 wandt, erschien auf seinen Lippen, und befangen sagte er: "Ja, mein
570 3794 3654 3973 Lieber, ferne Zeiten, fernen Zeiten. Wie lange könnte man so weiter
550 3913 3654 4101 plaudern...! Aber leider -“ Er brach ab, klappte das Eintragebuch
546 4077 3602 4260 zu, rückte Bücher und Papiere auf dem Schreibtisch zurecht, griff
546 4236 3491 4415 seiner Gewohnheit nach an die Brusttasche nach dem Notisbuch,
534 4403 3666 4563 dann wandte er sich wieder zu Robert, der sich gleichfalls erhoben
518 4539 3519 4734 hatte. "Warst du übrigens schon bei den Kindern, bei Marianne"
502 4686 3559 4894 Robert schittelte den Kopf. Otto fuhr mit offenbarer Beflissen-
4368 3997 4559 4172 resid
4348 4635 4511 4794 tee
