<?xml version="1.0" encoding="UTF-8" standalone="yes"?>
<PcGts xmlns="http://schema.primaresearch.org/PAGE/gts/pagecontent/2013-07-15" xmlns:xsi="http://www.w3.org/2001/XMLSchema-instance" xsi:schemaLocation="http://schema.primaresearch.org/PAGE/gts/pagecontent/2013-07-15 http://schema.primaresearch.org/PAGE/gts/pagecontent/2013-07-15/pagecontent.xsd">
    <Metadata>
        <Creator>prov=READ-COOP:name=TrHtr:version=2.1.0:model_id=51170:date=15_08_2023_05:31</Creator>
        <Created>2023-05-10T15:07:00.624+02:00</Created>
        <LastChange>2023-08-15T05:31:43.192+02:00</LastChange>
        <TranskribusMetadata docId="1428799" pageId="55430844" pageNr="110" tsid="132839521" status="IN_PROGRESS" userId="64420" imgUrl="https://files.transkribus.eu/Get?id=DJORPPOUBTCAHTEHEEFDTDQF&amp;fileType=view" xmlUrl="https://files.transkribus.eu/Get?id=ANINJLBBDDOUZSELUDBAHNSD" imageId="44704916"/>
    </Metadata>
    <Page imageFilename="1428799_0110.jpg" imageWidth="5027" imageHeight="5476">
        <ReadingOrder>
            <OrderedGroup id="ro_1711805474848" caption="Regions reading order">
                <RegionRefIndexed index="0" regionRef="tr_2"/>
                <RegionRefIndexed index="1" regionRef="tr_1"/>
            </OrderedGroup>
        </ReadingOrder>
        <TextRegion id="tr_2" custom="readingOrder {index:0;}">
            <Coords points="1313,505 4520,505 4520,2446 1313,2446"/>
            <TextLine id="tr_2_tl_1" custom="readingOrder {index:0;}">
                <Coords points="2410,636 2442,628 2474,656 2514,652 2562,672 2578,664 2598,684 2658,664 2686,672 2690,472 2646,472 2602,452 2538,480 2466,448 2414,456"/>
                <Baseline points="2430,567 2514,561 2603,567 2693,555"/>
                <TextEquiv>
                    <Unicode>-110-</Unicode>
                </TextEquiv>
            </TextLine>
            <TextLine id="tr_2_tl_2" custom="readingOrder {index:1;}">
                <Coords points="1329,945 4415,917 4415,805 4179,740 1717,817 1329,740"/>
                <Baseline points="1349,895 1379,895 1469,889 1558,889 1648,889 1737,889 1827,889 1916,883 2006,883 2096,883 2185,883 2275,883 2364,877 2454,883 2543,877 2633,877 2723,877 2812,877 2902,877 2991,877 3081,877 3170,877 3260,871 3350,871 3439,871 3529,871 3618,871 3708,871 3797,871 3887,871 3977,865 4066,865 4156,865 4245,865 4335,865 4424,859"/>
                <TextEquiv>
                    <Unicode>Papiere zu sich, verschloss seine Schränke und verliess das Zim-</Unicode>
                </TextEquiv>
            </TextLine>
            <TextLine id="tr_2_tl_3" custom="readingOrder {index:2;}">
                <Coords points="1329,1093 4451,1081 4451,913 1329,945"/>
                <Baseline points="1349,1045 1415,1051 1504,1045 1594,1045 1684,1045 1773,1045 1863,1045 1952,1039 2042,1045 2131,1045 2221,1045 2311,1039 2400,1039 2490,1039 2579,1039 2669,1039 2758,1033 2848,1033 2938,1033 3027,1033 3117,1033 3206,1033 3296,1033 3385,1033 3475,1033 3565,1033 3654,1027 3744,1033 3833,1027 3923,1033 4012,1027 4102,1027 4192,1027 4281,1027 4371,1027 4460,1021"/>
                <TextEquiv>
                    <Unicode>mer zehn Minuten, nachdem er es betreten, sündete sich in der Tor-</Unicode>
                </TextEquiv>
            </TextLine>
            <TextLine id="tr_2_tl_4" custom="readingOrder {index:3;}">
                <Coords points="1321,1213 4371,1257 4511,1213 4511,1089 1321,1129"/>
                <Baseline points="1343,1194 1385,1206 1474,1206 1564,1206 1654,1200 1743,1200 1833,1200 1922,1200 2012,1200 2102,1200 2191,1200 2281,1200 2370,1194 2460,1194 2549,1194 2639,1194 2729,1194 2818,1194 2908,1194 2997,1194 3087,1188 3176,1188 3266,1188 3356,1194 3445,1188 3535,1188 3624,1188 3714,1188 3803,1188 3893,1188 3983,1188 4072,1188 4162,1182 4251,1182 4341,1182 4430,1182 4520,1182"/>
                <TextEquiv>
                    <Unicode>einfahrt eine Zigarette an und sohlenderte langsam davon.In einer</Unicode>
                </TextEquiv>
            </TextLine>
            <TextLine id="tr_2_tl_5" custom="readingOrder {index:4;}">
                <Coords points="1321,1393 4123,1397 4319,1381 4319,1249 1321,1289"/>
                <Baseline points="1343,1355 1367,1355 1457,1361 1546,1361 1636,1355 1725,1355 1815,1355 1904,1355 1994,1355 2084,1355 2173,1355 2263,1355 2352,1349 2442,1349 2531,1349 2621,1349 2711,1349 2800,1349 2890,1349 2979,1349 3069,1349 3159,1349 3248,1349 3338,1349 3427,1349 3517,1349 3606,1349 3696,1349 3786,1343 3875,1343 3965,1343 4054,1343 4144,1343 4233,1343 4323,1349"/>
                <TextEquiv>
                    <Unicode>entfernteren Strasse nahm er einen Wagen,besorgte auf dem Weg</Unicode>
                </TextEquiv>
            </TextLine>
            <TextLine id="tr_2_tl_6" custom="readingOrder {index:5;}">
                <Coords points="1317,1545 4303,1549 4307,1413 1317,1449"/>
                <Baseline points="1337,1516 1355,1516 1445,1516 1534,1510 1624,1510 1713,1510 1803,1516 1893,1516 1982,1510 2072,1510 2161,1510 2251,1510 2340,1510 2430,1510 2520,1510 2609,1510 2699,1504 2788,1504 2878,1504 2967,1504 3057,1504 3147,1504 3236,1504 3326,1504 3415,1504 3505,1504 3594,1504 3684,1504 3774,1504 3863,1504 3953,1504 4042,1504 4132,1504 4221,1504 4311,1498"/>
                <TextEquiv>
                    <Unicode>zur Bahn allerlei, was er für die nächsten Tage benötigte,auch</Unicode>
                </TextEquiv>
            </TextLine>
            <TextLine id="tr_2_tl_7" custom="readingOrder {index:6;}">
                <Coords points="1317,1741 4335,1681 4335,1589 4031,1529 1317,1589"/>
                <Baseline points="1337,1666 1385,1672 1474,1672 1564,1672 1654,1672 1743,1666 1833,1666 1922,1666 2012,1666 2102,1666 2191,1672 2281,1666 2370,1666 2460,1666 2549,1666 2639,1660 2729,1666 2818,1660 2908,1666 2997,1660 3087,1660 3176,1660 3266,1660 3356,1660 3445,1660 3535,1660 3624,1660 3714,1660 3803,1660 3893,1660 3983,1660 4072,1660 4162,1660 4251,1660 4341,1648"/>
                <TextEquiv>
                    <Unicode>eine Reisetasche, in die er das Eingekaufte packte,und war eine</Unicode>
                </TextEquiv>
            </TextLine>
            <TextLine id="tr_2_tl_8" custom="readingOrder {index:7;}">
                <Coords points="1309,1853 4367,1861 4367,1705 1309,1737"/>
                <Baseline points="1331,1821 1421,1827 1510,1821 1600,1821 1689,1821 1779,1821 1869,1821 1958,1821 2048,1821 2137,1821 2227,1821 2316,1815 2406,1821 2496,1821 2585,1821 2675,1815 2764,1815 2854,1815 2944,1815 3033,1815 3123,1815 3212,1815 3302,1815 3391,1815 3481,1815 3571,1815 3660,1815 3750,1815 3839,1815 3929,1815 4018,1815 4108,1809 4198,1809 4287,1809 4377,1809"/>
                <TextEquiv>
                    <Unicode>Viertelstunde vor Abgang des Drei Uhr-Zuges auf dem Bahnhof an-</Unicode>
                </TextEquiv>
            </TextLine>
            <TextLine id="tr_2_tl_9" custom="readingOrder {index:8;}">
                <Coords points="1305,2005 4471,2001 4503,1849 1305,1925"/>
                <Baseline points="1325,1988 1379,1982 1469,1982 1558,1982 1648,1982 1737,1976 1827,1976 1916,1976 2006,1976 2096,1976 2185,1976 2275,1976 2364,1976 2454,1976 2543,1976 2633,1970 2723,1970 2812,1970 2902,1976 2991,1970 3081,1970 3170,1970 3260,1976 3350,1970 3439,1970 3529,1970 3618,1970 3708,1970 3797,1970 3887,1970 3977,1970 4066,1970 4156,1970 4245,1970 4335,1970 4424,1970 4514,1970"/>
                <TextEquiv>
                    <Unicode>gelangt. Im Wartesaal warf er einige Zeilen für Paula aufs Papier.</Unicode>
                </TextEquiv>
            </TextLine>
            <TextLine id="tr_2_tl_10" custom="readingOrder {index:9;}">
                <Coords points="1305,2161 3910,2201 4355,2185 4411,2053 1305,2077"/>
                <Baseline points="1325,2125 1373,2131 1463,2131 1552,2131 1642,2131 1731,2131 1821,2131 1910,2131 2000,2125 2090,2125 2179,2125 2269,2125 2358,2125 2448,2131 2537,2131 2627,2125 2717,2125 2806,2125 2896,2125 2985,2125 3075,2125 3164,2125 3254,2125 3344,2125 3433,2125 3523,2125 3612,2125 3702,2125 3791,2125 3881,2125 3971,2125 4060,2125 4150,2125 4239,2125 4329,2125 4419,2119"/>
                <TextEquiv>
                    <Unicode>Aus Gründen, die er ihr erst mündlich auseinandersetzen könne, sei</Unicode>
                </TextEquiv>
            </TextLine>
            <TextLine id="tr_2_tl_11" custom="readingOrder {index:10;}">
                <Coords points="1305,2325 4231,2333 4267,2173 1305,2185"/>
                <Baseline points="1325,2281 1415,2281 1504,2281 1594,2281 1684,2281 1773,2281 1863,2287 1952,2287 2042,2281 2131,2281 2221,2281 2311,2281 2400,2281 2490,2281 2579,2281 2669,2281 2758,2281 2848,2281 2938,2281 3027,2281 3117,2281 3206,2281 3296,2281 3385,2281 3475,2281 3565,2281 3654,2275 3744,2275 3833,2275 3923,2275 4012,2281 4102,2281 4192,2281 4275,2281"/>
                <TextEquiv>
                    <Unicode>er schon einige Stunden früher abgefahren. Sie aber solle zur</Unicode>
                </TextEquiv>
            </TextLine>
            <TextLine id="tr_2_tl_12" custom="readingOrder {index:11;}">
                <Coords points="1293,2474 4419,2506 4419,2341 4319,2313 1293,2357"/>
                <Baseline points="1313,2430 1403,2436 1492,2436 1582,2436 1672,2436 1761,2436 1851,2436 1940,2436 2030,2436 2119,2430 2209,2436 2299,2436 2388,2436 2478,2436 2567,2436 2657,2436 2746,2436 2836,2436 2926,2436 3015,2436 3105,2430 3194,2430 3284,2430 3373,2436 3463,2436 3553,2436 3642,2436 3732,2436 3821,2436 3911,2430 4001,2430 4090,2430 4180,2430 4269,2430 4359,2430 4430,2430"/>
                <TextEquiv>
                    <Unicode>verabredeten Zeit Wien verlassen. Er wolle sie um zehn Uhr Abends</Unicode>
                </TextEquiv>
            </TextLine>
        </TextRegion>
        <TextRegion id="tr_1" custom="readingOrder {index:1;}">
            <Coords points="1134,2529 4419,2529 4419,4954 1134,4954"/>
            <TextLine id="tr_1_tl_1" custom="readingOrder {index:0;}">
                <Coords points="1281,2626 3422,2690 4307,2626 4307,2514 1281,2522"/>
                <Baseline points="1301,2579 1391,2585 1480,2591 1570,2585 1660,2585 1749,2591 1839,2591 1928,2585 2018,2591 2107,2591 2197,2591 2287,2591 2376,2591 2466,2591 2555,2585 2645,2585 2735,2591 2824,2591 2914,2591 3003,2585 3093,2585 3182,2585 3272,2591 3362,2585 3451,2585 3541,2591 3630,2591 3720,2585 3809,2591 3899,2585 3989,2585 4078,2585 4168,2585 4257,2585 4317,2585"/>
                <TextEquiv>
                    <Unicode>in der Station, die er ihr nun nenne und die sie bei Gefahr des</Unicode>
                </TextEquiv>
            </TextLine>
            <TextLine id="tr_1_tl_2" custom="readingOrder {index:1;}">
                <Coords points="1257,2770 4219,2818 4395,2770 4395,2630 1257,2634"/>
                <Baseline points="1277,2729 1367,2740 1457,2740 1546,2740 1636,2740 1725,2740 1815,2746 1904,2746 1994,2746 2084,2740 2173,2746 2263,2746 2352,2740 2442,2746 2531,2746 2621,2740 2711,2746 2800,2746 2890,2746 2979,2740 3069,2740 3159,2740 3248,2746 3338,2746 3427,2746 3517,2740 3606,2746 3696,2746 3786,2740 3875,2740 3965,2740 4054,2740 4144,2740 4233,2746 4323,2746 4401,2735"/>
                <TextEquiv>
                    <Unicode>Lebens niemandem verraten dürfe, erwarten. Er schloss mit den Wor-</Unicode>
                </TextEquiv>
            </TextLine>
            <TextLine id="tr_1_tl_3" custom="readingOrder {index:2;}">
                <Coords points="1261,2938 4223,2930 4223,2814 4035,2770 1261,2794"/>
                <Baseline points="1283,2890 1373,2896 1463,2896 1552,2896 1642,2896 1731,2896 1821,2896 1910,2896 2000,2902 2090,2902 2179,2902 2269,2896 2358,2896 2448,2896 2537,2896 2627,2896 2717,2896 2806,2896 2896,2896 2985,2896 3075,2896 3164,2896 3254,2896 3344,2896 3433,2896 3523,2896 3612,2896 3702,2896 3791,2896 3881,2896 3971,2896 4060,2896 4150,2902 4233,2902"/>
                <TextEquiv>
                    <Unicode>ten: "Ich habe nicht Zeit mehr zu schreiben. Du weisst alles,</Unicode>
                </TextEquiv>
            </TextLine>
            <TextLine id="tr_1_tl_4" custom="readingOrder {index:3;}">
                <Coords points="1249,3118 4267,3134 4267,2930 1249,2986"/>
                <Baseline points="1271,3051 1361,3057 1451,3057 1540,3051 1630,3057 1719,3051 1809,3051 1898,3051 1988,3051 2078,3057 2167,3057 2257,3057 2346,3057 2436,3057 2526,3057 2615,3051 2705,3057 2794,3057 2884,3057 2973,3057 3063,3057 3153,3057 3242,3057 3332,3057 3421,3057 3511,3057 3600,3057 3690,3057 3780,3051 3869,3057 3959,3057 4048,3057 4138,3057 4227,3051 4275,3057"/>
                <TextEquiv>
                    <Unicode>Lass mich nicht vergeblich warten. Geliebte, ich beschwöre dich</Unicode>
                </TextEquiv>
            </TextLine>
            <TextLine id="tr_1_tl_5" custom="readingOrder {index:4;}">
                <Coords points="1233,3266 4163,3278 4411,3262 4411,3122 1233,3146"/>
                <Baseline points="1254,3212 1343,3212 1433,3212 1522,3212 1612,3206 1701,3206 1791,3206 1881,3212 1970,3212 2060,3212 2149,3218 2239,3212 2328,3212 2418,3212 2508,3212 2597,3212 2687,3212 2776,3212 2866,3212 2955,3212 3045,3212 3135,3212 3224,3212 3314,3212 3403,3212 3493,3212 3582,3212 3672,3212 3762,3212 3851,3212 3941,3218 4030,3212 4120,3218 4210,3212 4299,3212 4389,3212 4419,3212"/>
                <TextEquiv>
                    <Unicode>nur, sei verschwiegen, mein, unser Leben steht auf dem öpiel. Durch</Unicode>
                </TextEquiv>
            </TextLine>
            <TextLine id="tr_1_tl_6" custom="readingOrder {index:5;}">
                <Coords points="1221,3394 4347,3422 4387,3226 1221,3306"/>
                <Baseline points="1242,3362 1331,3368 1421,3368 1510,3368 1600,3368 1689,3362 1779,3362 1869,3362 1958,3362 2048,3368 2137,3368 2227,3368 2316,3368 2406,3368 2496,3368 2585,3368 2675,3368 2764,3368 2854,3368 2944,3368 3033,3368 3123,3368 3212,3368 3302,3368 3391,3368 3481,3368 3571,3368 3660,3368 3750,3368 3839,3368 3929,3368 4018,3368 4108,3368 4198,3368 4287,3368 4377,3368 4395,3368"/>
                <TextEquiv>
                    <Unicode>den Kutscher, der ihn an die Bahn geführt hatte,liess er den Brief</Unicode>
                </TextEquiv>
            </TextLine>
            <TextLine id="tr_1_tl_7" custom="readingOrder {index:6;}">
                <Coords points="1233,3622 2165,3534 4291,3606 4291,3414 4115,3390 1653,3478 1233,3402"/>
                <Baseline points="1254,3523 1343,3523 1433,3523 1522,3523 1612,3523 1701,3523 1791,3523 1881,3523 1970,3523 2060,3523 2149,3529 2239,3523 2328,3529 2418,3529 2508,3529 2597,3529 2687,3529 2776,3523 2866,3529 2955,3523 3045,3523 3135,3523 3224,3523 3314,3529 3403,3529 3493,3529 3582,3529 3672,3529 3762,3529 3851,3529 3941,3529 4030,3535 4120,3535 4210,3535 4299,3529"/>
                <TextEquiv>
                    <Unicode>an Paula befördern. Und ein paar Minuten darauf sass er im Zug.</Unicode>
                </TextEquiv>
            </TextLine>
            <TextLine id="tr_1_tl_8" custom="readingOrder {index:7;}">
                <Coords points="2361,3874 2410,3890 2446,3862 2466,3870 2494,3854 2518,3854 2534,3870 2582,3870 2590,3738 2570,3738 2554,3722 2526,3714 2498,3722 2474,3710 2450,3726 2418,3714 2397,3722 2369,3718"/>
                <Baseline points="2388,3839 2418,3839 2508,3833 2597,3833"/>
                <TextEquiv>
                    <Unicode>17.</Unicode>
                </TextEquiv>
            </TextLine>
            <TextLine id="tr_1_tl_9" custom="readingOrder {index:8;}">
                <Coords points="1833,4223 3366,4163 3758,4235 4219,4175 4219,4019 1833,4051"/>
                <Baseline points="1857,4156 1898,4150 1988,4144 2078,4150 2167,4144 2257,4144 2346,4150 2436,4144 2526,4144 2615,4144 2705,4144 2794,4144 2884,4144 2973,4150 3063,4150 3153,4144 3242,4144 3332,4150 3421,4150 3511,4150 3600,4150 3690,4150 3780,4150 3869,4150 3959,4150 4048,4150 4138,4150 4227,4150"/>
                <TextEquiv>
                    <Unicode>An diesem grauumsogenen Desembertage dunkelte es</Unicode>
                </TextEquiv>
            </TextLine>
            <TextLine id="tr_1_tl_10" custom="readingOrder {index:9;}">
                <Coords points="1129,4383 4059,4379 4347,4343 4347,4199 1129,4227"/>
                <Baseline points="1152,4293 1242,4299 1331,4299 1421,4305 1510,4305 1600,4305 1689,4305 1779,4305 1869,4305 1958,4305 2048,4299 2137,4299 2227,4305 2316,4305 2406,4305 2496,4305 2585,4299 2675,4305 2764,4305 2854,4305 2944,4299 3033,4299 3123,4305 3212,4305 3302,4305 3391,4305 3481,4305 3571,4305 3660,4305 3750,4305 3839,4305 3929,4305 4018,4305 4108,4305 4198,4305 4287,4305 4353,4299"/>
                <TextEquiv>
                    <Unicode>früh. Kaum war der Zug über die Vorstädte und die kleinen Villen-</Unicode>
                </TextEquiv>
            </TextLine>
            <TextLine id="tr_1_tl_11" custom="readingOrder {index:10;}">
                <Coords points="1161,4515 4115,4515 4147,4351 1161,4359"/>
                <Baseline points="1182,4454 1271,4460 1361,4460 1451,4460 1540,4460 1630,4454 1719,4454 1809,4454 1898,4460 1988,4460 2078,4460 2167,4460 2257,4460 2346,4460 2436,4454 2526,4460 2615,4460 2705,4460 2794,4460 2884,4460 2973,4460 3063,4460 3153,4460 3242,4460 3332,4466 3421,4460 3511,4460 3600,4460 3690,4460 3780,4460 3869,4460 3959,4460 4048,4466 4138,4466 4156,4466"/>
                <TextEquiv>
                    <Unicode>orte hinausgeflogen, so setzte ein leichter, allmählich dichter</Unicode>
                </TextEquiv>
            </TextLine>
            <TextLine id="tr_1_tl_12" custom="readingOrder {index:11;}">
                <Coords points="1165,4659 4095,4695 4295,4647 4295,4483 1165,4511"/>
                <Baseline points="1188,4610 1277,4616 1367,4616 1457,4616 1546,4616 1636,4616 1725,4616 1815,4616 1904,4616 1994,4616 2084,4616 2173,4616 2263,4616 2352,4616 2442,4616 2531,4622 2621,4616 2711,4616 2800,4616 2890,4616 2979,4622 3069,4616 3159,4622 3248,4622 3338,4616 3427,4616 3517,4616 3606,4616 3696,4622 3786,4616 3875,4616 3965,4622 4054,4622 4144,4622 4233,4622 4305,4622"/>
                <TextEquiv>
                    <Unicode>werdender Schneefall ein, so dass Wald, Hügel, Landstrassen und Dä-</Unicode>
                </TextEquiv>
            </TextLine>
            <TextLine id="tr_1_tl_13" custom="readingOrder {index:12;}">
                <Coords points="1149,4839 4071,4839 4107,4691 1149,4695"/>
                <Baseline points="1170,4777 1248,4777 1337,4777 1427,4777 1516,4771 1606,4771 1695,4777 1785,4771 1875,4771 1964,4777 2054,4771 2143,4771 2233,4771 2322,4771 2412,4777 2502,4777 2591,4777 2681,4771 2770,4771 2860,4771 2949,4771 3039,4777 3129,4777 3218,4771 3308,4777 3397,4777 3487,4771 3577,4777 3666,4777 3756,4777 3845,4777 3935,4777 4024,4777 4114,4771"/>
                <TextEquiv>
                    <Unicode>cher bald in einem linden herzberuhigenden Weiss schinnerten.</Unicode>
                </TextEquiv>
            </TextLine>
            <TextLine id="tr_1_tl_14" custom="readingOrder {index:13;}">
                <Coords points="1113,4959 4099,5055 4271,4999 4271,4823 1113,4887"/>
                <Baseline points="1134,4932 1224,4932 1313,4932 1403,4932 1492,4932 1582,4932 1672,4932 1761,4932 1851,4932 1940,4932 2030,4932 2119,4932 2209,4932 2299,4932 2388,4938 2478,4938 2567,4938 2657,4938 2746,4932 2836,4932 2926,4932 3015,4938 3105,4938 3194,4938 3284,4938 3373,4938 3463,4938 3553,4932 3642,4932 3732,4932 3821,4932 3911,4932 4001,4938 4090,4944 4180,4944 4269,4944 4275,4944"/>
                <TextEquiv>
                    <Unicode>Robert hatte sich Zeitungen gekauft und, allein in seinen Abteil,</Unicode>
                </TextEquiv>
            </TextLine>
        </TextRegion>
    </Page>
</PcGts>
