4248 5396
1560 403 1812 584 -47-
569 719 3728 904 weiss Gott was noch Schlimmres sei. Und Paulas kluge Fragen look-
580 881 3720 1058 ten ihm so entschiedene Antworten auf die Lippen, dass ihn während
565 1019 3696 1212 dieses Gesprächs, das sich bei Tische mit erhöhtem Ernst fortsetz-
561 1145 3625 1350 te, eine immer echtere Sehnsucht nach Arbeit und Betätigung über-
541 1335 3645 1481 kam. Die steigende Aufmerksamkeit in Paulas hienen,ihr beifälli-
529 1504 3613 1710 ges Nicken wurden ihm zu günstigster Vorbedeutung,und ihren Män-
533 1635 3629 1852 dedruck beim Abschied, ihren hilden, gütigen Blick nahm er beinahe
521 1785 1943 1939 wie ein Versprechen mit sich,
561 1927 888 2042 sio bon
1066 1935 3582 2184 Es war ihm zu Mut wie einem Genesenden. Für die Kin-
501 2113 3420 2310 bildungen,die ihn vor wenigen Tagen, ja gestern noch gequalt,
1734 2247 1986 2334 nahen
478 2263 3625 2444 glaubte er eine neue,und völlig beruhigende Erklärung gefunden zu
474 2421 3530 2610 haben. Von seinem eigenen Leben gleichsam im Stich gelassen, im
462 2547 3597 2760 Innersten leer geworden,hatte er allzu willig,ja mit einer gewis-
454 2744 3546 2918 sen Selbstgefälligkeit,eine Art Rolle für sich zu spielen begon-
434 2894 3522 3052 nen, die wachsende Gewalt über ihn erlangt,und allmählich gedroht
438 3044 3483 3218 hatte sein innerstes Wesen zu verstören. Nun aber rockte er die
423 3195 3506 3364 Stirn hervor wie aus gefährlichem Nebeldunst und fühkte den Wil-
415 3341 3582 3530 len und die Kraft in sich, wieder gesund und - endlich wahr zu wer-
399 3479 667 3676 den.
438 3657 675 3771 rücht
916 3633 3451 3874 Zum Abendessen erschienen die Damen nicht und Robert
375 3834 3463 4032 nahm an, dass sie sich beide, ermüdet, vorzeitig auf ihr Zimmer zu-
371 3972 3463 4194 rückgezogen hatten. Trotzdem gab er die Hoffnung nicht auf, dass
344 4126 3443 4336 Paula sich vielleicht später noch in der Halle zeigen würde und
355 4296 3400 4509 blätterte geraume Zeit in illustrierten Wochenschriften, die er
332 4434 3333 4667 sonst selten sur Hand zu nehmen pflegte. Doch seine Erwartung
336 4592 3313 4802 erfüllte sich nicht, die Halle leerte auch und es blieb Robert
304 4731 3325 4964 nichts übrig als gleich den anderen Garten zur Ruhe zu gehen.
