4968 5460
2338 463 2586 682 -23—
1210 739 4441 921 der Traum auf dem Sterbebett. Er erinnerte sich eines Einfalls, den
1190 925 4301 1087 Leinbach vor Jahren in grösserer Gesellschaft ganz ernsthaft, ja
1190 1082 4338 1244 mit einer gewissen Wichtigkeit, vorgebracht hatte. Er hatte damals
1190 1231 4305 1409 einen Beweis gefunden, dass es eigentlich keinen Tod auf der Welt
1173 1372 4371 1545 gebe. Es sei ja zweifellos, erklärte er, dass nicht für Ertrinkende,
1165 1541 4301 1719 sondern dass für alle Sterbenden im letzten Augenblick das ganze
1153 1677 4338 1851 Leben mit einer ungeheueren, für uns Andere gar nicht zu erfassen-
1153 1867 4474 2012 den Geschwindigkeit sich noch einmal abrolle. Da nun dieses erinner-
1136 1975 4296 2206 te Leben natürlich auch wieder einen letzten Augenblick habe, und
1124 2157 4226 2326 dieser letzte Augenblick wieder einen letzten,und so weiter: so
1124 2326 4177 2462 bedeute das Sterben im Grunde nichts anderes, als die äwigkeit -
1099 2475 4197 2665 unter der mathematischen Formel einer unendlichen Reihe. Robert
1107 2669 4309 2801 erinnerte sich noch, wie erbittert Otto dieses Gefasel zurückgewie-
1082 2776 4321 2958 sen hatte; Robert aber, ohne sich für Leinbachs Auffassung geradezu
1082 2937 4259 3107 einzusetzen,hatte keineswegs vermocht sie völlig unsinnig zu fin-
223 3012 376 3185 of
1070 3107 4177 3276 den. Wenn jene Erklärung stimmte, so wusste man freilich nie, zum
1053 3268 4201 3437 wievielten Mal man irgend eine Sache durchlebte, und überdies war
1066 3404 4296 3598 es gleichgültig, da man ja alles unendliche Male zu durchleben ver-
1033 3574 4272 3755 dammt war. - Ach Ansinn über Unsinn! Eine fragwürdige Erscheinung,
1020 3714 4226 3908 dieser Leinbach und als Arzt überhaupt nicht ernst zu nehmen! Den
1016 3859 4255 4032 konnte man natürlich anschwindeln,wie man nur wollte; es war keine
991 4028 3826 4292 Kunst. Mit Otto würde man kein so leichtes Spiel haben...
1619 4197 4243 4367 Das Tor des Gasthofs öffnete sich vor ihm. Als er die
987 4363 4127 4540 Treppen hinaufstieg,standen plötzlich wieder,wie vor beinahe zwar
975 4520 4193 4693 zig Jahren, die Wände eines kleinen alten Palastes um ihn; und das
954 4664 4247 4862 verblichene Rot des Stiegentsppichs leuchtete wie Furpur unter sei-
905 4821 4218 5086 nen Füssen. Zum wievielten Male schritt er wohl diese Treppe jetzt
