4248 5380
1711 470 1974 625 —60—
593 700 3689 943 der Vorschnung? Die Empfindung, durch die eine Tat möglich gewor-
601 919 3709 1106 den ist längst erloschen, ist vielleicht in ihr Gegenteil umge-
577 1091 3614 1234 schlagen; und die Tat bleibt getan. Zehmen wir an, das Gift,das
569 1218 3586 1461 ich Brigitte gab, hätte nicht gewirkt. Am nächsten Morgen wäre
565 1377 3685 1580 sie wieder aufgewacht, lebte vielleicht noch heute und kein Mensch
545 1544 3594 1711 ahnte, was geschehen oder vielmehr was beabsichtigt gewesen war.
533 1692 3590 1890 Ich selbst würde es nicht ahnen, denn ich hätte es ja vergessen.
517 1831 3626 2034 Ich habe es vergessen. - Hab' ich das wirklich? Nein, ich erinne-
505 2010 1747 2169 re mich ja...
1098 2141 3411 2348 "Habe ich dich lange warten lassen?" fragte Otto
513 2161 689 2316 1r8
474 2296 2766 2480 und die Gartentüre fiel hinter ihm ins Schloss.
1063 2444 3331 2655 "Oh, gar nicht“,erwiederte Robert und fasste sich
442 2635 3510 2842 rasch. "Es war sehr angenehm in der stillen Strasse hin und her
430 2762 1134 2977 su spazieren."
1035 2925 3518 3144 Sie stiegen ein. Otto machte Aufzeichnungen in sein
466 2945 979 3092 ver den qui
398 3073 3447 3264 Notizbuch. "Wo soll ich den Wagen halten lassen?" fragte er ne-
402 3232 3482 3471 benhin seinen Bruder.-“Ganz egal. Wenn dich dein Weg vielleicht
374 3411 3471 3590 in der Nähe meines Gasthofs vorbeiführt“. - “Das lässt sich viel-
366 3554 3423 3785 leicht machen. Schade übrigens, dass du deine Wohnung aufgegeben
342 3713 3479 3912 hast. Ich hab’s eigentlich nicht recht begriffen.“ — „Ich musste
338 3837 3355 4095 doch wohl.“ - „Du musstest —?“ — „Ich habe ja nicht gewusst,ob
310 4020 3399 4235 es mir jemals wieder möglich sein würde in einer grossen Stadt
302 4183 3482 4406 zu leben und meinen Beruf auszuüben,“- Wie kannst du das sagen,»
283 4334 3379 4577 einte Otto und steckte sein Notisbuch ein. — "Du scheinst dich
267 4462 3471 4760 nicht zu erinnern“, erwiederte Robert, wie miserabel es mir gegen
255 4629 3315 4828 gen ist; auch im Beginn meiner Reise bin ich noch“ - er sögerte
251 4820 3403 5047 eine kurze Weile- "von allerlei dunnen Idsen geplagt gewesen.
