4248 5396
1654 386 1868 525 —30—
550 644 3547 883 Und wäre es auch nur,um etwaigen Verdächtigungen gegenüber
554 870 3719 1010 eine Bestätigung in der Hand zu haben, dass Alberta an jenem Abend
534 1022 3653 1215 gleichfalls heimgekommen und dass sie am nächsten Tag in Gesell-
525 1186 3592 1359 schaft eines anderen Mannes abgereist sei. Er warf einen Blick
521 1318 3625 1535 nach der Seite. Die bedenkliche Erscheinung des eleganten Herrn
509 1470 1392 1687 war verschwunden.
1076 1638 3649 1831 Robert setzte seinen Weg fort undzfang sich,an etwas
628 1654 1034 1786 a ia ae e
497 1786 3678 1929 Gleichgültiges zu denken. Er versuchte sich den Inhalt seiner
484 1913 3600 2139 letzten Arbeit - zur Statistik des niederösterreichischen
488 2089 3547 2274 Volkschulwesens - ins Gedächtnis zu rufen und es beruhigte ihn,
480 2254 3575 2438 dass manche Einzelheiten daraus,an die er monatelang nicht mehr
456 2410 3612 2586 gedacht und die ihn im Grunde um niemals sonderlich interessiert
447 2578 3502 2718 hatten, sich seinem ausgeruhten Geiste heute mit grösster Klar-
443 2697 3543 2894 heit darboten. Zugleich bedauerte er, und nicht zum ersten Male,
435 2886 3518 3058 dass auf einem anderen Gebiete, wo er weit besser zu Hause war.
419 3050 3485 3185 auf dem der musikalischen Unterrichtsfragen,seine Mitarbeiter-
419 3190 3584 3354 schaft bisher nicht in Betracht gezogen worden war, und zweifellos
406 3341 3563 3506 nur darum, weil Hofrat Palm mit Eifersucht darüber wachte, dass man
394 3497 3563 3711 ihm nicht jemanden an die Seite setzte, der von diesen Dingen mehr
402 3670 3366 3814 verstand als er selbst. Robert verspürte Heimweh nach seinem
369 3826 3485 3957 Kanzleiraum, nach dem grossen Schreibtisch, dem bequemen, schwarz-
369 3949 3530 4121 ledernen Lehnsessel, den hohen Regalen mit den Aktenfassikeln, den
361 4130 3580 4302 gelbweissen Bänden mit den Landkarten und Tabellen, er sehnte sich
353 4286 3653 4499 nach einem Wirkungskreis, wo es ihm beschieden wäre wahrhaft Nüts-
349 4454 3432 4635 liches zu leisten und die Anerkennung seiner Vorgesetzten,viel-
328 4598 3469 4791 leicht gar ein Lob aus des Ministers eigenem Munde zu erringen.
337 4762 3506 5012 was ihm nicht nur zur Befriedigung seines Ehrgeizes, sondern auch
