4312 5380
1737 356 1956 614 -79—
618 610 3729 837 auch die unruhvollen Gedanken allmählich ihre Macht über ihn, und
606 806 3744 986 manchmal unter einem nach allen Seiten aufgehellten Kimmel glaub-
606 966 3564 1142 te er sich unbedenklich der Zukunft entgegenfreuen zu dürfen.
1072 1131 3721 1299 Doch in einer Nacht, nach einem geselligen Abend im Hau-
595 1268 3607 1467 se seines Bruders, geschah es ihm nach geraumer Zeit zum ersten
587 1381 3713 1573 male wieder, dass kein Schlaf über ihn kommen wollte. Viertelstun-
587 1569 3721 1772 de auf Viertelstunde hörte er vom Kirchturm schlagen, und er dach-
575 1722 3709 1913 te nach, ob ihm nicht im Laufe des verflossenen Abends etwas Unan-
583 1901 3564 2081 genehmes oder Peinliches begegnet wäre. Doch anfangs suchte er
571 2054 3584 2211 vergeblich nach der mutmasslichen Ursache seine? steigenden Un-
556 2140 3674 2375 behaglichkeit. Der Abend war ungetrübt verlaufen. Robert und pau-
540 2301 3560 2543 la als erklärtes Brautpaar hatten von allen Seiten unfeierlich-
544 2492 3584 2680 warme Glückwünsche entgegengenommen; es war ein wenig mustitiert
532 2692 3639 2860 worden, endlich bei Kaffee und Zigarre hatte man in zwanglos-wech-
516 2829 3553 2989 selnden Gruppen geplaudert. Ein engerer Fachkollege Ottos hatte
657 2915 951 3020 in ein
505 2927 3639 3165 Robert anscheinend harmloses Gespräch gezogen und dieser erinner-
509 3122 3420 3310 te sich, dass er dem Professor in irgend einem Augenblick für
505 3228 814 3337 dessen
497 3271 3564 3478 seine Zigarre Feuer gegeben und dass ihm bei dieser Ge-
493 3439 3564 3631 legenheit das Streichhölschen aus der Hand geglitten war. Offen-
485 3603 3572 3779 bar hatte seine Hand ein wenig gezittert. Nun wurde ihm auch der
466 3776 3459 3944 eigentümliche prüfende Blick gegenwärtig, den der Professor bei
454 3932 3463 4100 diesem Anlass auf ihn gerichtet hatte. Robert war sich auch be-
450 4085 3400 4253 wuset sehr rasch geredet und sich ein paar Mal versprochen zu
430 4241 3549 4433 haben, wie es ihm nach zwei oder drei Glas Wein leicht begegnete.
419 4394 3388 4562 Es war gewiss nicht underabardass einen ärztlichen Beobachter
419 4546 3470 4738 alle diese Nichtigkeiten und überhaupt eine gewisse Veränderung
415 4726 3365 4891 in seinem Wesen und in seinen Zügen, vor allen die unlengbare,
403 4867 3365 5071 immer noch vorhandene Ungleichheit der Lidspalten, aufgefallen
