4900 5620
1533 263 1745 543 P.S.
1907 491 2205 751 -121-
833 731 3927 1050 im Bett auf, fühlte das Glühen und Drohen seiner eigenen Blicke.
1372 944 3833 1160 "Warum ich komme? Nun." und ein unterdrücktes Auf-
826 1105 3935 1348 schluchzen war in Ottos Stimme - "nun zum Teufel, ich komme, weil
849 1246 3908 1478 es mir so beliebt! Was ist dir denn nur eingefallen,Robert? Was
826 1435 3216 1663 hast du dir denn wieder in den Kopf gesetzt?"
1427 1592 3798 1769 "Warum bist du da? Was willst du von mir? Nimm -
814 1777 2339 2001 nimm deine Hände aus dem Rels!"
1392 1820 3774 2080 Otto sah ihm starr ins Gesicht. Zuerst schien er
826 2064 3864 2213 nicht recht zu verstehen. Dann aber, mit übertriebener Gebärde,
822 2205 3931 2426 riss er beide Hände aus den Taschen seines Pelzes, schüttelte den
814 2347 3884 2551 Kopf und verzog den Mund, als wenn er lachen wollte, dann biss er
826 2496 3805 2701 sich in die Lippen und sagte: "Du - du träumst offenbar noch.
826 2673 3876 2882 Komm doch zu dir. Ich bin's, Robert,-dein Bruder, dein Freund, was
826 2842 3825 3059 vildest du dir denn ein? Dein Bruder - Robert. So glaube doch,
818 2933 3770 3161 so wisse doch endlich, es ist doch nicht im Ernst möglich, dass
822 3176 1553 3381 du - denkst -"
1400 3283 3782 3479 Und die Worte versagten ihm. In seinen Augen war
2213 3428 2430 3518 Mai
802 3452 3860 3664 Angst.Mitleid und Liebe,ohne gleichen. Doch dem Bruder bedeute-
794 3585 3864 3809 te der feuchte Glanz dieses Blickes Tücke, Drohung und Tod. Otto
814 3754 3825 3959 wieder, von dem Ausdruck des Grauens in des Bruders Antlitz im
798 3868 3912 4128 Tiefsten erschüttert, beherrschte sich nicht länger, trat ganz nah-
794 4077 3774 4293 an ihn heran, um ihn zu umarmen und ihn durch die rückhaltlose
802 4183 3916 4458 innigste Gebärde seiner brüderlichen Zärtlichkeit zu versichern.
786 4340 3951 4607 Robert aber, des Bruders kühle Hände an seinem Halse fühlend, zwei-
778 4541 3833 4761 felte nun nicht mehr, dass der gefürchtete, das der Augenblick
778 4686 3857 4953 der höchsten, der entsetzlichsten Gefahr gekommen sei, gegen die
782 4851 3770 5079 in jeder Weise sich zu wehren durch menschliche und göttliche
4509 4167 4784 4364 and is
4596 4493 4804 4698 ed of
