4936 5444
2361 439 2659 692 -19-
1205 692 4304 953 bezogen. Ich verspürte auch eine sonderbare Müdigkeit der linken
1201 940 4345 1094 Gesichtshälfte und -" er wagte sich immer weiter vor - "das linke
1176 1073 4341 1255 Auge konnte ich kaum öffnen. Zugleich, da er den Blick Leinbachs
1189 1230 4354 1413 doch mit einer gewissen ärztlichen Schärfe auf sich gerichtet sah,
1176 1379 4267 1541 riss er beiden Augen weit auf, um sich ja nicht zu verraten.
1823 1529 4275 1744 "Unsinn", sagte Leinbach,"Eine Seite ist bekanntlich
1152 1715 4399 1889 immer schwächer als die andere. Die sogenannte Symmetrie der beiden
1139 1868 4345 2026 Körperhälften ist überhaupt eine Fabel, das weisst du doch. Uebri-
1147 2030 4428 2183 gens - wo bist du nur zuletzt gewesen? Am Meer, im Süden, nicht wahr?-
1139 2154 4370 2341 das war vielleicht nicht ganz das Richtige, besonders als Abschluss.
1131 2291 4333 2465 Ich an deiner Stelle würde doch, bevor ich mein Amt antrete, für ein
1106 2481 2730 2697 paar Tage Gebirgsluft schnappen.“
1773 2639 2498 2825 "Du glaubst -?"
1773 2759 4316 2987 "Nicht etwa, dass ich es für notwendig hielte - keine
1106 2929 4250 3157 Spur. Aber wenn man's tun kann...“ Er seu mte. “Von mir aus
1094 3090 3148 3281 magst du natürlich ruhig in Wien bleiben."
1719 3268 4275 3438 Der Dichter Kahnberg trat an den Tisch, begrüsste Ro-
1081 3376 4321 3571 bert zu dessen Verwunderung wie einen sehnlichst erwartet an Freund,
1069 3558 4250 3745 sog ihn mit sich an einen Nebentisch, erzählte ihn die Fortsetzung
1069 3753 4234 3894 einer Herzensgeschichte, von deren Beginn Robert seiner Erinnerung
1040 3857 4221 4072 nach niemals das Geringste erfahren hatte und erkundigte sich, ob
1065 3985 4312 4209 ein Buch, das er an ihn vor etlichen Monaten abgesandt, rie Mitg ange-
1015 4184 4345 4395 langt sei. Robert besann sich, dass ihm das Werk, ein Drana in Versen,
1031 4354 4196 4544 mit einer sehr warmen Widmung von der Hand des Dichters erreicht,
1023 4515 4188 4685 und dass er es auch gelesen hatte. Doch vermochte er sich des In-
1031 4660 4287 4867 halts durchaus nicht zu erinnern. Er war eben in Verlegenheit, wie
1027 4826 4213 5008 er sich verspätet bedanken und was er über das Buch sagen sollte.
120 4859 307 5021 dahl
