4968 5428
1680 461 2113 636 -100-
695 783 3877 1001 Plötzlich wandte Otto sich um, Robert verlieh seinem eigenen Blick
695 918 3730 1148 einen unbefangenen Ausdruck und bemerkte, dass Ottos Augen sich
739 1061 1005 1156 leicht
707 1092 3802 1311 flüchtig umschleierten. Gleich darauf trat Otto ganz nahe zu ihm
687 1235 3770 1398 hin und meinte lächelnd: "Du bist nun hoffentlich endgültig ver-
671 1394 3738 1605 nünftig geworden.“ - "Endgültig?“ wiederholte Robert,für seinen
659 1601 3726 1732 Teil den scherzhaften Ton aufnehmend. "Das kann man ja nie wis-
659 1752 3845 1907 sen. Bei mir schon gewiss nicht. Und ist es denn gar so wünschens-
663 1883 3726 2070 wert vernünftig zu sein,engültig vernunftig?" - "Meiner Ansicht
648 2038 3746 2201 nach doch wohl“, erwiederte der Andere ernst,beinahe hart.- “Das
651 2169 3786 2360 wäre noch zu beweisen", entgegnete Robert eigensinnig. "Vielleicht
640 2320 3758 2530 bin ich sogar verrückt. Ich will es nicht in Abrede stellen. Aber
624 2487 3631 2681 wenn ich es bin, so fühle ich mich sehr wohl dabei. Und das ist
628 2642 3571 2820 doch die Hauptsache, nicht?“ Es war ihm, als eröffnete sich ihm
600 2793 3738 3011 mit einem Mal eine neue Aussicht auf Rettung. “Ich habe mich nie-
600 2979 3639 3150 mals vorher so wohl gefühlt“,wiederholte er mit Betonung. "Also
576 3134 3595 3289 mach dir um meinetwillen keine Sorgen, ich versichere dich, dass
584 3293 3198 3452 ich mit keinem Menschen auf der Welt tauschen möchte."
1092 3424 3631 3595 Ottos Antlitz war unbeweglich geblieben. "Nun,so ist
552 3563 3655 3778 ja alles in Ordnung“, sagte er. Es klang wie zerstreut. Und dann,
552 3738 3607 3957 als fiele es ihm eben erst ein,brachte er aus einer Tasche sei-
528 3881 3547 4080 nes Ueberrocks ein zusammengefaltetes Papier hervor. "Dass ich
528 4048 3555 4227 nicht vergesse“, sagte er leichthin,“da ist dein Brief." - „Was
528 4199 3627 4390 für ein Brief!“ fragte Robert, der sich im ersten Augenblick tat-
520 4366 3536 4525 sächlich nicht zu besinnen vermochte.- "Den du gestern von mir
520 4509 3520 4707 verlangt hast. Ich habe ihn glücklicherweise noch vorgefunden.
505 4652 3512 4874 Hier ist er, vergewissere dich nur „fügte er lächelnd hinzu, ob
485 4842 2916 5057 ich nicht etwa einen anderen untergeschoben habe."
