4296 5396
1590 491 1832 669 —48—
637 736 3667 1088 Vorher aber hielt er sich, wie um nach Briefen zu fragen, an der
621 942 3612 1151 Loge des Pertiers auf, von dessen Eigenheit, sich zu den Gästen
613 1080 3794 1349 des Hotels in ein persönliches, ja herzliches Verhältnis zu setzen,
605 1290 3656 1468 auch er schon manche Proben erhalten, und von dem er daher viel-
570 1448 3663 1705 leicht Aufklärung erhoffen durfte. Und tatsächlich ward ihm, bei
574 1598 3561 1855 Uebergabe des Zimmerschlüssels,in leicht bedauerndem Tone die
1887 1733 2117 1840 Rolf
570 1764 3656 1950 Mitteilung, dass die Damen Kostner auf ein Telegramm hin mit dem
550 1879 3584 2188 sieben Uhr Zug plötzlich abgereist seien. Sie liessen sich dem
530 2030 3462 2310 Herrn Sektionsrat bestens empfehlen, fügte der Portier hinzu,
526 2196 3541 2405 während er mit Beflissenheit auf Ansichtskarten Marken klebte.
546 2362 3576 2556 "Ein Telegramm", wiederholte Robert wie abwesend, blieb noch eine
498 2520 3608 2722 Weile stehen, dann fasste er sich und begab sich auf sein Zimmer.
498 2674 3525 2864 Er machte Licht und ging hin und her. "Ein Telegramm", sagte er
471 2809 3588 3023 nochmals vor sich hin. Was für eine Art von Telegramm mochte das
463 2967 3505 3173 sein? Und schon wusste er's: Sie waren vor ihm gewarnt worden.
459 3125 3485 3343 Der besorgte Vater hatte sie eilends zurückberufen. "Die Damen
447 3288 3612 3505 lassen sich empfehlen-?“ Eine freundliche Erfindung des Portiers.
427 3458 3561 3723 Ueber Hals und Kopf waren sie geflohen. Offenbar waren schon Ge-
411 3632 3402 3889 rüchte über ihn in Umlauf. Gerichte nur -? Vielleicht wird er
407 3770 3391 4043 schon verfolgt, bewacht, ist von Detektiven umgeben; und morgen
376 3948 3525 4198 Früh wird man ihn verhaften. Und wenn er auch unschuldig ist, wie
372 4114 3300 4344 kann er es beweisen? Alberta ist in Amerika oder weiss Gott
368 4296 3541 4510 wer wird ihm glauben, dass er sie nicht umgebracht hat? Vielleicht
352 4443 3402 4664 ist auch schon der Verdacht ausgesprochen worden, dass er seine
324 4613 3319 4823 Frau vergiftet hat. Wird man den Leichnam ausgraben? Wird nun
324 4751 3375 5009 nach Oift spuren forschen? Wenn sich keine finden was hilft's
