4360 5396
516 153 809 384 G.C.F.P.
1729 396 1973 681 -89.
689 714 3839 1003 Mahnung? Dass die Erscheinung irgendetwas zu bedeuten hatte, wenn
693 999 3706 1193 sie auch nur aus seiner eigenen Seele in den Nebel dieses Tags
698 1123 3690 1304 emporgestiegen war, daran konnte er nicht zweifeln. Aber wohin
689 1280 3826 1469 deutete sie? Ins Gute oder ins Schlimme? Wen kann man solche Din-
665 1412 3773 1659 ge erzählen, fragte er sich weiter. Niemand könnte sie begreifen,
669 1618 3690 1812 und vielleicht sind sie von allen, die uns begegnen,die wesent-
665 1767 2353 1923 lichsten. Darum ist man so allein.
1135 1890 3706 2109 In dieser Wirtsstube,wo ihn zu dieser Stunde niemand
669 2047 3669 2258 vermuten konnte, im Dämmer eines frühen Dezembernachmittags,er-
652 2212 3764 2398 schien er sich wundersam losgelöst von allen,mit denen er diesen
632 2365 3748 2588 Morgen noch sich nach Menschenart verbunden gewähnt hatte; alle,
632 2538 3653 2745 Braut,Bruder und Freunde waren wie Schatten der Vergangenheit;
623 2683 3719 2918 und zugleich war ihm, als müsste xx auch er jenen allen in dieser
615 2827 3690 3038 Stunde nur als blasses Bild durch die Erinnerung schweben. Dies
611 3034 3773 3186 war ihm zuerst nur wie ein seltsamer, fast süsser Schauer, der sich
598 3112 3909 3360 aber allmählich in ein leises Grauen verwandelte, endlich stiegen ihm
603 3294 3694 3475 eine Angst an, die ihn aufjagte und durch die dämmernde,menschen-
574 3426 3649 3632 leere feuchte Allee gegen die Stadt surücktrieb, als hätte jeder
574 3591 3583 3801 Schritt, der ihm dem Lebensgetriebe näher brächte,zugleich die
561 3781 3583 3983 Kraft sein blasses Erinnerungsbild in den Herzen der Menschen,
574 3909 3632 4148 die ihn liebten, in ein schürferes und lebendigeres zu wandeln.
557 4053 3599 4309 Und nun wusste er wieder, dass ein Wesen seiner wartete, das ihn
537 4264 3612 4433 für alle Zeit zu eigen gehörte, das ein Bruder seiner dachte, der
528 4416 3645 4627 ihs liebte, ihn vielleicht noch mehr liebste, als es Paula tat, mehr
545 4602 3661 4755 als irgend ein Mensch auf der Welt ihn jemals geliebt hatte; ja,
532 4705 3566 4957 der in seiner Liebe bereit war, das Ungeheuerste zu vollbringen
