5046 5572
1958 469 2259 754 -117-
839 694 4021 927 ne Seele zogen. Irgend etwas freilich musste geschehen. Doch mehr
859 883 3908 1095 aus natürlichen Verstandesfolgerungen, als aus einem Gefühl von
859 1055 4008 1256 Furdht ergab es sich für ihn, dass er keineswegs hier bleiben, daß
859 1176 4041 1376 er in jeden Falle weiterfliehen müsste. Die Frage war nur - wohin
847 1368 4008 1545 Wären ihm die Verfolger nicht morgen schon auf der Spur,so würden
843 1517 3952 1693 sie es in wenigen Tagen sein; und selbst wenn es ihm gelänge das
831 1669 4053 1850 Land, ja den Kontinent zu verlassen,und die neue Welt zu erreichen,
847 1850 3948 2014 vorder fixen Idee eines Wahnsinnigen war er doch nirgends in Si-
843 2018 3936 2187 cherheit und am Ende konnte ihn dieses Bewusstsein dauernder Ge-
819 2171 3808 2339 fahr und ewigen Verfolgtseins in Wirklichkeit um den Verstand
831 2287 3800 2488 bringen,so dass er die Andern ins Recht gesetzt, seinem Bruder
823 2440 3920 2656 gewissermassen in die Hände gearbeitet und - ein teuflicher Witz
827 2608 3234 2801 des Schicksals - dessen Wahnidee bestätigt hätte.
1332 2749 3880 2937 Er verliess das Gasthofsimmer und spazierte draussen
807 2945 3816 3102 auf dem menschenleeren beschneiten Marktplatz hin und her, sehr
819 3102 3900 3298 gemächlich, eine Zigarre im Munde,so dass er jedem, der ihn so ge-
807 3258 3808 3403 sehen, als ein sorgloser Wintertourist hätte erscheinen müssen.
802 3370 3992 3583 Plötzlich fielen ihm die Aufzeichnungen wieder ein, die er am Abend
782 3539 3920 3700 niedergeschrieben hatte. Könnt' ich's nicht wagen, mit ihrer Hilfe
778 3687 3868 3884 den Kampf aufzunehmen? fragte er sich. Wer diese Aufzeichnungen
774 3800 3888 4033 liest, kann mich nicht mehr für wahnsinnig halten. Aber ich werde
766 4025 3920 4229 das Ganze noch einmal schreiben, ausführlicher und verständlicher.
762 4189 3756 4402 Morgen mit dem ersten Zug fahre ich weiter, gehe dann an einer
746 4301 3744 4514 Zweigstation auf eine andere Strecke über, irgendwohin, wo mich
754 4470 3704 4683 niemand vermutet, und dort setze ich meine Anklage- oder meine
746 4614 3848 4823 Verteidigungsschrift sorgfältig auf. Anklage oder Verteiligung?
730 4803 3808 4984 Ja, was ist es eigentlich? Und er grübelte nach. Wie ein blasses
4494 4602 4727 4787 seln
