4328 5380
1721 436 1985 692 -86-
700 640 3902 917 er nur ein Stümper oder ein Wicht gewesen sein. Bedenke doch nur-
692 877 3750 1029 und Leinbachs Stimme bebte ein wenig - wir sind ja in einem ge-
676 1009 3738 1201 wissen Sinn dazu bestimmt, die Leiden aller der Menschen auf uns
664 1169 3734 1377 zu nehmen, die uns ihre Leiden klagen, auch wenn es uns nicht di-
664 1349 3882 1545 rekt zum Bewusst sein kommt, – ja, das ist dann vielleicht noch schlim-
652 1517 3714 1673 mer. Die Sentimentalen haben es freilich besser; die werden mit
664 1637 3746 1825 jedem Fall im Einzelnen fertig, durch Rührung sozusagen. Aber bei
640 1817 3702 1965 unsereinem, bei den starken, da ballt es sich zusammen. Natürlich
628 1945 3674 2137 merkt man es nicht im Allgemeinen, sonst würden wir ein wahrhaft
628 2105 3606 2289 tragisches Schauspiel darbieten. Nur die Leute, die uns lieben,
616 2261 3686 2466 die merken das, was du eben so richtig Verdüsterung genannt hast.
596 2418 3594 2602 Ueberhaupt weiss ja niemand etwas von uns ausser den Menschen,
592 2558 1969 2766 die uns lieben.Wir selber -"
604 2734 925 2910 konnen
1113 2718 3578 2910 Robert gab es auf ihm weiter zuzuhören. Er sah, dass
560 2874 3626 3074 hier nichts für ihn zu holen war. Er hätte es vorher wissen müs-
576 3034 3522 3238 sen. Warum hatte er diesem abgeschmackten Tropf gegenüber von
564 3190 3562 3370 seinen Besorgnissen überhaupt gesprochen? Es war zum mindesten
552 3362 2037 3550 eine Unvorsichtigkeit gewesen.
1093 3438 3618 3730 August Langer udd Kahnberg, der sich der etwas peinli-
524 3682 3606 3862 chen Szene von neulich nicht mehr zu erinnern schien, traten her-
504 3810 3526 4027 zu und forderten Robert zu einer Kartenpartie auf, Robert nahm
508 3998 3586 4159 den Vorschlag gerne an und fand sich bald so angenehm zerstreut,
468 4139 3678 4319 dass er fast bedauerte, sich ein so harmloses Vergnügen seit langer
480 4279 3662 4475 Zeit versagt zu haben. Leinbach schaute dem Spiele vorerst schwei-
452 4443 3466 4607 gend m. Bald aber konnte er es nicht unterlassen Bemerkungen
444 4551 3534 4799 allgemeiner Natur einsustreuen, insbesondere über das, was man in
456 4751 3414 4987 so oberflächlicher Weise als das Glück in Spiel zu bezeichnen
