5027 5476
2405 412 2698 684 -109-
1385 688 4436 956 ein Kampf? Wollen wir einander denn überlisten? Ich muss es an-
1398 956 4402 1122 ders anstellen. Beweisen, ja beweisen muss ich seinen Wahnsinn.
1372 1130 4504 1270 Ja. Darauf kommt es an. Sonst habe ich ja keine Ruhe mehr in der
1372 1270 4389 1428 Welt. Wir können uns nicht auf Lebenszeit verstecken,Paula und
1372 1406 4414 1589 ich. Das wäre freilich das Schönste. Verschwinden, ein neues Le-
1381 1559 4334 1746 ben beginnen, anderswo, unter einem andern Namen womöglich,- als
1368 1700 3854 1908 ein anderer Mensch. Ja, wenn das durchzuführen wäre!
1827 1869 4402 2073 Er stand vor dem Bankgebäude, wo der Rest seines klei-
1351 2086 4478 2218 nen Vermögens verwahrt lag, trat ein, liess sich eine grössere Sum-
1355 2175 4495 2367 me ausfolgen und redete zu dem Beamten, der ihm persönlich bekannt
1355 2367 4444 2532 war,in humoristisch geheimnisvoller Weise von einer finanziellen
1343 2494 4589 2660 Transaktion,die er vorzunehmen gesonnen sei. Er steckte das Geld zu
1330 2651 4750 2834 sich, nahm eilig das Mittagmahl in einem kleinen Wirtshaus, das er sicher
1321 2791 4368 2961 noch niemals betreten hatte,und vor zwei Uhr Nachmittags war er
1313 2953 4410 3123 in seinem Gasthof. Der Portier teilte ihm mit, dass ein Herr nach
187 3072 365 3297 Bn.
1326 3110 4389 3293 ihm gefragt habe,ohne eine Karte zu hinterlassen. Die oberfläch-
1313 3284 4436 3467 liche Schilderung passte am ehesten auf AugustoLanger; auffallend
166 3395 378 3573 mood
1300 3441 4397 3616 war, dass in einiger Entfernung nach dem Bericht des Portiers ein
1292 3573 4261 3769 zweiter Herr in einem Wagen gewartet hatte. War es so weit -?
1266 3722 4219 3943 Er eilte die Treppe hinauf in sein Zimmer. Er zweifelte nicht
1266 3866 4321 4058 daran, dass alles vorbereitet war ihn zu vorläufiger Beobachtung
1258 4045 4312 4228 in eine Anstalt zu bringen. Damit wäre sein Schieksal natürlich
1279 4206 4300 4380 besiegelt. Jedenfalls war es Torheit noch eine Viertelstunde lä-
1334 4359 1572 4470 him
1241 4355 4287 4550 ger zu verweilen, wo er seiner Freiheit, vielleicht seines Lebens
1249 4516 4211 4695 nicht mehr sicher war. Er musste den Gasthof sofort verlassen
157 4516 340 4699 Dr.U
1232 4652 4329 4861 wie zu einem Spasiergang und mit einem früheren Zug abreisen, als
1232 4827 4240 5098 er mit Paula verabredet hatte. Er steckte die allerwichtigsten
