<?xml version="1.0" encoding="UTF-8" standalone="yes"?>
<PcGts xmlns="http://schema.primaresearch.org/PAGE/gts/pagecontent/2013-07-15" xmlns:xsi="http://www.w3.org/2001/XMLSchema-instance" xsi:schemaLocation="http://schema.primaresearch.org/PAGE/gts/pagecontent/2013-07-15 http://schema.primaresearch.org/PAGE/gts/pagecontent/2013-07-15/pagecontent.xsd">
    <Metadata>
        <Creator>prov=READ-COOP:name=TrHtr:version=2.1.0:model_id=51170:date=15_08_2023_05:31</Creator>
        <Created>2023-05-10T15:06:43.813+02:00</Created>
        <LastChange>2023-08-15T05:31:22.984+02:00</LastChange>
        <TranskribusMetadata docId="1428799" pageId="55430479" pageNr="44" tsid="132839455" status="IN_PROGRESS" userId="64420" imgUrl="https://files.transkribus.eu/Get?id=IHYXUOODCCSWCGIRSFLHFXSF&amp;fileType=view" xmlUrl="https://files.transkribus.eu/Get?id=YYUTAAOEGDPLAQROUAAKDAKD" imageId="44704551"/>
    </Metadata>
    <Page imageFilename="1428799_0044.jpg" imageWidth="4248" imageHeight="5396">
        <ReadingOrder>
            <OrderedGroup id="ro_1711805290194" caption="Regions reading order">
                <RegionRefIndexed index="0" regionRef="tr_1"/>
                <RegionRefIndexed index="1" regionRef="tr_2"/>
                <RegionRefIndexed index="2" regionRef="tr_3"/>
            </OrderedGroup>
        </ReadingOrder>
        <TextRegion id="tr_1" custom="readingOrder {index:0;}">
            <Coords points="567,546 3808,546 3808,1973 567,1973"/>
            <TextLine id="tr_1_tl_1" custom="readingOrder {index:0;}">
                <Coords points="1727,679 1763,667 1783,675 1827,643 1843,651 1859,635 1886,639 1902,655 1922,639 1954,643 1958,484 1922,492 1855,484 1803,512 1751,477 1731,477"/>
                <Baseline points="1748,602 1838,602 1927,596 1963,602"/>
                <TextEquiv>
                    <Unicode>-44-</Unicode>
                </TextEquiv>
            </TextLine>
            <TextLine id="tr_1_tl_2" custom="readingOrder {index:1;}">
                <Coords points="616,874 3693,925 3590,735 1545,770 1195,643 616,731"/>
                <Baseline points="638,823 728,823 817,817 907,823 996,823 1086,823 1175,823 1265,823 1354,829 1444,829 1534,829 1623,829 1713,835 1802,835 1892,835 1981,841 2071,841 2160,841 2250,847 2339,847 2429,847 2518,847 2608,847 2698,847 2787,847 2877,847 2966,847 3056,853 3145,853 3235,853 3324,853 3414,859 3503,859 3593,865 3682,871 3700,871"/>
                <TextEquiv>
                    <Unicode>als wüsste Paula mehr zu erraten, als er zu ersählen für richtig</Unicode>
                </TextEquiv>
            </TextLine>
            <TextLine id="tr_1_tl_3" custom="readingOrder {index:2;}">
                <Coords points="612,1044 3530,1120 3797,1088 3797,921 608,858"/>
                <Baseline points="632,978 722,978 811,978 901,978 990,984 1080,984 1169,984 1259,984 1349,984 1438,984 1528,990 1617,990 1707,990 1796,990 1886,990 1975,996 2065,996 2154,996 2244,1002 2333,1002 2423,1008 2512,1002 2602,1002 2692,1008 2781,1002 2871,1002 2960,1008 3050,1008 3139,1014 3229,1014 3318,1014 3408,1020 3497,1020 3587,1020 3676,1020 3766,1032 3808,1026"/>
                <TextEquiv>
                    <Unicode>hielt. Doch er dachte: Ihr dürfte ich auch Verbrechen eingestehen,</Unicode>
                </TextEquiv>
            </TextLine>
            <TextLine id="tr_1_tl_4" custom="readingOrder {index:3;}">
                <Coords points="592,1199 2176,1199 2172,1108 2037,1060 588,1029"/>
                <Baseline points="608,1140 698,1134 787,1134 877,1134 966,1140 1056,1140 1146,1140 1235,1140 1325,1140 1414,1146 1504,1146 1593,1152 1683,1152 1772,1152 1862,1152 1951,1157 2041,1157 2130,1163 2178,1163"/>
                <TextEquiv>
                    <Unicode>wenn ich welche begangen hätte.</Unicode>
                </TextEquiv>
            </TextLine>
            <TextLine id="tr_1_tl_5" custom="readingOrder {index:4;}">
                <Coords points="3423,1227 3447,1227 3455,1235 3483,1231 3499,1243 3534,1235 3558,1251 3570,1251 3582,1239 3602,1239 3602,1112 3550,1104 3538,1116 3511,1120 3503,1112 3483,1112 3471,1100 3423,1108"/>
                <Baseline points="3444,1211 3533,1211 3611,1211"/>
                <TextEquiv>
                    <Unicode>leh-</Unicode>
                </TextEquiv>
            </TextLine>
            <TextLine id="tr_1_tl_6" custom="readingOrder {index:5;}">
                <Coords points="568,1299 3713,1414 3709,1227 568,1199"/>
                <Baseline points="590,1277 680,1271 770,1277 859,1277 949,1289 1038,1295 1128,1295 1217,1295 1307,1295 1396,1295 1486,1301 1575,1301 1665,1307 1754,1307 1844,1307 1933,1307 2023,1307 2113,1307 2202,1313 2292,1313 2381,1313 2471,1319 2560,1313 2650,1325 2739,1325 2829,1319 2918,1325 3008,1325 3097,1325 3187,1325 3276,1331 3366,1337 3456,1331 3545,1337 3635,1337 3724,1354"/>
                <TextEquiv>
                    <Unicode>Während seines einsamen Nachmittagsspasiergang spiel-</Unicode>
                </TextEquiv>
            </TextLine>
            <TextLine id="tr_1_tl_7" custom="readingOrder {index:6;}">
                <Coords points="588,1469 3328,1561 3602,1533 3602,1402 584,1354"/>
                <Baseline points="608,1444 698,1444 787,1444 877,1444 966,1450 1056,1450 1146,1450 1235,1450 1325,1456 1414,1456 1504,1462 1593,1462 1683,1462 1772,1462 1862,1468 1951,1468 2041,1468 2130,1474 2220,1474 2310,1474 2399,1474 2489,1474 2578,1474 2668,1474 2757,1474 2847,1480 2936,1480 3026,1480 3115,1480 3205,1480 3294,1486 3384,1486 3473,1486 3563,1492 3611,1498"/>
                <TextEquiv>
                    <Unicode>te er mit der Frage, ob er es wagen dürfe um Paula anzuhalten.</Unicode>
                </TextEquiv>
            </TextLine>
            <TextLine id="tr_1_tl_8" custom="readingOrder {index:7;}">
                <Coords points="576,1620 3709,1704 3658,1537 572,1517"/>
                <Baseline points="596,1593 686,1599 775,1599 865,1605 955,1605 1044,1605 1134,1605 1223,1611 1313,1611 1402,1611 1492,1611 1581,1617 1671,1617 1760,1623 1850,1623 1939,1623 2029,1629 2119,1629 2208,1629 2298,1629 2387,1629 2477,1629 2566,1629 2656,1629 2745,1635 2835,1635 2924,1635 3014,1635 3103,1635 3193,1635 3282,1641 3372,1647 3462,1647 3551,1647 3641,1647 3718,1659"/>
                <TextEquiv>
                    <Unicode>Sie gefiel ihm besonders gut. Dass sie nicht mehr allzu jung war,</Unicode>
                </TextEquiv>
            </TextLine>
            <TextLine id="tr_1_tl_9" custom="readingOrder {index:8;}">
                <Coords points="568,1779 3681,1878 3681,1704 3546,1672 564,1676"/>
                <Baseline points="590,1754 680,1754 770,1760 859,1760 949,1760 1038,1766 1128,1766 1217,1766 1307,1766 1396,1766 1486,1772 1575,1772 1665,1772 1754,1778 1844,1778 1933,1778 2023,1784 2113,1784 2202,1784 2292,1784 2381,1784 2471,1784 2560,1784 2650,1790 2739,1790 2829,1790 2918,1796 3008,1796 3097,1790 3187,1796 3276,1796 3366,1796 3456,1802 3545,1802 3635,1802 3688,1802"/>
                <TextEquiv>
                    <Unicode>vielleicht schon dreissig, und auch, dass sie aller Wahrscheinlich-</Unicode>
                </TextEquiv>
            </TextLine>
            <TextLine id="tr_1_tl_10" custom="readingOrder {index:9;}">
                <Coords points="544,1958 3705,2025 3701,1866 544,1811"/>
                <Baseline points="567,1904 656,1910 746,1916 835,1916 925,1916 1014,1922 1104,1922 1193,1922 1283,1922 1372,1922 1462,1927 1551,1927 1641,1927 1731,1933 1820,1933 1910,1933 1999,1933 2089,1933 2178,1939 2268,1939 2357,1939 2447,1939 2536,1939 2626,1939 2715,1945 2805,1945 2894,1945 2984,1945 3074,1945 3163,1945 3253,1951 3342,1957 3432,1957 3521,1957 3611,1957 3700,1957 3712,1963"/>
                <TextEquiv>
                    <Unicode>keit nach, ein ernsteres Herzenserlebnis hinter sich hatte, empfand</Unicode>
                </TextEquiv>
            </TextLine>
        </TextRegion>
        <TextRegion id="tr_2" custom="readingOrder {index:1;}">
            <Coords points="405,2021 3593,2021 3593,3860 405,3860"/>
            <TextLine id="tr_2_tl_1" custom="readingOrder {index:0;}">
                <Coords points="540,2109 3566,2156 3562,2045 3435,2005 540,1998"/>
                <Baseline points="561,2071 650,2071 740,2071 829,2071 919,2077 1008,2077 1098,2077 1187,2077 1277,2077 1366,2083 1456,2083 1545,2083 1635,2089 1725,2089 1814,2089 1904,2095 1993,2095 2083,2095 2172,2095 2262,2095 2351,2101 2441,2101 2530,2107 2620,2101 2709,2101 2799,2101 2889,2101 2978,2107 3068,2107 3157,2107 3247,2113 3336,2113 3426,2119 3515,2119 3575,2119"/>
                <TextEquiv>
                    <Unicode>er als weitere Vorzüge ihrer Person. Am Abend sassen sie lang</Unicode>
                </TextEquiv>
            </TextLine>
            <TextLine id="tr_2_tl_2" custom="readingOrder {index:1;}">
                <Coords points="520,2236 3558,2311 3522,2144 520,2121"/>
                <Baseline points="543,2220 632,2226 722,2226 811,2226 901,2226 990,2232 1080,2232 1169,2232 1259,2238 1349,2238 1438,2238 1528,2244 1617,2244 1707,2244 1796,2244 1886,2250 1975,2250 2065,2250 2154,2250 2244,2250 2333,2250 2423,2256 2512,2256 2602,2256 2692,2262 2781,2262 2871,2256 2960,2256 3050,2262 3139,2268 3229,2268 3318,2268 3408,2274 3497,2274 3563,2280"/>
                <TextEquiv>
                    <Unicode>in der Halle zusammen; sie planderten wie alte Freunde, so dass</Unicode>
                </TextEquiv>
            </TextLine>
            <TextLine id="tr_2_tl_3" custom="readingOrder {index:2;}">
                <Coords points="508,2395 3530,2478 3526,2315 508,2256"/>
                <Baseline points="531,2375 620,2381 710,2381 799,2381 889,2381 978,2387 1068,2387 1157,2387 1247,2387 1337,2393 1426,2393 1516,2393 1605,2399 1695,2399 1784,2399 1874,2399 1963,2399 2053,2405 2142,2405 2232,2405 2321,2405 2411,2411 2501,2411 2590,2411 2680,2417 2769,2417 2859,2417 2948,2417 3038,2417 3127,2417 3217,2423 3306,2423 3396,2423 3485,2429 3539,2447"/>
                <TextEquiv>
                    <Unicode>einander endlich mit Verwunderung fragten,warum sie am Meeres-</Unicode>
                </TextEquiv>
            </TextLine>
            <TextLine id="tr_2_tl_4" custom="readingOrder {index:3;}">
                <Coords points="496,2609 3542,2657 3570,2486 492,2403"/>
                <Baseline points="519,2530 608,2536 698,2536 787,2536 877,2536 966,2536 1056,2542 1146,2542 1235,2548 1325,2548 1414,2548 1504,2548 1593,2548 1683,2554 1772,2554 1862,2560 1951,2554 2041,2560 2130,2560 2220,2566 2310,2566 2399,2566 2489,2566 2578,2572 2668,2572 2757,2572 2847,2566 2936,2572 3026,2572 3115,2578 3205,2578 3294,2578 3384,2578 3473,2584 3563,2584 3581,2584"/>
                <TextEquiv>
                    <Unicode>strand wie Fremde, ja, wie sie sich gegenseitig gestanden, anfangs</Unicode>
                </TextEquiv>
            </TextLine>
            <TextLine id="tr_2_tl_5" custom="readingOrder {index:4;}">
                <Coords points="488,2740 3582,2820 3578,2665 3237,2617 484,2597"/>
                <Baseline points="507,2692 596,2692 686,2692 775,2692 865,2698 955,2698 1044,2698 1134,2698 1223,2703 1313,2703 1402,2703 1492,2703 1581,2709 1671,2709 1760,2709 1850,2709 1939,2709 2029,2715 2119,2715 2208,2721 2298,2721 2387,2721 2477,2721 2566,2721 2656,2721 2745,2727 2835,2727 2924,2727 3014,2733 3103,2739 3193,2739 3282,2739 3372,2739 3462,2739 3551,2733 3593,2733"/>
                <TextEquiv>
                    <Unicode>sogar mit einer Art von Antipathie aneinander vorbeigegangen va-</Unicode>
                </TextEquiv>
            </TextLine>
            <TextLine id="tr_2_tl_6" custom="readingOrder {index:5;}">
                <Coords points="473,2915 496,2915 512,2899 544,2923 600,2867 655,2863 683,2879 711,2855 735,2855 735,2772 683,2772 655,2756 635,2776 623,2764 600,2784 588,2772 560,2776 516,2740 469,2744"/>
                <Baseline points="489,2841 578,2847 668,2847 746,2847"/>
                <TextEquiv>
                    <Unicode>ren.</Unicode>
                </TextEquiv>
            </TextLine>
            <TextLine id="tr_2_tl_7" custom="readingOrder {index:6;}">
                <Coords points="862,2903 917,2903 945,2923 989,2891 1033,2907 1052,2895 1092,2931 1120,2903 1144,2903 1144,2784 1116,2792 1092,2780 933,2788 909,2768 862,2768"/>
                <Baseline points="883,2847 972,2847 1062,2847 1152,2847"/>
                <TextEquiv>
                    <Unicode>1.</Unicode>
                </TextEquiv>
            </TextLine>
            <TextLine id="tr_2_tl_8" custom="readingOrder {index:7;}">
                <Coords points="413,3034 445,3034 473,3058 520,3014 568,3022 584,3010 627,3026 659,3014 687,3038 739,3014 774,3038 806,3038 806,2931 715,2951 667,2903 588,2915 564,2903 536,2927 508,2899 492,2911 477,2895 413,2915"/>
                <Baseline points="435,2996 459,2990 549,2990 638,2990 728,2996 817,2990"/>
                <TextEquiv>
                    <Unicode>dee</Unicode>
                </TextEquiv>
            </TextLine>
            <TextLine id="tr_2_tl_9" custom="readingOrder {index:8;}">
                <Coords points="989,3042 3526,3117 3522,2963 3368,2939 985,2927"/>
                <Baseline points="1008,3002 1098,3002 1187,3008 1277,3008 1366,3014 1456,3014 1545,3014 1635,3014 1725,3020 1814,3020 1904,3020 1993,3020 2083,3020 2172,3026 2262,3026 2351,3026 2441,3032 2530,3032 2620,3032 2709,3032 2799,3032 2889,3038 2978,3038 3068,3038 3157,3038 3247,3044 3336,3044 3426,3050 3515,3080 3533,3074"/>
                <TextEquiv>
                    <Unicode>"Wir haben viel nachzuholen", sagte Robert und er füg-</Unicode>
                </TextEquiv>
            </TextLine>
            <TextLine id="tr_2_tl_10" custom="readingOrder {index:9;}">
                <Coords points="461,3181 3546,3288 3542,3125 3439,3106 461,3082"/>
                <Baseline points="483,3151 573,3157 662,3157 752,3157 841,3157 931,3157 1020,3163 1110,3163 1199,3163 1289,3169 1378,3169 1468,3169 1557,3169 1647,3175 1736,3175 1826,3181 1916,3175 2005,3175 2095,3181 2184,3181 2274,3181 2363,3187 2453,3187 2542,3193 2632,3187 2721,3187 2811,3187 2900,3187 2990,3193 3080,3193 3169,3193 3259,3199 3348,3193 3438,3199 3527,3205 3557,3205"/>
                <TextEquiv>
                    <Unicode>te hinzu: "in den paar Tagen hier heroben." - Sie sah eine Weile</Unicode>
                </TextEquiv>
            </TextLine>
            <TextLine id="tr_2_tl_11" custom="readingOrder {index:10;}">
                <Coords points="381,3332 3443,3395 3439,3280 3292,3252 381,3221"/>
                <Baseline points="405,3300 495,3306 584,3312 674,3312 764,3312 853,3312 943,3318 1032,3318 1122,3324 1211,3318 1301,3324 1390,3324 1480,3324 1569,3330 1659,3330 1748,3330 1838,3336 1927,3330 2017,3336 2107,3336 2196,3336 2286,3342 2375,3342 2465,3342 2554,3342 2644,3342 2733,3348 2823,3348 2912,3348 3002,3348 3091,3348 3181,3354 3271,3354 3360,3360 3450,3360"/>
                <TextEquiv>
                    <Unicode>vor sich hin, plötzlich mit einer ihr eigenen raschen Bewegung</Unicode>
                </TextEquiv>
            </TextLine>
            <TextLine id="tr_2_tl_12" custom="readingOrder {index:11;}">
                <Coords points="425,3534 3483,3574 3479,3423 421,3384"/>
                <Baseline points="447,3462 537,3468 626,3468 716,3468 805,3473 895,3473 984,3473 1074,3479 1163,3479 1253,3479 1343,3479 1432,3479 1522,3485 1611,3485 1701,3485 1790,3491 1880,3491 1969,3491 2059,3497 2148,3497 2238,3497 2327,3503 2417,3503 2506,3503 2596,3503 2686,3503 2775,3503 2865,3503 2954,3503 3044,3503 3133,3503 3223,3509 3312,3509 3402,3509 3491,3515 3497,3509"/>
                <TextEquiv>
                    <Unicode>warf sie den Kopf nach der Seite und liess das Gespräch harmlos</Unicode>
                </TextEquiv>
            </TextLine>
            <TextLine id="tr_2_tl_13" custom="readingOrder {index:12;}">
                <Coords points="413,3673 532,3709 639,3693 707,3713 810,3713 882,3661 1068,3673 1064,3562 997,3530 901,3570 631,3511 540,3550 484,3530 413,3542"/>
                <Baseline points="435,3623 525,3623 614,3623 704,3629 793,3629 883,3629 972,3635 1062,3641 1074,3641"/>
                <TextEquiv>
                    <Unicode>weitergehen.</Unicode>
                </TextEquiv>
            </TextLine>
            <TextLine id="tr_2_tl_14" custom="readingOrder {index:13;}">
                <Coords points="782,3808 3439,3908 3435,3741 3296,3713 778,3705"/>
                <Baseline points="799,3790 889,3790 978,3790 1068,3790 1157,3790 1247,3790 1337,3790 1426,3790 1516,3796 1605,3796 1695,3802 1784,3802 1874,3802 1963,3808 2053,3808 2142,3808 2232,3814 2321,3814 2411,3814 2501,3814 2590,3814 2680,3814 2769,3814 2859,3814 2948,3820 3038,3820 3127,3826 3217,3826 3306,3826 3396,3838 3450,3850"/>
                <TextEquiv>
                    <Unicode>Nachts träunte Robert von der armen Klavierlehrerin,</Unicode>
                </TextEquiv>
            </TextLine>
        </TextRegion>
        <TextRegion id="tr_3" custom="readingOrder {index:2;}">
            <Coords points="352,3889 3497,3889 3497,4958 352,4958"/>
            <TextLine id="tr_3_tl_1" custom="readingOrder {index:0;}">
                <Coords points="401,4027 3241,4055 3237,3900 3141,3880 401,3824"/>
                <Baseline points="423,3939 513,3939 602,3939 692,3939 781,3939 871,3945 961,3945 1050,3951 1140,3951 1229,3951 1319,3951 1408,3951 1498,3957 1587,3957 1677,3957 1766,3957 1856,3957 1945,3963 2035,3963 2124,3963 2214,3969 2304,3969 2393,3969 2483,3969 2572,3969 2662,3969 2751,3975 2841,3975 2930,3969 3020,3975 3109,3975 3199,3981 3247,3999"/>
                <TextEquiv>
                    <Unicode>mit der er seinen letzten Wiener Abend verbracht hatte. Er</Unicode>
                </TextEquiv>
            </TextLine>
            <TextLine id="tr_3_tl_2" custom="readingOrder {index:1;}">
                <Coords points="381,4126 3491,4182 3487,4015 381,4011"/>
                <Baseline points="405,4100 495,4094 584,4094 674,4100 764,4100 853,4100 943,4106 1032,4106 1122,4106 1211,4106 1301,4106 1390,4112 1480,4112 1569,4112 1659,4118 1748,4118 1838,4124 1927,4124 2017,4124 2107,4124 2196,4124 2286,4124 2375,4130 2465,4130 2554,4130 2644,4136 2733,4136 2823,4142 2912,4142 3002,4142 3091,4142 3181,4142 3271,4142 3360,4142 3450,4142 3497,4142"/>
                <TextEquiv>
                    <Unicode>sohritt mit ihr einen Waldpfad hin,denselben, den er in jener Ab-</Unicode>
                </TextEquiv>
            </TextLine>
            <TextLine id="tr_3_tl_3" custom="readingOrder {index:2;}">
                <Coords points="353,4277 3391,4372 3387,4206 3288,4198 353,4146"/>
                <Baseline points="376,4255 465,4255 555,4255 644,4255 734,4255 823,4255 913,4261 1002,4255 1092,4261 1181,4261 1271,4267 1360,4267 1450,4273 1540,4273 1629,4279 1719,4279 1808,4279 1898,4285 1987,4279 2077,4285 2166,4285 2256,4285 2345,4285 2435,4285 2524,4285 2614,4285 2703,4291 2793,4291 2883,4291 2972,4291 3062,4291 3151,4297 3241,4297 3330,4297 3396,4309"/>
                <TextEquiv>
                    <Unicode>schiedstunde mit Alberta gegangen war. Sie hielt die Hände in</Unicode>
                </TextEquiv>
            </TextLine>
            <TextLine id="tr_3_tl_4" custom="readingOrder {index:3;}">
                <Coords points="361,4436 3463,4515 3463,4368 3312,4349 357,4273"/>
                <Baseline points="382,4411 471,4411 561,4411 650,4411 740,4417 829,4417 919,4423 1008,4423 1098,4417 1187,4423 1277,4423 1366,4429 1456,4429 1545,4429 1635,4429 1725,4434 1814,4434 1904,4434 1993,4434 2083,4434 2172,4440 2262,4440 2351,4440 2441,4446 2530,4446 2620,4446 2709,4452 2799,4446 2889,4452 2978,4452 3068,4446 3157,4452 3247,4452 3336,4452 3426,4458 3473,4458"/>
                <TextEquiv>
                    <Unicode>den Taschen ihres langen Regenmantels und sehr rasch, ohne Robert</Unicode>
                </TextEquiv>
            </TextLine>
            <TextLine id="tr_3_tl_5" custom="readingOrder {index:4;}">
                <Coords points="357,4642 3471,4658 3467,4531 3181,4503 353,4468"/>
                <Baseline points="376,4566 465,4566 555,4572 644,4572 734,4572 823,4572 913,4578 1002,4584 1092,4584 1181,4584 1271,4584 1360,4590 1450,4590 1540,4590 1629,4590 1719,4590 1808,4596 1898,4596 1987,4596 2077,4596 2166,4596 2256,4596 2345,4596 2435,4602 2524,4596 2614,4602 2703,4608 2793,4602 2883,4608 2972,4608 3062,4608 3151,4614 3241,4614 3330,4614 3420,4614 3479,4620"/>
                <TextEquiv>
                    <Unicode>nur anzusehen, sprach sie völlig unverständliche Worte ins Leere.</Unicode>
                </TextEquiv>
            </TextLine>
            <TextLine id="tr_3_tl_6" custom="readingOrder {index:5;}">
                <Coords points="349,4750 3447,4817 3407,4646 349,4642"/>
                <Baseline points="370,4721 459,4721 549,4727 638,4727 728,4733 817,4733 907,4733 996,4739 1086,4745 1175,4745 1265,4745 1354,4745 1444,4745 1534,4745 1623,4751 1713,4751 1802,4751 1892,4751 1981,4751 2071,4751 2160,4751 2250,4757 2339,4763 2429,4763 2518,4763 2608,4763 2698,4769 2787,4769 2877,4775 2966,4775 3056,4781 3145,4775 3235,4775 3324,4775 3414,4775 3456,4769"/>
                <TextEquiv>
                    <Unicode>Er aber wusste, dass dies eigentlich keinen Spasiergang zu bedeu-</Unicode>
                </TextEquiv>
            </TextLine>
            <TextLine id="tr_3_tl_7" custom="readingOrder {index:6;}">
                <Coords points="330,4976 3348,5024 3304,4813 330,4797"/>
                <Baseline points="352,4882 441,4888 531,4888 620,4894 710,4888 799,4894 889,4900 978,4900 1068,4900 1157,4906 1247,4900 1337,4900 1426,4906 1516,4906 1605,4906 1695,4912 1784,4912 1874,4912 1963,4912 2053,4912 2142,4912 2232,4924 2321,4924 2411,4924 2501,4930 2590,4936 2680,4936 2769,4936 2859,4942 2948,4942 3038,4942 3127,4942 3217,4936 3306,4936 3348,4948"/>
                <TextEquiv>
                    <Unicode>ten hatte, sondern seinen eigenen Lebensweg, ja sein allmählich</Unicode>
                </TextEquiv>
            </TextLine>
        </TextRegion>
    </Page>
</PcGts>
