4264 5380
1844 426 2076 624 -71—
624 730 3786 945 sich einbildete, Robert hätte der Ungetreuen aus Rache ein schlei-
628 920 3689 1078 chendes Gift eingegeben. Und was half es, selber gesund zu sein,
1553 1009 2185 1119 bei ses gestörten
612 1050 3632 1269 wenn die Welt von Wahnsinnigen wimmelt? Jetzt fehlte nur noch,
576 1220 3729 1378 dass das arne Geschöpf, mit der er vor ein paar Wochen einen trüb-
568 1346 3734 1536 seligen Liebesabend verbracht, an den Resten des mitgenommen Mahls
559 1508 3567 1735 erkrankt oder gar gestorben wäre. Wie sollte er sich dann von
563 1662 3624 1885 dem Verdacht des Giftmordes reinigen,-insbesondere,wenn man zu-
531 1816 3685 2031 gleich von irgend einer anderen Seite mit wahnwitsigen Anschuldi-
527 2015 2209 2181 gungen gegen ihn heranträte?
515 2112 782 2303 komne
1017 2153 3693 2298 Ein Kollege aus dem Ministerium begrüsste ihn und hielt
515 2294 3636 2465 ihn durch gleichgültige Fragen in der abendlich belebten Strasse
503 2444 3636 2659 eine Weile fest, Robert stand Rede und Antwort, machte sogar eine
499 2611 3584 2809 spasshafte Bemerkung über den Baron Prähtner,und als der Andere
499 2748 3600 2975 wieder verschwunden war, blickte Robert,wie aus einem bösen Traun
491 2911 3673 3097 erwacht,rings um sich her. Menschen gingen an ihm vorüber, elektri-
474 3061 3612 3251 sche Lampen leuchteten rechts und links, aus der gleissenden Helle
466 3227 3571 3405 wuchsen die Häuser zum dunklen Nachthimmel auf. Das Gefühl einer
430 3377 3648 3547 ungeheueren Verlassenheit überkam Robert mit einem Mal. Und plötz-
430 3555 3482 3705 lich, erlösend, fied ihm ein, dass Paula auf der Welt und dass er
426 3697 3592 3892 nicht mehr allein war. Rette mich, murmelte er vor sich hin, un-
397 3843 3511 4070 willkürlich mit gefalteten Händen, als wäre es ein Gebet an sie.
385 4013 3648 4224 Und er warf einen Blick empor, als flüchteten am nächtlichen Himmel
373 4155 3454 4329 die sinnlosen Wahngedanken in das Nichts zurück, aus dem sie ge-
353 4293 1086 4500 kommen waren.
2570 4333 3340 4536 Neu des reimsten.
3097 4512 3304 4674 le reste des
2619 4771 3571 5014 Notenheft zukleppte.
