4360 5380
1758 306 2000 601 —80-
609 625 3689 911 sein konnte. Und er erwog,ob nicht Otto, dem eigenen Scharfblick
593 843 3624 1056 gerade in diesem Falle nicht völlig vertrauend, seinen Kollegen
597 931 3745 1177 ersucht hatte Robert unauffällig zu beobachten. Eines war sicher,
589 1157 3689 1310 dass die Beiden, Otto und der Professor, nachher eine Weile in ei-
580 1262 3560 1512 ner Fensternische sich angelegentlich miteinander unterhalten
564 1439 3632 1693 hatten. Und einmal hatte von der Nische her Otto den Bruder mit
576 1641 3616 1826 einem flüchtigen Blick gestreift und gleich wieder weggeschaut.
1105 1762 3584 2000 Von plötzlicher Unruhe gepackt schaltete Robert das
552 1911 3656 2108 Licht ein,sprang aus dem Bett und trat vor den Spiegel. Das Ant-
552 2052 3656 2310 litz,das ihm entgegensah,mit fahlen Wangen,weitaufgerissenen Au-
552 2262 3733 2447 gen und zerrauftem Haar,einen fremden Zug um die Lippen,erschreck-
544 2391 3624 2632 te ihn tief. War das überhaupt sein Gesicht? Ja, das war es wohl,
532 2572 3604 2782 aber so, wie es sich Einem offen baren musste, dem es gegeben war
508 2653 3672 2886 hinter den gepflegten Masken des Alltags das echte, das wahrhafti-
504 2886 3632 3080 ge zu erkennen,in das die die Spuren all der Aengste eingegraben
508 3040 3749 3209 waren, die ihn sein halbes Leben lang verfolgt und endlich durch die
492 3144 3499 3346 Welt gejagt hatten. Wenn auch ihre Macht in den letzten Wochen
480 3294 3511 3499 gemildert schien,- seiner Umgebung musste das keineswegs ebenso
472 3475 3640 3701 einleuchtend sein wie ihm selbst, und es war sehr naheliegend, dass
472 3620 3491 3810 Otto, der seit Jahren eine ernstere Nervenerkrankung,vielleicht
460 3785 3499 3959 den Ausbruch einer Geistesstörung bei ihm befürchtet hatte, ihn
456 3918 3535 4104 fortdauernd beobachtete und beobachten liess. Dem Professor war
431 4080 3556 4346 er noch niemals im Hause des Bruders begegnet, das man ihn heute
435 4301 3543 4450 geladen hatte, das konnte kein Zufall sein. Gewiss war Otto beun-
431 4422 3503 4660 ruhigt, hatte Sorge um ihn und in diesen guten Tagen mehr als je
411 4551 3600 4801 suvor. Gerade jetzt, da Roberts Schicksal äusserlich und innerlich
419 4717 3378 5011 eine günstigere Wendung zu nehmen begann, da er zum ersten Mal
