4712 5572
2146 386 2362 695 -13—
972 707 4069 980 wie einer ganz plötzlichen unwiderstehlichen Eingebung folgend,
967 906 4004 1126 stellte Robert die Forderung an den Bruder, dieser möge, wenn er
972 1049 4138 1297 irgend einmal, sei es morgen oder in ferner Zukunft,die Vorzeichen
980 1183 4037 1431 einer Geisteskrankheit an ihm entdecke, ihn ohneweiters auf eine
976 1362 4171 1585 rasche und schmerzlose Weise, wie sie dem Arzte ja eimmer zu Gebote
980 1484 4081 1740 stünde,vom Leben zum Tode befördern. Otto verspottete ihn zuerst
325 1585 541 1764 5,4
976 1638 4215 1935 als xxxx unverbesserlichen Hypochonder,Robert aber gab nicht
951 1817 4134 2093 nach und erklärte, dass brüderliche Liebe einen solchen Dienst nie
963 1955 4138 2195 und nimmer verweigern dürfe, da ja in jedem andern Fall der Kranke
955 2098 4134 2346 selbst nach Belieben seinen Leiden ein Ende machen könnte, während
963 2313 3902 2545 eine Geistesstörung den Menschen zum willenlosen Sklaven des
943 2423 4158 2679 Schicksals erniedere. Otto brach unmutig das Gespräch ab. Im Laufe
963 2585 4000 2878 der nächsten Wochen aber kam Robert mit solcher Beharrlichkeit
955 2772 4118 3008 immer wieder auf seine Forderung zurück, unterstützte sie mit so
963 2915 4008 3142 ruhig vorgebrachten und eigentlich unwidersprechlichen Gründen,
947 3106 4093 3305 dass Otto, um nur das unleidliche Geschwätz endlich los zu werden,
943 3232 4211 3492 sich das erbetene Wort entreissen liess. Doch auch damit gab Robert
951 3390 3902 3695 sich noch nicht zufrieden; er schrieb an seinen Bruier einen
915 3532 4032 3797 Brief, darin er ihm trocken, geradezu geschäftsmässig, den Empfang
927 3719 4134 3943 jenes Versprechens bestätigte und ihm überdies riet, diese Bestäti-
939 3854 3959 4122 gung sorgfältig aufzubewahren,um sich vielleicht später einmal
927 4016 4167 4248 Anklägern oder äweiflern gegenüber mit der unwiderleglichen Recht-
939 4207 4077 4390 fertigung einer notwendigen Tat ausweisen zu können. Nach Absen-
935 4317 4158 4573 dung seines Briefes fühlte Robert sich beruhigt, und es war von nun
939 4488 4037 4744 an, wie im gegenseitigen Einverständnis,zwischen den Brüdern von
919 4654 4098 4898 jener Abmachung mit keinem Worte, ja nicht einmal andeutungsweise,
919 4809 4049 5073 mehr die Rede gewesen. Robert aber fühlte sich wie von einen Baa
