5064 5476
4052 85 4246 283 J
2521 432 2788 618 -106-
1398 719 4436 921 du aber -? Ist denn auch Alberta hier?" - "Das - das weiss ich
1374 893 4448 1103 nicht. Ich glaube es nicht recht. Wahrscheinlich ist sie drüben
1382 1038 4343 1244 geblieben. Vielleicht hat er sie längst umgebracht." - "Umge-
1374 1216 4367 1370 bracht?" Sie starrte ihn an. - Er erwiederte sachlich. "Warum
1366 1378 4509 1543 nicht? Sowas kann sich ja ereignen,ohne dass es irgendwer erfährt
1370 1523 4452 1713 oder auch nur vermutet. Uebrigens kommt das für uns nicht in Be-
1370 1689 4484 1846 tracht. Wir wollen annehmen, dass sie lebt.“ Er lachte. "Für mich,
1366 1818 4484 2016 und wie ich hoffen möchte auch ein wenig für dich, ist nur wesent-
1349 2008 4444 2161 lich, dass e r da ist und es auf mich abgesehen hat. Heut Nacht
1357 2141 4606 2339 bin ich ihm entkommen, es ist mir gelungen ins Tor hineinzuschlüpfen,
1357 2319 4383 2477 ohne dass er mich bemerkt hat. Die halbe Nacht ist er unten hin
1337 2481 4274 2638 und her spaziert.-vielleicht noch länger,ich weiss nicht, denn
1333 2622 4347 2780 ich habe mich endlich schlafen gelegt." - "Und heute Morgens?"
1345 2767 4254 2949 war er nicht zu sehen, Vorläufig. Und er denkt sich, dass ich
1301 2897 4331 3091 ihm doch nicht entwischen kann. Aber darin soll er sich irren.
1301 3083 4286 3260 Ich reise ab. Und du begleitest mich." Er fasste sie ins Auge,
1293 3228 4331 3414 sie nickte nur. "Von der Reise aus leite ich alles Weitere ein.
1285 3406 4234 3579 Das wird nicht sonderlich schwer sein. Aber auf ein paar Tage
1281 3523 4335 3729 oder Wochen will ich von hier verschwinden, denn es wäre doch lä-
1269 3672 4416 3895 cherlich sich einem Irreinnigen einfach auszuliefern. Oder hältst
1260 3822 4355 4032 du das etwa für Feigheit?" - "Was fällt dir ein".- "Und du musst
1244 3996 4222 4198 mit, Paula, du musst mit mir kommen. Deiner Mutter darfst du es
1236 4153 4391 4351 natürlich nicht vorher sagen. Du schreibst ihr ein Wort vom Bahn-
1232 4319 4303 4517 hof aus, das genügt. - Nun Paula, warum antwortest du nicht? Reut
1212 4509 4290 4674 es dich doch -?" - „Was sollte mich reuen?” - “Dass du mir ver-
1208 4650 4295 4856 sprochen hast mit mir zu reisen. Spieh nur, gesteh. Jetzt regen
1212 4771 4270 4989 sich doch gewisse bürgerliche Bedenken-?" - Was fällt dir ein.
