4248 5380
1665 282 1907 540 —68—
597 681 3721 871 verklingende Melodie rettete. Die Frauen schwiegen, nachdem er ge-
580 810 3681 1040 endet; er sah sie nicht, da sie hinter ihm in einer Ecke des Zim-
552 955 3681 1137 mers sassen, doch er fühlte, dass ihnen sein Spiel gefallen hatte.
564 1129 3636 1314 Paula erhob sich, trat zu ihm und fragte ihn, ob ihm selbst ein
564 1290 3548 1467 guter Flügel zu Gebote stände. "Ich habe einen vortrefflichen
556 1427 3543 1677 gehabt“, erwiederte er. „Aber im vorigen Frühjahr habe ich ihn,
552 1604 3523 1774 sowie manches andere, verkauft. Sobald ich wieder eine Wohnung
528 1758 3693 1935 nehme,schaffe ich mir einen neuen an. Vorläufig hause ich nämlich
520 1907 3681 2088 noch immer im Gasthof." In den Augen Paulas schimmerte ein leisee
516 2060 3749 2253 Lächeln auf, und er wusste,was es zu bedeuten hatte. In einem Blick,
544 2213 790 2310 darin
516 2253 3620 2407 in dem sie sich begegneten, wurde das Einverständnis zwischen ihr
492 2346 3689 2556 und ihm über allen Zweifel hinaus klar,und als er sich verabschie-
496 2528 3507 2745 dete, sagte Paulas Händedruck noch deutlicher als es ihre Worte
480 2677 2693 2850 ausgesprochen hatten: Kommen Sie bald wieder.
1012 2834 3455 3003 Wie ist es nur zu verstehen, fragte er sich auf der
460 2967 3523 3233 Strasse, dass ich ihrer in den letzten Tagen mit solcher Gleich-
456 3128 3604 3334 gültigkeit gedacht habe, ja, dass sie neulich wie in einer Verklei-
460 3306 3410 3479 dung durch meine Gedanken schwebte und ich diesem Maakenbild
435 3455 3459 3660 gerade zu feindselig gegenüberstand? Es war wie eine unbewusste
427 3616 3523 3862 Scheu, ja, eine Angst, mich ihr wieder zu nähern; denn tief in mir
435 3761 3636 3959 schlummert offenbar noch die Furcht, dass es ihr als meiner Gelieb-
419 3926 3572 4124 ten, als meiner Frau ebenso ergehen könnte wie Anderen, die ich ge-
399 4072 3439 4237 liebt habe. Wie Andern? Und er riss sich gleich wieder zurück.
399 4225 3511 4406 Wie ist es Ihnen dann ergangen? Ich habe ihnen ja nichts zuleide
391 4390 3572 4616 Get an: darüber besteht nicht der geringste Zweifel mehr. Und doch
379 4584 3443 4749 laufen meine Gedanken immer aufs Neue nach dieser Richtung hin,
371 4713 3330 4910 ohne Sinn und Zweck, wie auf ein totes Geleise. Auf eiin totes
379 4878 3398 5067 Geleise, wiederholte er. Ja, das ist es. Und das Vergleichswert,
