4264 5396
1689 436 1921 676 -49-
648 728 3713 972 nach so langer Zeit—? Plötzlich sah er sein eigenes Porträt vor
648 908 3693 1092 sich mit Ueberzieher, Zylinder und Stock, so wie er sich in Wirk-
628 1096 3653 1280 lichkeit niemals hatte photographieren lassen; ganz in der Art
624 1256 3665 1448 eines nachlässig vervielfältigten Bildes in einer Tageszeitung,
616 1400 3629 1637 und darunter las er mit grossen Lettern die Worte: Ein neuer
608 1568 3673 1729 Blaubart. Er roch das Papier und die Druckerschwärze. Gleich da-
604 1725 3745 1889 rauf sah er sich vor Gericht stehen als Angeklagter. Er leugnete.
572 1845 3725 2029 Er schwor zu Gott, dass er niemals einen Menschen umgebracht habe,
576 2033 3617 2253 Es ist nur ein Wahn von mir, meine Herren Geschworenen. Wie darf
552 2193 3497 2369 man mich denn wegen eines Wahns vor Gericht stellen? Ich bin
552 2325 3521 2557 krank, meine Herren Geschworenen, aber ich bin kein Verbrecher.
544 2465 3725 2681 Die Umstände sprechen gegen mich. Forschen Sie nach, meine Herren.
524 2665 3557 2857 Alberta ist in Amerika verheiratet und meine Frau war herslei-
528 2825 3641 2985 dend. Sie ist eines natürlichen Todes gestorben. Und wie,schrill-
508 2969 3593 3157 te plötzlich eine hohe Stimme, erklären Sie sich,Angeklagter, dass
500 3097 3505 3285 Ihre Geliebte unter welkem Laube im Walde tot gefunden wurde?-
484 3281 3493 3441 Man hat sie tot gefunden? Dann hat sic ein Anderer umgebracht.
468 3421 3649 3657 Der Amerikaner hat es getan.- Sie verwickeln sich in Widersprüche,
460 3597 3541 3781 Angeklagter. Haben Sie uns nicht selbst erzählt, dass dieser Ame-
452 3757 3557 3949 rikaner sich um Ihre Geliebte bewarb und dass Sie mit ihr in den
428 3877 3517 4057 Wald spasierten, während der Amerikaner im Hotel zurückbliebt Sie
420 4065 3461 4229 erzählten uns ferner, dass das Klavierspiel Ihrer Gattin Sie zur
416 4181 3409 4429 Verzweiflung brachte und dass Sie sich längst mit Mordgedanken
404 4373 3469 4529 getragen hatten.- Ich habe nichts erzählt, man legt mir Dinge in
396 4517 3381 4725 den Mund, die ich nie gesagt habe, Ich bin unschuldig. Ich kann
376 4669 3589 4910 keiner Fliege Mein Haar kommen.- Ein dröhnendes Lachen geht durch
356 4830 3265 5102 das ganze Auditorium, dass alle Fenster klirren. Ich bitte um
