4264 5380
1768 368 2006 558 -64-
593 641 1626 851 beginnekden Lähmung.“
1040 756 3660 993 "Keine Spur davon. Einbildung. Und durch deine wieder-
558 934 3723 1199 holten Versuche die Bewegungsfähigkeit deines Lids zu prüfen, hast
550 1124 3521 1385 du dir jetzt dieses Zucken angewöhnt. Denk nicht mehr dran, so
522 1246 1946 1436 wird es von selber aufhören,
969 1377 3565 1610 Der Wagen hielt vor dem Hotel. "Ah, wir sind schon da."
526 1539 3565 1784 sagte Robert "Willst du dir nicht einmal mein Zimmer ansehen,
522 1729 1788 1907 Otto? Es ist sehr hübsch."
969 1863 3600 2077 Nächstens einmal gern, heut hab' ich leider keine Zeit
479 2065 3442 2239 mehr. Morgen sieht man dich ja hoffentlich wieder. Und - ich
463 2223 3418 2394 bitte dich - werd' einmal vernünftig! Zeit wär's ja." Und er
463 2362 2860 2556 schüttelte Robert zum Abschied herzlich die Hand.
934 2532 3485 2726 Robert war sumute, als wäre ihm eine schwere Last von
439 2647 3565 2872 der Seele genommen worden. Ottos Worte hat ten ihn für den Augen-
427 2845 3565 3066 blick nicht nur von der leisen, ohnedies fast schon geschwundenen
419 2999 3533 3173 Besorgnis bezüglich seines Augenlids völlig, sondern auch von al-
404 3137 3141 3339 len anderen Angstgebilden wie durch Zauberkraft befreit.
1531 3430 1749 3640 10.
400 3561 934 3786 U.Ed.
898 3723 3351 3952 Eine Reihe von guten Tagen brach für Robert an. Er
340 3917 3446 4126 nahm seine Berufsarbeiten mit Eifer auf, pflegte einen angenehm-
1602 4063 2065 4174 den alten,
336 4075 3470 4332 serstreuenden Verkehr mit alten Bekannten und fand sich täglich
344 4269 3517 4471 für ein Stündhhan im Hause des Bruders ein,wo er mit den Kindern
305 4411 3339 4593 scherste und mit Marianne plauderte. Als diese einmal darüber
305 4569 3398 4751 klagte, dass Otto trotz seiner angestrengten Praxis sich auch in
301 4736 3307 4910 seiner wissenschaftlichen Tätigkeit keine Unterbrechung gönne,
