4952 5476
2367 459 2613 768 -24--
1202 684 4299 960 hinauf? Zum hundertsten, zum tausendsten Male? Und immer wieder?
1219 960 4449 1127 Wie oft war sie der arme Höhnburg hinaufgegangen zu seiner gelieb-
1181 1098 4395 1306 ten Schauspielerin? Und ginger sie immer noch und musste sie ewig
1194 1265 4412 1432 gehen -? Zum Teufel mit den unsinnigen Gedanken! Jedenfalls woll-
1190 1398 4541 1590 te sie nicht enden, diese Treppe. In welche Finsternis verdor sich der
1190 1565 4203 1732 Gang? Jäh war die Beleuchtung im Stiegenhaus verlöscht. Robert
1177 1720 4245 1903 schrak zusammen. Aber er fasste sich, entzündete ein Streichholz
1177 1853 4487 2066 und leuchtete sich so bis zur Türe, Als er sie hinter sich geschlos-
1177 2012 4311 2216 sen und das Zimmerlicht eingeschaltet hatte,atmete er auf,
1164 2191 2517 2383 wie einer Gefahr entronnen.
1194 2383 1402 2550 e een
1745 2776 4445 2988 Mit einem aufgetakelten Segelbost,sowie einem Schlacht-
1177 2834 1415 3005 Sijnde
1148 2968 4403 3134 schiff,die er beide soeben in einem Spielwarengeschäft in dankbarer
1131 3118 4353 3314 Erinnerung an seinen Aufenthalt am Meer erstanden,tratoor am näch-
1131 3281 4303 3456 sten Tag in das Zimmer seiner Neffen, eines neunjährigen und eines
1127 3406 4299 3640 sechsjährigen Knaben, die dem Oheim und den Geschenken einen freu-
1114 3581 4366 3798 digen Empfang bereiteten. Eben war er daran den Kindern ohne beson-
1119 3731 4311 3915 dere Fachkenntnisse, aber höchst gemeinverständlich, die Bauart der
1098 3923 4178 4103 kleinen Modelle zu erläutern, als die Mutter mit vielen kleinen
1094 4049 4174 4245 Paketen heimkehrte, und den Schwager aufs Herzlichste willkommen
1081 4195 4199 4395 hiess. Mit ihrem gewohnten spöttisch-vergnügten Lächeln hat sie
1081 4387 4353 4541 ihn sich in seinen technischen Erörterungen nicht stören zu lassen.
1081 4516 4241 4754 Gleich nach ihr, wie in einer Vorschnung von Roberts Besuch, zu frü-
1077 4691 4190 4896 herer Stunde als gewöhnlich, trat Otto ein, noch im Ueberrock und
1081 4846 4337 5113 mit der schwarsledernen Instrumententasche. Sein Haar und sein Bart
