<?xml version="1.0" encoding="UTF-8" standalone="yes"?>
<PcGts xmlns="http://schema.primaresearch.org/PAGE/gts/pagecontent/2013-07-15" xmlns:xsi="http://www.w3.org/2001/XMLSchema-instance" xsi:schemaLocation="http://schema.primaresearch.org/PAGE/gts/pagecontent/2013-07-15 http://schema.primaresearch.org/PAGE/gts/pagecontent/2013-07-15/pagecontent.xsd">
    <Metadata>
        <Creator>prov=READ-COOP:name=TrHtr:version=2.1.0:model_id=51170:date=15_08_2023_05:31</Creator>
        <Created>2023-05-10T15:06:43.461+02:00</Created>
        <LastChange>2023-08-15T05:31:22.389+02:00</LastChange>
        <TranskribusMetadata docId="1428799" pageId="55430469" pageNr="42" tsid="132839453" status="IN_PROGRESS" userId="64420" imgUrl="https://files.transkribus.eu/Get?id=ENIFXUSRYZNXHMGTKYHHLQLH&amp;fileType=view" xmlUrl="https://files.transkribus.eu/Get?id=EMYRNNNWXVLOUGLQPHWUZRGK" imageId="44704541"/>
    </Metadata>
    <Page imageFilename="1428799_0042.jpg" imageWidth="4232" imageHeight="5396">
        <ReadingOrder>
            <OrderedGroup id="ro_1711805284315" caption="Regions reading order">
                <RegionRefIndexed index="0" regionRef="tr_3"/>
                <RegionRefIndexed index="1" regionRef="tr_2"/>
                <RegionRefIndexed index="2" regionRef="tr_1"/>
            </OrderedGroup>
        </ReadingOrder>
        <TextRegion id="tr_3" custom="readingOrder {index:0;}">
            <Coords points="596,546 3766,546 3766,1884 596,1884"/>
            <TextLine id="tr_3_tl_1" custom="readingOrder {index:0;}">
                <Coords points="1565,611 1624,627 1659,662 1699,642 1746,650 1825,623 1872,646 1908,646 1908,516 1852,524 1805,489 1774,497 1750,481 1691,516 1565,520"/>
                <Baseline points="1587,602 1677,596 1766,596 1856,602 1916,608"/>
                <TextEquiv>
                    <Unicode>—42—</Unicode>
                </TextEquiv>
            </TextLine>
            <TextLine id="tr_3_tl_2" custom="readingOrder {index:1;}">
                <Coords points="627,1009 3287,930 3661,1048 3756,1017 3756,757 623,705"/>
                <Baseline points="650,907 740,907 829,907 919,907 1008,907 1098,907 1187,907 1277,907 1366,913 1456,913 1545,913 1635,913 1725,919 1814,913 1904,913 1993,913 2083,913 2172,919 2262,919 2351,919 2441,919 2530,919 2620,919 2709,919 2799,919 2889,919 2978,919 3068,925 3157,925 3247,925 3336,925 3426,925 3515,931 3605,925 3694,931 3766,943"/>
                <TextEquiv>
                    <Unicode>sind Herr Sektionsrat! Aber bitte sich nicht aufhalten zu lassen,</Unicode>
                </TextEquiv>
            </TextLine>
            <TextLine id="tr_3_tl_3" custom="readingOrder {index:2;}">
                <Coords points="623,1174 1131,1194 1194,1135 1667,1151 1667,1021 1569,993 1379,1025 824,981 623,1013"/>
                <Baseline points="644,1062 734,1062 823,1068 913,1068 1002,1068 1092,1068 1181,1068 1271,1068 1360,1068 1450,1068 1540,1068 1629,1074 1677,1074"/>
                <TextEquiv>
                    <Unicode>ich komme schon nach.</Unicode>
                </TextEquiv>
            </TextLine>
            <TextLine id="tr_3_tl_4" custom="readingOrder {index:3;}">
                <Coords points="1123,1226 3654,1261 3654,1135 3374,1076 1695,1064 1123,1147"/>
                <Baseline points="1146,1223 1235,1223 1325,1223 1414,1223 1504,1223 1593,1229 1683,1229 1772,1229 1862,1229 1951,1229 2041,1229 2130,1229 2220,1229 2310,1229 2399,1229 2489,1229 2578,1229 2668,1229 2757,1229 2847,1235 2936,1235 3026,1235 3115,1235 3205,1235 3294,1235 3384,1235 3473,1241 3563,1241 3653,1247 3664,1247"/>
                <TextEquiv>
                    <Unicode>Paula schlug sofort ein lebhaftes Tempo ein und ohne</Unicode>
                </TextEquiv>
            </TextLine>
            <TextLine id="tr_3_tl_5" custom="readingOrder {index:4;}">
                <Coords points="591,1375 3681,1442 3677,1281 3409,1249 591,1324"/>
                <Baseline points="614,1372 704,1372 793,1372 883,1372 972,1372 1062,1378 1152,1378 1241,1378 1331,1378 1420,1378 1510,1384 1599,1384 1689,1384 1778,1390 1868,1384 1957,1384 2047,1384 2136,1378 2226,1384 2315,1384 2405,1384 2495,1384 2584,1384 2674,1384 2763,1390 2853,1390 2942,1390 3032,1390 3121,1390 3211,1390 3300,1396 3390,1396 3479,1396 3569,1396 3659,1396 3688,1402"/>
                <TextEquiv>
                    <Unicode>Rücksicht auf die stattgehabte Unterbrechung fuhr sie fort: "Das</Unicode>
                </TextEquiv>
            </TextLine>
            <TextLine id="tr_3_tl_6" custom="readingOrder {index:5;}">
                <Coords points="579,1596 3559,1604 3594,1423 579,1490"/>
                <Baseline points="602,1534 692,1534 781,1534 871,1534 961,1534 1050,1534 1140,1534 1229,1534 1319,1540 1408,1540 1498,1540 1587,1540 1677,1540 1766,1540 1856,1540 1945,1545 2035,1545 2124,1545 2214,1540 2304,1540 2393,1545 2483,1545 2572,1545 2662,1545 2751,1545 2841,1545 2930,1545 3020,1545 3109,1545 3199,1545 3288,1545 3378,1551 3468,1551 3557,1551 3605,1551"/>
                <TextEquiv>
                    <Unicode>pflegt der Papa nämlich immer zu tun, wenn er sehr intensiv und</Unicode>
                </TextEquiv>
            </TextLine>
            <TextLine id="tr_3_tl_7" custom="readingOrder {index:6;}">
                <Coords points="587,1758 3606,1762 3661,1565 587,1624"/>
                <Baseline points="608,1689 698,1689 787,1689 877,1689 966,1689 1056,1695 1146,1689 1235,1695 1325,1689 1414,1689 1504,1695 1593,1695 1683,1701 1772,1701 1862,1701 1951,1701 2041,1701 2130,1701 2220,1701 2310,1701 2399,1695 2489,1701 2578,1701 2668,1701 2757,1701 2847,1701 2936,1701 3026,1701 3115,1701 3205,1701 3294,1707 3384,1707 3473,1713 3563,1713 3653,1719 3670,1713"/>
                <TextEquiv>
                    <Unicode>mit besonders schwierigen Dingen beschäftigt ist." - "Was pflegt</Unicode>
                </TextEquiv>
            </TextLine>
            <TextLine id="tr_3_tl_8" custom="readingOrder {index:7;}">
                <Coords points="579,1915 3480,1900 3587,1880 3587,1730 575,1789"/>
                <Baseline points="596,1838 686,1844 775,1844 865,1844 955,1844 1044,1844 1134,1850 1223,1850 1313,1844 1402,1850 1492,1850 1581,1850 1671,1850 1760,1850 1850,1850 1939,1850 2029,1856 2119,1856 2208,1856 2298,1856 2387,1856 2477,1856 2566,1856 2656,1856 2745,1856 2835,1856 2924,1856 3014,1856 3103,1862 3193,1862 3282,1862 3372,1862 3462,1862 3551,1868 3593,1874"/>
                <TextEquiv>
                    <Unicode>er dann zu tun?“ fragte Robert.- "Er schickt uns fort. Er kann</Unicode>
                </TextEquiv>
            </TextLine>
        </TextRegion>
        <TextRegion id="tr_2" custom="readingOrder {index:1;}">
            <Coords points="483,1949 3641,1949 3641,3746 483,3746"/>
            <TextLine id="tr_2_tl_1" custom="readingOrder {index:0;}">
                <Coords points="575,2065 3606,2065 3606,1876 575,1931"/>
                <Baseline points="596,1999 686,1999 775,1999 865,1999 955,1999 1044,2005 1134,2005 1223,1999 1313,2005 1402,2005 1492,2011 1581,2011 1671,2011 1760,2011 1850,2011 1939,2011 2029,2011 2119,2011 2208,2011 2298,2011 2387,2011 2477,2011 2566,2011 2656,2011 2745,2017 2835,2017 2924,2011 3014,2017 3103,2017 3193,2011 3282,2017 3372,2017 3462,2017 3551,2023 3617,2023"/>
                <TextEquiv>
                    <Unicode>dann niemanden - ganz besonders niemenden von seiner Familie in</Unicode>
                </TextEquiv>
            </TextLine>
            <TextLine id="tr_2_tl_2" custom="readingOrder {index:1;}">
                <Coords points="556,2231 3563,2219 3618,2093 2451,2018 2128,2109 556,2101"/>
                <Baseline points="578,2148 668,2148 758,2148 847,2154 937,2154 1026,2154 1116,2154 1205,2160 1295,2160 1384,2160 1474,2166 1563,2166 1653,2160 1742,2160 1832,2166 1922,2166 2011,2166 2101,2166 2190,2166 2280,2166 2369,2166 2459,2166 2548,2166 2638,2166 2727,2166 2817,2172 2906,2172 2996,2172 3085,2172 3175,2172 3265,2172 3354,2172 3444,2172 3533,2178 3623,2172 3629,2172"/>
                <TextEquiv>
                    <Unicode>der Nähe vertragen.” - "Sonderbar“,sagte Robert.- "Warum sonder¬</Unicode>
                </TextEquiv>
            </TextLine>
            <TextLine id="tr_2_tl_3" custom="readingOrder {index:2;}">
                <Coords points="544,2384 3520,2384 3555,2207 544,2254"/>
                <Baseline points="567,2304 656,2304 746,2310 835,2304 925,2310 1014,2310 1104,2315 1193,2315 1283,2315 1372,2315 1462,2315 1551,2315 1641,2315 1731,2321 1820,2315 1910,2321 1999,2321 2089,2321 2178,2321 2268,2321 2357,2321 2447,2321 2536,2321 2626,2321 2715,2321 2805,2321 2894,2321 2984,2327 3074,2321 3163,2321 3253,2327 3342,2327 3432,2327 3521,2327 3563,2327"/>
                <TextEquiv>
                    <Unicode>bar?" entgegnete Paula. "Ich begreife es sehr gut." Und sie er¬</Unicode>
                </TextEquiv>
            </TextLine>
            <TextLine id="tr_2_tl_4" custom="readingOrder {index:3;}">
                <Coords points="556,2495 1411,2574 1679,2479 3527,2522 3464,2388 2578,2325 2014,2416 552,2384"/>
                <Baseline points="573,2459 662,2459 752,2459 841,2465 931,2465 1020,2465 1110,2465 1199,2465 1289,2465 1378,2465 1468,2471 1557,2471 1647,2471 1736,2471 1826,2471 1916,2471 2005,2471 2095,2477 2184,2477 2274,2477 2363,2477 2453,2477 2542,2483 2632,2477 2721,2483 2811,2477 2900,2477 2990,2477 3080,2483 3169,2483 3259,2483 3348,2489 3438,2483 3527,2489 3533,2489"/>
                <TextEquiv>
                    <Unicode>wähnte eines berühmt gewordenen Prozesses,in dem ihr Vater vor</Unicode>
                </TextEquiv>
            </TextLine>
            <TextLine id="tr_2_tl_5" custom="readingOrder {index:4;}">
                <Coords points="520,2617 1344,2716 1785,2633 3630,2668 3630,2554 3421,2511 520,2546"/>
                <Baseline points="543,2614 632,2614 722,2620 811,2620 901,2620 990,2620 1080,2620 1169,2620 1259,2620 1349,2620 1438,2626 1528,2626 1617,2626 1707,2632 1796,2632 1886,2632 1975,2632 2065,2632 2154,2632 2244,2632 2333,2632 2423,2632 2512,2632 2602,2632 2692,2632 2781,2638 2871,2638 2960,2638 3050,2638 3139,2638 3229,2638 3318,2638 3408,2644 3497,2644 3587,2644 3641,2650"/>
                <TextEquiv>
                    <Unicode>drei Jahren plädiert und wider allgemeines Erwarten seinem Klien-</Unicode>
                </TextEquiv>
            </TextLine>
            <TextLine id="tr_2_tl_6" custom="readingOrder {index:5;}">
                <Coords points="504,2853 3594,2834 3594,2684 3468,2664 504,2684"/>
                <Baseline points="525,2763 614,2769 704,2775 793,2775 883,2769 972,2769 1062,2775 1152,2775 1241,2775 1331,2775 1420,2775 1510,2781 1599,2781 1689,2781 1778,2781 1868,2781 1957,2781 2047,2781 2136,2781 2226,2781 2315,2787 2405,2787 2495,2787 2584,2787 2674,2787 2763,2787 2853,2787 2942,2787 3032,2787 3121,2787 3211,2793 3300,2793 3390,2793 3479,2799 3569,2799 3605,2799"/>
                <TextEquiv>
                    <Unicode>ten, einem Millionenkridatar, zu einem Freispruch verholfen hatte.</Unicode>
                </TextEquiv>
            </TextLine>
            <TextLine id="tr_2_tl_7" custom="readingOrder {index:6;}">
                <Coords points="497,2944 3358,3007 3283,2794 497,2889"/>
                <Baseline points="519,2918 608,2924 698,2924 787,2924 877,2924 966,2924 1056,2930 1146,2930 1235,2930 1325,2930 1414,2930 1504,2930 1593,2930 1683,2930 1772,2936 1862,2936 1951,2936 2041,2936 2130,2936 2220,2936 2310,2942 2399,2936 2489,2942 2578,2942 2668,2942 2757,2942 2847,2942 2936,2942 3026,2942 3115,2942 3205,2948 3294,2948 3366,2954"/>
                <TextEquiv>
                    <Unicode>Auch damals hatte er Frau und Tochter auf Reisen geschickt,</Unicode>
                </TextEquiv>
            </TextLine>
            <TextLine id="tr_2_tl_8" custom="readingOrder {index:7;}">
                <Coords points="1009,3086 3567,3133 3563,2976 3401,2952 1801,2948 1659,3035 1005,3043"/>
                <Baseline points="1032,3085 1122,3085 1211,3085 1301,3085 1390,3085 1480,3091 1569,3091 1659,3091 1748,3091 1838,3091 1927,3091 2017,3091 2107,3091 2196,3097 2286,3097 2375,3097 2465,3097 2554,3097 2644,3097 2733,3097 2823,3103 2912,3103 3002,3103 3091,3103 3181,3097 3271,3103 3360,3103 3450,3103 3539,3109 3575,3103"/>
                <TextEquiv>
                    <Unicode>Robert wunderte sich stillschweigend. Er war der Mei-</Unicode>
                </TextEquiv>
            </TextLine>
            <TextLine id="tr_2_tl_9" custom="readingOrder {index:8;}">
                <Coords points="485,3236 3078,3267 3523,3358 3480,3125 485,3181"/>
                <Baseline points="507,3235 596,3235 686,3241 775,3235 865,3235 955,3235 1044,3241 1134,3241 1223,3241 1313,3241 1402,3241 1492,3247 1581,3247 1671,3247 1760,3247 1850,3247 1939,3247 2029,3253 2119,3247 2208,3253 2298,3253 2387,3253 2477,3253 2566,3253 2656,3253 2745,3253 2835,3253 2924,3253 3014,3259 3103,3259 3193,3259 3282,3265 3372,3265 3462,3265 3533,3265"/>
                <TextEquiv>
                    <Unicode>nung, dass eigentlich jede Arbeit viel leichter vonstatten gehen</Unicode>
                </TextEquiv>
            </TextLine>
            <TextLine id="tr_2_tl_10" custom="readingOrder {index:9;}">
                <Coords points="461,3504 891,3401 3610,3472 3539,3311 3110,3271 461,3342"/>
                <Baseline points="483,3390 573,3390 662,3390 752,3390 841,3396 931,3396 1020,3396 1110,3396 1199,3396 1289,3396 1378,3396 1468,3402 1557,3402 1647,3402 1736,3402 1826,3402 1916,3402 2005,3408 2095,3414 2184,3408 2274,3414 2363,3408 2453,3414 2542,3414 2632,3408 2721,3408 2811,3414 2900,3414 2990,3414 3080,3414 3169,3420 3259,3420 3348,3420 3438,3420 3527,3420 3617,3420"/>
                <TextEquiv>
                    <Unicode>müsste, wenn man solch ein klaräugiges kluges Wesen zur Seite hat-</Unicode>
                </TextEquiv>
            </TextLine>
            <TextLine id="tr_2_tl_11" custom="readingOrder {index:10;}">
                <Coords points="469,3646 757,3618 962,3661 1033,3630 1596,3654 1592,3504 1545,3492 465,3496"/>
                <Baseline points="489,3551 578,3551 668,3551 758,3551 847,3551 937,3551 1026,3551 1116,3557 1205,3557 1295,3557 1384,3557 1474,3557 1563,3563 1605,3569"/>
                <TextEquiv>
                    <Unicode>te, wie Paula eines war.</Unicode>
                </TextEquiv>
            </TextLine>
            <TextLine id="tr_2_tl_12" custom="readingOrder {index:11;}">
                <Coords points="981,3717 3374,3768 3370,3579 3165,3559 981,3571"/>
                <Baseline points="1002,3712 1092,3712 1181,3712 1271,3712 1360,3712 1450,3718 1540,3718 1629,3718 1719,3718 1808,3718 1898,3718 1987,3718 2077,3718 2166,3718 2256,3724 2345,3718 2435,3724 2524,3724 2614,3724 2703,3724 2793,3730 2883,3730 2972,3736 3062,3730 3151,3736 3241,3730 3330,3736 3384,3736"/>
                <TextEquiv>
                    <Unicode>Sie fragte nach Roberts Bruder und Schwägerin, die</Unicode>
                </TextEquiv>
            </TextLine>
        </TextRegion>
        <TextRegion id="tr_1" custom="readingOrder {index:2;}">
            <Coords points="387,3811 3575,3811 3575,5018 387,5018"/>
            <TextLine id="tr_1_tl_1" custom="readingOrder {index:0;}">
                <Coords points="457,3949 3449,3925 3421,3748 1490,3721 1273,3819 457,3815"/>
                <Baseline points="477,3867 567,3861 656,3861 746,3861 835,3867 925,3867 1014,3867 1104,3867 1193,3873 1283,3873 1372,3873 1462,3873 1551,3873 1641,3873 1731,3873 1820,3879 1910,3879 1999,3879 2089,3879 2178,3879 2268,3879 2357,3879 2447,3879 2536,3879 2626,3879 2715,3879 2805,3879 2894,3885 2984,3885 3074,3885 3163,3885 3253,3891 3342,3891 3432,3891 3456,3885"/>
                <TextEquiv>
                    <Unicode>sie aus früherer Zeit flüchtig kannte. Nun habe sie seit lange</Unicode>
                </TextEquiv>
            </TextLine>
            <TextLine id="tr_1_tl_2" custom="readingOrder {index:1;}">
                <Coords points="426,4083 3378,4091 3405,3918 426,3929"/>
                <Baseline points="447,4017 537,4023 626,4023 716,4023 805,4029 895,4029 984,4029 1074,4029 1163,4029 1253,4029 1343,4029 1432,4029 1522,4029 1611,4035 1701,4029 1790,4035 1880,4035 1969,4035 2059,4035 2148,4041 2238,4041 2327,4041 2417,4041 2506,4041 2596,4041 2686,4041 2775,4041 2865,4041 2954,4041 3044,4041 3133,4041 3223,4047 3312,4041 3402,4047 3414,4041"/>
                <TextEquiv>
                    <Unicode>fast jeden gesellschaftlichen Verkehr aufgegeben, da sie nicht</Unicode>
                </TextEquiv>
            </TextLine>
            <TextLine id="tr_1_tl_3" custom="readingOrder {index:2;}">
                <Coords points="426,4276 1092,4182 3543,4249 3567,4063 426,4126"/>
                <Baseline points="447,4172 537,4178 626,4184 716,4184 805,4184 895,4184 984,4184 1074,4184 1163,4184 1253,4184 1343,4190 1432,4190 1522,4190 1611,4190 1701,4190 1790,4196 1880,4196 1969,4202 2059,4196 2148,4196 2238,4196 2327,4202 2417,4202 2506,4196 2596,4196 2686,4196 2775,4202 2865,4202 2954,4202 3044,4202 3133,4202 3223,4202 3312,4202 3402,4202 3491,4214 3575,4226"/>
                <TextEquiv>
                    <Unicode>die geringste Freude davon habe; Robert glaubte sich zu erinnern,</Unicode>
                </TextEquiv>
            </TextLine>
            <TextLine id="tr_1_tl_4" custom="readingOrder {index:3;}">
                <Coords points="2306,4280 2408,4300 2451,4296 2463,4284 2511,4304 2542,4284 2589,4288 2585,4201 2526,4217 2467,4213 2424,4249 2412,4249 2373,4209 2357,4213 2337,4197 2306,4205"/>
                <Baseline points="2327,4273 2417,4273 2506,4273 2596,4279"/>
                <TextEquiv>
                    <Unicode>Kolf</Unicode>
                </TextEquiv>
            </TextLine>
            <TextLine id="tr_1_tl_5" custom="readingOrder {index:4;}">
                <Coords points="418,4422 1348,4446 1513,4343 3342,4402 3429,4249 418,4280"/>
                <Baseline points="441,4333 531,4333 620,4339 710,4339 799,4339 889,4339 978,4339 1068,4339 1157,4339 1247,4345 1337,4339 1426,4345 1516,4345 1605,4345 1695,4345 1784,4351 1874,4351 1963,4351 2053,4351 2142,4351 2232,4351 2321,4357 2411,4357 2501,4357 2590,4357 2680,4351 2769,4351 2859,4357 2948,4357 3038,4357 3127,4357 3217,4363 3306,4363 3396,4363 3438,4363"/>
                <TextEquiv>
                    <Unicode>dass die musikalischen Abende im Hause Kostner in verflossenen</Unicode>
                </TextEquiv>
            </TextLine>
            <TextLine id="tr_1_tl_6" custom="readingOrder {index:5;}">
                <Coords points="402,4568 3472,4560 3531,4391 402,4430"/>
                <Baseline points="423,4500 513,4494 602,4494 692,4494 781,4494 871,4494 961,4500 1050,4500 1140,4506 1229,4506 1319,4500 1408,4506 1498,4506 1587,4506 1677,4512 1766,4506 1856,4506 1945,4506 2035,4506 2124,4506 2214,4512 2304,4512 2393,4512 2483,4512 2572,4512 2662,4512 2751,4518 2841,4512 2930,4518 3020,4518 3109,4518 3199,4518 3288,4518 3378,4524 3468,4524 3539,4518"/>
                <TextEquiv>
                    <Unicode>Jahren eines gewissen Rufs genossen und dass bei solchen Gelegen-</Unicode>
                </TextEquiv>
            </TextLine>
            <TextLine id="tr_1_tl_7" custom="readingOrder {index:6;}">
                <Coords points="2097,4599 2120,4595 2144,4615 2168,4611 2187,4619 2203,4603 2227,4603 2239,4615 2270,4603 2298,4623 2333,4619 2325,4528 2250,4521 2215,4532 2191,4521 2160,4525 2136,4509 2089,4525"/>
                <Baseline points="2119,4590 2208,4590 2298,4602 2339,4608"/>
                <TextEquiv>
                    <Unicode>habe</Unicode>
                </TextEquiv>
            </TextLine>
            <TextLine id="tr_1_tl_8" custom="readingOrder {index:7;}">
                <Coords points="406,4726 3575,4741 3571,4588 3453,4544 2550,4513 2388,4627 402,4568"/>
                <Baseline points="423,4649 513,4655 602,4655 692,4655 781,4655 871,4655 961,4661 1050,4661 1140,4661 1229,4661 1319,4661 1408,4661 1498,4661 1587,4661 1677,4667 1766,4667 1856,4667 1945,4667 2035,4667 2124,4673 2214,4673 2304,4673 2393,4673 2483,4673 2572,4673 2662,4673 2751,4673 2841,4673 2930,4673 3020,4673 3109,4679 3199,4679 3288,4679 3378,4679 3468,4685 3557,4673 3575,4673"/>
                <TextEquiv>
                    <Unicode>heiten Paula persönlich mitgewirkt hatte. Er hatte an diesen Aben-</Unicode>
                </TextEquiv>
            </TextLine>
            <TextLine id="tr_1_tl_9" custom="readingOrder {index:8;}">
                <Coords points="390,4895 3307,4871 3441,4852 3441,4722 390,4733"/>
                <Baseline points="411,4817 501,4811 590,4811 680,4811 770,4811 859,4817 949,4817 1038,4817 1128,4817 1217,4817 1307,4817 1396,4817 1486,4817 1575,4822 1665,4822 1754,4822 1844,4828 1933,4828 2023,4828 2113,4828 2202,4828 2292,4828 2381,4834 2471,4828 2560,4828 2650,4828 2739,4828 2829,4828 2918,4828 3008,4834 3097,4834 3187,4834 3276,4840 3366,4840 3450,4852"/>
                <TextEquiv>
                    <Unicode>den niemals teilgenommen. Hingegen vermochte Paula sich zu ent-</Unicode>
                </TextEquiv>
            </TextLine>
            <TextLine id="tr_1_tl_10" custom="readingOrder {index:9;}">
                <Coords points="367,5049 2388,5013 3023,5120 3338,5025 3338,4867 367,4891"/>
                <Baseline points="387,4978 477,4972 567,4972 656,4978 746,4978 835,4978 925,4978 1014,4978 1104,4978 1193,4978 1283,4978 1372,4984 1462,4978 1551,4984 1641,4984 1731,4984 1820,4984 1910,4984 1999,4984 2089,4990 2178,4984 2268,4984 2357,4990 2447,4990 2536,4990 2626,4990 2715,4990 2805,4990 2894,4990 2984,4990 3074,4996 3163,4996 3253,4996 3342,5008 3348,5008"/>
                <TextEquiv>
                    <Unicode>sinnen, dass sie den Herrn Sektionsrat vor Jahren - sie wusste</Unicode>
                </TextEquiv>
            </TextLine>
        </TextRegion>
    </Page>
</PcGts>
