5046 5572
1211 231 1705 519 G.H.P.
2310 412 2594 597 -114-
1211 667 4257 848 begegnete nur wenigen, meist bäuerisch gekleideten Menschen. In
1206 840 4319 992 der Alleam Fluss auf einer Bank sass der Kälte nicht acht end in
1198 963 4257 1173 enger Umschlingung ein junges Paar. Und jetzt erst, mit fliegen-
1194 1141 4257 1301 der Glut, kam ihm zu Bewusst sein, dass er die Geliebte erwartete.
1178 1276 4159 1474 In einer Stunde wird sie da sein, sagte er sich, und es ist mir
1182 1466 4146 1622 bis zu diesem Augenblick nicht recht zu Bewusstsein gekommen.
1165 1585 4315 1787 Wie wird alles licht sein, wenn ich sie wieder habe. Seit ich heu-
1169 1738 4257 1935 te Mittag von ihr Abschied nahm,ist doch alles wie ein Traum ge-
1157 1931 4266 2088 wesen,- mein ganzes Leben habe ich indess xxxxkxxxmmt durchge-
1153 2001 4463 2236 träumt, und darum scheint es mir auch so unendlich lange her, dass ich
1136 2186 4307 2384 Paula verlassen habe, länger fast als seit dem Tag,an dem ich hier
1153 2368 3558 2545 in dieser selben Allee mit Alberta spazieren ging.
1659 2524 4241 2672 Er überschritt die Brücke und bald darauf wandelte er
1141 2648 4266 2841 auf dem Perron längs der Geleise auf und ab. Weit hinaus ins pun-
1116 2816 4262 3002 kel liefen die schwarzen schnurgeraden Schienen ihre weisse Bahn.
1124 2998 4105 3162 Der Stationschef ging vorbei und grüsste höflich. Irgendwohar
1091 3138 4134 3323 kam ein Ton wie von singenden Drähten. Ganz nahe streckten die
1087 3290 4196 3463 Felsen sich ins Blau der Nacht. Velch ein Friede hier, dachte Ro-
1099 3434 4167 3615 bert. Am Ende kann doch noch alles gut werden? Ob in einem sol-
1087 3628 4142 3776 chen Frieden nicht auch Otto genesen könnte? Er muss wieder ge-
1075 3776 4270 3953 sund werden! Er muss! Hätte ich selber denn noch eine ruhige Stun-
1087 3912 4150 4097 de, ja vermöchte ich weiter zu atmen, wenn er nicht wieder gesund
1066 4052 4229 4274 würde? Und er wusete, dass kein Mensch auf Erden lebte, der ihm teu-
1038 4233 4134 4426 erer war als Otto,-fühlte wieder einmal,dass es kein Verhältnis
1050 4402 4035 4587 von so innerster, naturgewollter Beständigkeit gab, als das von
1033 4542 4146 4715 Bruder zu Bruder, dass es tiefer mit den Wurzeln alles Seins ver-
1033 4682 4060 4900 schlungen war, als das zu Eltern, Kindern und Geliebten; und er
1025 4892 4113 5065 war entschlossen, des Verhängnisses Herr zu werden, das diese ge-
