4971 5508
2473 462 2753 703 -104-
1309 690 4468 949 treten war. Und er bebte vor Scham und Angst in dem Gedanken, dass
1304 940 4409 1110 seine ganze Umgebung schon längst vor ihm als vor einem Geistes-
1287 1071 4426 1304 gestörten gewarnt sein mochte.- Ja, vielleicht war Otto in dieser
1292 1254 4502 1419 Stunde bei Paula und senkte in ihr Herz den Keim des furchtbarsten
1283 1393 4332 1575 Misstrauens,um dann,wenn die Tat vollbracht war,gerechtfertigt,
1279 1546 4214 1741 ja als Helfer, als Erlöser, vor ihr und den Andern dazustehen.
1774 1677 4341 1918 "Was ist Ihnen?“ fragte der Baron nochmals und legte
1279 1859 2782 2067 die Hand auf Roberts Schulter.
1749 1974 4375 2185 Eine rasche Ueberlegung sagte Robert, dass er sich aufs
1266 2185 4324 2338 Aeusserste zusammennehmen müsste, um einen gefährlichen Verdacht
1266 2321 4400 2503 nicht zu trügerischer Gewissheit werden zu lassen. Er strich sich
1254 2490 4260 2681 über die Stirn und erwiederte ruhig: "Nichts.Herr Baron, nichts
1258 2609 4265 2829 weiter als ein Kopfschmerz, ein fliegender Schmerz.der mich, wie
1262 2778 4387 2977 zur Erinnerung an meine nervösen Zustände, vom vorigen Jahr, manch-
1254 2905 4142 3100 mal zu überkommen pflegt. Es ist auch schon wieder vorüber."
1745 3075 4290 3286 Sichtlich erleichtert atmete der Baron auf. "Nun, das
1232 3227 4337 3430 ist ja gut," sagte er, "Wir wollen hoffen, dass auf dem Land auch
1232 3409 3828 3587 diese letzten Mahnungen endgültig schwinden werden..."
1741 3566 4324 3723 "Oh, ich bedarf keiner Erholung, Herr Baron, keineswegs.
1194 3718 4303 3900 Der kurze Urlaub, den Herr Baron so gütig sind mir zu bewilligen,
1190 3871 4265 4053 soll wirklich nur dazu dienen meinen Entwurf, mit dessen letzter
1194 4002 4451 4214 fassung ich Ihre Geduld schon über Gebühr in Anspruch nehme, endlich
1025 4163 4430 4447 abzuschliessen.“ Und mit einigen knappen und klaren Worten ergänste
1194 4362 4188 4536 er seine Ausführungen von vorher. Befriedigt nickte der Baron,
847 4451 1042 4684 Pf.
1190 4510 4409 4701 und als Robert ihn endlich verliess, schien er den kleinen Zwischen-
1169 4688 2952 4841 fall vollkommen vergessen zu haben.
