5064 5460
1183 160 1364 289 V. 11.
2667 148 3165 361 G.C.R.S.
4071 136 4497 389 G.H.F.P.
2547 417 2860 590 -105-
1392 670 2503 927 du aber -? Ist dann aus
2619 678 2852 931 16.
1380 878 2379 1087 nicht. Ich glaube es
2086 1043 4597 1235 Die Mittagsglocken läuteten durch die Stadt, während
1352 1195 4525 1356 Robert auf dem kürzesten Weg zu Paula eilte. Sie sohien erstaunt,
1364 1348 4489 1524 sogar ein wenig erschrocken, als sie ihn zu so ungewohnter Stunde
1356 1512 4392 1681 in ihr helles Zimmer treten sah. Der heitere Ausdruck, denen er
1344 1685 4469 1845 seinen Mienen zu verleihen gewusst hatte, beruhigte sie sichtlich
1340 1817 4348 2014 und er erkannte sofort, dass sie wenigstens noch nicht vor ihm
1340 1982 4436 2158 gewarnt worden war. Für diesen Fall war er entschlossen gewesen
1340 2110 4340 2282 ihr sofort zu eröffnen, welch unheilvoller Wahn seines Bruders
1340 2254 4469 2471 Geist umfangen hielt; nun durfte er damit noch zuwarten und konn-
1340 2415 4432 2615 te im übrigen seinen Einfall von gestern für seine Zwecke weiter
1324 2623 4380 2776 nützen. Er umarmte sie zärtlich und in einem leidenschaftlichen
1304 2728 4288 2900 Ton. der ihr nicht mehr ungewohnt war, fragte er sie: "Könntest
1312 2908 4448 3093 du dich entschliessen mit mir fortzufahren?" - “Fort?” - "Hur für
1312 3065 4428 3245 ein paar Tage. Aufs Land." - "AufsLand? Mit - mit dir allein?"
1328 3205 4312 3381 "Ja, mit mir allein,mit mir ganz allein." Er zog sie an sich. -
1324 3361 4384 3534 "Ja, was ist denn geschehen", fragte sie mit grossen Augen.- "Vor-
1268 3518 4396 3726 läufig nichts. Ich habe dir doch gestern erzählt, dass der Ameri-
1256 3670 4404 3859 kaner hier ist. Heute kann ich dir mehr sagen. Er ist um meinet-
1268 3867 4477 4019 willen hier." - "Um deinetwillen,was soll das bedeuten?" - "Hichts
176 3915 357 4091 103
1252 3995 4420 4176 anderes, als dass er Schlimmes im Schilde führt." - "Schlimmes...?
1227 4132 4316 4320 Ich verstehe dich nicht." - "Gestern Nacht,als ich gerade ins
144 4208 341 4440 Sudar
1231 4308 4396 4497 Tor meines Gasthofs treten wollte, sah ich ihn gegenüber in Schat-
1219 4448 4440 4641 ten der Kirche umherschleichen. Er hat mir aufgelauert, zweifellos.
1207 4633 4344 4797 Du wirst fragen warum? Die Sache ist so einfach wie möglich. Bi-
1219 4769 4348 5002 fersucht. Nachträglich erwachte Mifersuchte." - "Worans schließt
