4264 5396
1608 411 1862 641 -40-
580 705 3773 847 Anzahl solcher völlig ins Dunkel der Vergessenheit gerückter Stun-
593 806 3556 1024 den in sich fasste, warum sollte er den Mord an Brigitte nicht
580 1004 3584 1129 ebenso verübt haben,wie den an Albert?- Den an Alberta -? Was
560 1101 3620 1322 hatte denn Alberta damit zu tun? Er streckte die Hand nach der
560 1294 3471 1455 Lampe neben seinem Bett aus und schaltete ein. Ebenso rasch
540 1443 3608 1625 als sie ihn in der Finsternis überfallen,zerflatterten im hell-
528 1612 3527 1766 gewordenen Raum die Schreckgedanken in nichts. Er atmete auf.
528 1762 3624 1911 Was für eine Tollheit, dachte er, mir einzubilden, dass ich Brigit-
520 1895 3600 2112 te vergiftet habe. Das gute, sanfte, heute noch geliebte Geschöpf.
508 2080 3507 2253 Erzählte ich, dachte er weiter, meinem Freunde Leinbach von den
492 2221 3612 2419 Geppenstern dieser Nacht,was fände er mir zu erwidern? Vor allem
496 2370 3503 2548 wohl, dass er für seinen Teil von den meisten verstorbenen Men-
480 2532 3640 2717 sehen seiner Bekanntschaft sich zuweilen einbildet, sie umgebracht
472 2681 3499 2838 zu haben,-ferner, dass es an Ende keinen besonderen Unterschied
456 2834 3475 3003 bedeute,philosophisch betrachtet,ob man jemanden wirklich töte
443 3011 3507 3152 oder ihm nur den Tod wünsche,- endlich, dass wir eigentlich alle
435 3144 3374 3338 mehr oder weniger Mordgesellen seien; und dass er von seinem
419 3302 3491 3491 Standpunkt es mir auch gar nicht übel nähme, wenn ich sowohl Al-
407 3467 3644 3636 berta als Brigitte wirklich umgebracht hätte. Kann ich dich, Freund
391 3616 3495 3789 Leinbach? Aber du sollst keine Gelegenheit haben deinen Witz an
387 3781 3552 3979 mir zu probieren. Es ist immerhin sicherer von solchen Einbildun-
379 3943 3483 4152 gen auch seinen nächsten Freunden nichts zu verraten. Ich werde
359 4108 3390 4277 auch Otto nichts davon sagen. Nein, nein, so leicht soll es Euch
359 4257 1423 4507 nicht gemacht werden.
822 4402 3366 4608 Während die Lampe weiter brannte kam allmählich der
327 4499 1181 4745 Schlaf über ihn.-
