4232 5380
1757 491 1977 635 -61-
663 751 3722 958 Otto sah seinen Bruder freundlich-spöttisch von der Seite
551 931 3714 1094 an. "Was waren denn das für Ideen,wenn man fragen darf?" - "Nicht
551 1082 3662 1278 der Rede wert... sie waren so dumm,wie es eben Zwangsvorstellun-
555 1242 3646 1394 gen zu sein pflegen.“ - „Ha,willet du mir nicht was davon erzäh-
539 1378 3630 1570 len,"sagte Otto mild.- "Also denke dir," begann Robert etwas un-
539 1526 3582 1737 sicher, "dass ich mich zum Beispiel längere Zeit hindurch nicht
515 1721 3570 1921 entechliessen konnte das Wasser zu geniessen, das mir abends ins
503 1869 3534 2049 Zimmer gestellt wurde, in der Befürchtung, dass irgendwer, sei es
491 2021 3518 2165 nun jemand vom Dienstpersonal oder ein anderer Gast,dem Wasser
495 2169 3546 2396 irgend eine schädliche oder magar tötliche Substanz beigemischt
479 2352 1174 2524 haben könnte."
982 2456 1566 2680 "Nun und -?"
435 2632 3546 2804 Das ging so weit, dass ich in manchen Nächten, wenn es
447 2760 3582 2951 mir nicht möglich war mir ein anderes Getränk zu verschaffen, lie-
447 2955 3443 3131 ber den quälendsten Durst litt, als einen Tropfen zu trinken."
431 3095 1338 3287 "Und -?"
419 3271 723 3403 Worin
915 3223 3534 3471 "Ja, was willst du noch wissen? Diese Einbildungen oder
383 3391 3574 3578 Wahnideen, wenn du willst, sind natürlich wieder spurlos verschwun-
399 3542 1562 3770 den,wie andere vorher."
555 3734 751 3850 hte
879 3694 3562 3890 "Selbst verständlich. Aber ich frage dich, ob du aus dei-
343 3838 3558 4066 nen Befürchtungen irgendwelche logische Folgerungen gezogen hast?
351 4042 3507 4217 Ob du - einmal wenigstens - das dir verdächtige Wasser hast ohe-
343 4205 3503 4365 misch untersuchen lassen? Ob du deinen Verdacht gelegentlich auf
331 4373 3387 4545 bestimmte Personen gerichtet und eine Anzeige erstattet hast!“
867 4509 3511 4733 “Das allerdings nicht. Aber darauf konnt es wohl nicht
2444 4681 3351 4840 gibt, dass ich nicht
843 4800 3435 4996 „Gewiss konnt es darauf an, mein Lieber. Ob eine soge-
