4840 5556
2993 222 3433 407 1.10.m.?
3839 218 4091 448 ...
2075 490 2276 658 -9—
993 713 4225 993 Zug das Singen der Räder, mit dem es sich vermischte und in dem es
1006 876 3998 1153 sich endlich für den mählich Entschlummernden völlig verlor.
2959 1358 3185 1563 G.C.F.P.
1241 1412 1505 1597 Hilfe
1622 1505 4200 1773 Als Robert in strömendem Regen am Bahnhof in den Wa-
1006 1647 4166 1949 gen stieg,gab er dem Kutscher zuerst die Adresse seiner früheren
1002 1811 4120 2096 Wohnung,die er vor der Abreise aufgegeben hatte; dann erst,sich
1014 1924 4158 2242 besinnend,nannte er den Namen eines alten Gasthofes,in dem er Quar-
1023 2121 4162 2406 tier bestellt hatte. Hinter einer Kirche zwischen hohen disteren
1014 2242 4078 2569 Häusern der inneren Stadt gelegen,bot er nicht den freundlich-
1002 2452 4275 2754 festlichen Anblick dar,mit dem neuentstandene den Anlangenden will-
1014 2590 4288 2879 kommen zu heissen pflegen; Robert aber hatte gerade diesen gewählt,
1014 2749 4216 3022 nicht nur, weil seine Geldmittel, wenn auch noch leidlich zusammen-
1023 2913 4078 3194 gehalten,ihm einen längeren Aufenthalt in einer der moderneren
432 2913 629 3085 dans
1014 3055 4292 3319 Fremdenherbergen nicht gestatteten, sondern auch, weil er gerade hier
1014 3198 4283 3470 in einem Zimmer des vierten Stockwerks vor vielen Jahren in Gesell-
1018 3353 4078 3634 schaft eines längst verstorbenen Freundes, dessen Geliebte hier
1014 3462 4195 3822 wohnte, manche fröhliche Stunde verbracht hatte. In seiner Erinne-
1035 3692 4187 3957 rung hatte er das Bild des Gasthofes sonderbarerweise wie das ei-
1014 3864 4170 4112 nes kleinen alten Palastes aufbewahrt; und suchte nun vergeblich
1010 3977 4380 4300 nach den Spuren verblichener Pracht, die damals eine solche Täuschung
1014 4174 4036 4439 hervorgerufen oder begünstigt haben mochten. Weder gab es die
1023 4271 4204 4610 kunstreichen Zierrate an dem eisernen Treppengeländer, noch waren
1018 4443 4195 4833 an den Flurdecken die barocken Reliefe zu sehen, die er zu finden
1018 4636 4078 4916 erwartet hatte, und der Stiegenteppich, schmal und zerschlissen,
1039 4791 4221 5101 schimmerte in einem verblassten und ärmlichen Purpurrot. Doch das
