4328 5380
1680 454 1906 696 -84-
844 597 1417 836 tivierten xxx
665 685 3693 947 neuen und zwar einer journalistischen Laufbahn schien ihm sich
657 899 3697 1102 zu eröffnen. Und sein Brief gab Zeugnis von einer fast jugend
657 1071 3590 1266 lichen Hoffnungsfreudigkeit,ja von einer gewissen Reise- und
645 1202 3578 1413 Abenteuerlust,- eine Stimmung, die, wie Robert mit Verwunderung
645 1369 3809 1588 wahrnahm, der Gattin und der Tochter nicht nur verzeihlich, sondern
645 1544 3849 1695 vollkommen natürlich erschien. Robert entfernte sich bald mit der L.
581 1640 1055 1763 Bemerken
621 1648 3638 1898 Erklärung,eine Zusammenkunft mit Leinbach verabredet zu haben,
629 1811 2965 2050 den er seit seiner Verlobung nicht gesehen habe.
1130 1966 3733 2153 Er hatte den Freund ins Kaffeehaus beschieden, um sich
597 2133 772 2229 T
625 2125 3785 2360 bei dieser Gelegenheit auch den anderen Bekannten zu zeigen, denen
609 2292 3530 2519 sein langes Fernbleiben vielleicht sonderbar erschienen sein
593 2444 3578 2683 mochte. Sie beglückwünschten ihn alle sehr herzlich zu seiner
605 2591 3725 2826 Verlobung,August Langer allerdings mit einem eigentümlichen hämi-
581 2750 3626 2993 schen Zucken der Mundsinkel,ungefähr als ob er andeuten wollte,
589 2901 3502 3160 dass ihm für seinen Teil das Los dieses neuen Opfers, das der
573 3041 3626 3323 einstige Verwandte gefunden,glücklicherweise vollkommen gleich-
561 3248 3642 3471 gültig sein konnte. Sofort aber erkannte Robert diese Auslegung,
561 3379 3610 3626 die er eine Sekunde lang einem nichtsbedeutenden Mienenspiel zu
533 3530 3590 3785 geben bereit war, als das letzte Aufflackern einer lächerlichen,
533 3697 1831 3960 längst abgetanen Wahnidee.
1023 3777 3510 4028 Doktor Leinbach sohien etwas verletzt, dass auch er
525 3932 868 4099 Die können
505 3996 3634 4235 nur durch das Gerücht von dem wichtigen Ereignis im Leben seines
513 4187 3610 4394 Freundes Kunde erhalten. Durch Roberts Versicherung, dass ihm die
486 4298 3610 4581 öffentliche Bekanntgabe von Verlobungen stets als eine überflüs-
498 4450 3586 4724 sige und unsarte Einrichtung erschienen sei, liess Leinbach sich
482 4629 3638 4899 unschwer beschwichtigen und führte sogar in Ärgänning von Roberts
462 4792 3646 5019 Anschauungen aus, dass nun seiner Ueberzeugung nach in einer höher
