4200 5364
1698 337 1954 650 -66-
524 776 3502 942 trat ein, in hellem Kleid, klaräugig und heiter; und da Robert
532 918 3681 1121 darauf gefasst gewesen war, sie trübselig,in dunkler Gewandung und
520 1089 3571 1284 ernst wiederzufinden,erschien sie ihm ganz besonders strahlend,
504 1247 3555 1418 so dass 44 Ueberraschung sich in seinen Mienen spiegelte. Sie
492 1402 3701 1548 reichte ihm so unbefangen die Hand, als hätte sich seit der letzten
479 1536 3583 1739 Begegnung nicht das Geringste verändert. “Es sieht ja nicht be-
471 1731 3534 1901 sonders schön aus bei uns", sagte sie einfach, "aber Sie wissen
459 1901 2409 2060 ja wahrscheinlich, dass wir übersiedeln."
995 2043 3608 2206 "Bald?" fragte Robert.- “Vor Neujahr wird sich's kaum,
467 2023 662 2173 bev.
443 2178 3652 2340 machen lassen. Aber einige Gegenstände, die wir nicht mehr brauchen
431 2328 3461 2498 können, möchten wir xxxx möglich schon früher loswerden. Doch
427 2511 3473 2665 lassen wir das. Ich freue mich, dass Sie gekommen sind. Beinahe
418 2628 3547 2856 hätte ich Ihnen geschrieben. Aber es ist mir lieber sol" - "Wenn
418 2795 3482 2962 ich gewusst hätte, dass mein Besuch" -  Sie liess ihn nicht zu
398 2917 3445 3148 Ende reden. "Es hat sich ja allerlei ereignet", sagte sie,"seit
402 3104 3461 3282 wir uns zuletzt gesprochen haben; aber es scheint wirklich, dass
370 3262 3437 3433 gewisse Ereignisse von den Unbeteiligten schwerer genommen wer-
378 3392 3429 3583 den, als von den eigentlich Betroffenen. Das Peinlichste an Un-
358 3587 3417 3766 glücksfällen ist im Grunde immer die Verlegenheit der Andern.“
378 3717 3644 3937 Robert wollte eben etwas erwiedern, als Frau Kostner Rolx
325 3888 3315 4058 eintrat,von jener Atmosphäre des Gleichmasses ungeben in die
325 4046 3425 4237 ansche inend weder äussere noch innere Stürme Unruhe zu bringen
325 4201 3412 4388 vermochten. Es habe ihr recht leid getan, bemerkte sie, dass sie
317 4355 3339 4562 dem Herrn Sektionsrat auf dem Semmering nicht mehr persönlich
301 4505 3226 4708 hatte Adieu sagen können... Und etwas sögerns fügte sie hinzu
3295 4416 3465 4708 J
305 4672 3144 4871 „Aber Sie werden ja allerlei gehört und gelesen haben.“
748 4842 3307 5078 Paula, leicht errötend, unterbrach sie: "In den Zeitung
