4744 5508
2615 168 2824 373 1 1 7
2284 365 2556 553 -27-
1006 662 3344 926 erschien ihm wie von Geheimnissen umflossen.
1580 654 4295 1081 Am Abend besuchte Robert ein Vorstadttheater. In be-
1035 993 4219 1236 haglicher, etwas müder und traumhafter Stimmung folgte er dem hei-
1006 1110 4068 1391 teren musikalischen Spiel und war kindlich erfreut, als ihm der
1022 1282 4249 1567 erste Komiker mitten in einem Couplet von der Bühne herab vertrau-
1035 1446 4203 1655 lich zunickte. Nach dem Theater nahm er den Weg in ein Kaffeehaus
1035 1588 4060 1852 der inneren Stadt, wo sich seit Jahren allabendlich ein kleiner
1010 1751 4228 2007 Kreis von Bekannten zu versammeln pflegte,mit denen Robert von der
1010 1911 4127 2200 Reise aus, wenigstens anfangs, auf Ansichtskarten flüchtige Grüsse
1027 2070 4240 2300 getauscht hatte. Als er eintrat, sah er in der gewohnten Ecke Herrn
1014 2196 4131 2439 August Langer sitzen, xxx Vetter seiner verstorbenen Frau, einen
1010 2376 4228 2606 liebenswürdigen, älteren Herrn, höheren Bankbeamten, der durch Tracht
1010 2518 4270 2782 und Haltung seine vielbemerkte Aehnlichkeit mit einem in Sportkrei-
1001 2677 4278 2933 sen sehr populären Aristokraten zu unterstreichen suchte. Schon von
1031 2828 4236 3071 weitem, aber ohne sich zu erheben, und ohne die Zeitung aus der Hand
1014 2958 4278 3285 zu legen,winkte Langer dem Eintretenden zu, drückte ihm dann freund-
1006 3113 4353 3365 lich die Hand und stellte sofort mit Befriedigung dessen vorsügliches
993 3339 4358 3545 Aussehen fest. Rudolf Kunrich trat heran, ein kleiner Hofschauspieler,
993 3478 4207 3729 und stimmte Herrn Langer xxx zu. Beide, sowohl Kunrich als Langer,
1006 3637 4140 3876 erschienen Robert in den sechs Monaten seines Fernseins um viele
1010 3779 4127 4018 Jahre gealtert. Der Eintritt Leinbachs, der als Familienvater und
1006 3934 4077 4177 vielbeschäftigter Arzt hier nur ein seltener Gast war, bedeutete
964 4085 4282 4337 für Robert eine angenehme Ueberraschung. Leinbach, den Freund erbli
1001 4182 4261 4508 ckend, nahm ihn sofort für sich allein in Anspruch, stellte die übli-
976 4374 4274 4680 chen Fragen. Wie man sich einen von langer Reise Heimgekehrten zu richten
955 4588 4010 4806 pflegt und fragte ihn endlich, ob er schon wieder ins Amt gehe.
1638 4731 4119 5032 Robert äusserte Zweifel, ob er einer Niederaufnahme
