4840 5508
2150 394 2329 626 -7-
1065 597 4218 894 und schlecht gepflasterten Strassen der alten Hafenstadt ermüdet
1061 821 4304 1048 hatte, auf sein Lager hin und suchte im Herzen nach dem frohen Vor-
1077 918 4299 1219 gefühl, das ihn noch heute morgens während seines Spazierganges be-
1081 1073 4312 1361 wegt und beinahe beglückt hatte. Aber was er fand war nicht Freude
459 1252 630 1398 :o 1
1077 1264 4259 1504 mehr, sondern eine sonderbare Bengigkeit, als führe er einer bedeu-
1085 1418 4336 1674 tungsvoll ernsten Entscheidung entgegen, Kündigte die Nähe der Hei-
427 1556 610 1695 G. F.
1081 1560 4312 1816 mat in so unerwünschter Weise sich an? Sollte es ihm bestimmt sein
386 1674 614 1890 todis
1077 1723 4129 1967 ebenso bedrückt als er fortgereist war wieder heimzukehren, und
1073 1873 4308 2121 brach nun nach manchen guten und freien Stimmungen der letzten Mo-
1077 2016 4299 2320 nate jenes unbegreifliche,kaum in Gedanken,nimmer in Worte zu Fas-
406 2150 581 2373 of the
1069 2223 4287 2455 sende über ihn herein, das dunkel drohend noch Schlimmeres anzumel-
1089 2312 4283 2609 den schien? Hatten die Aerzte sich geirrt oder ihn mit Absicht ge-
1069 2515 4210 2776 täuscht,die von einer sechsmonatlichen zerstreuenden Reise voll-
1065 2698 4304 2926 kommene Genesung für ihn zu erwarten behaupteten? Doktor Leinbach,
1077 2808 4340 3076 sein Freund aus Jugendtagen,war freilich immer geneigt, Beschwerden,
1081 2946 4161 3255 die man ihm klagte, leicht zu nehmen,und es konnte kaum als sehr
1077 3113 4299 3389 beruhigend gelten, dass er alle irgend einmal schon am eigenen Leib
1081 3275 4259 3552 verspürt haben wollte. Aber dass auch Otto, wenn er ihn für ernst-
1053 3438 4271 3710 lich krank gehalten, die Verantwortung auf sich genommen hätte, den
1065 3605 4173 3881 einzigen Bruder für ein halbes Jahr,ohne jede Begleitung,in die
1077 3763 4275 4003 Welt hinauszuschicken, das war in keinem Fall anzunehmen. Zugleich
1061 3946 4332 4186 aber musste Rebert sich fragen, und nicht zum ersten Mal, ob er sich
1069 4080 4169 4340 dem Bruder auch ohne Rückhalt aufgeschlossen und nicht vielmehr
1053 4230 4299 4490 in sonderbarer Scheu noch in der letzten Unterredung ihm gegenüber
1057 4409 4222 4661 seinen Zustand harmloser dargestellt, als er selbst ihn empfunden
1057 4515 4287 4803 hatte, innder unbewussten Hoffnung, auf diese Art ein gelinderes Ur-
1048 4738 4312 5059 teil zu erfahren. Urteil: dies war das Wort, das sich ihm innerlich
