4232 5380
1595 545 1840 698 -62-
509 690 3684 962 nannte Zwangsvorstellung zu weiteren Konsequenzen führt, insbeson-
509 922 3592 1074 dere ob sie sich in Zwangshandlungen umsetzt oder ob Sie recht-
497 1046 3628 1235 zeitig korrigiert wird. So lange man in der Lage ist eine seeli-
485 1195 3628 1399 sche Störung in dem Augenblick abzustellen, wo es bedenklich wäre
489 1367 3564 1551 ihre logischen Konsequenzen zu ziehen,so lange,du entschuldigst
477 1515 3600 1684 schon, habe ich keinen rechten Respekt vor ihr. So imponieren mir
465 1660 3600 1876 auch die Wuranfälle nicht, bei denen die Vernichtungstendens sich
453 1832 3584 2036 auf leblose oder gar möglichst wohlfeile Gegenstände beschränkt.
437 1988 3532 2233 Es mag vielleicht etwas ketzerisch klingen, aber für mich steckt
453 2129 3387 2317 in all den Verrücktheiten - um bei dem populären Ausdruck zu
441 2293 3415 2497 bleiben - über die der Leidende immer noch eine gewisse Macht
425 2493 3588 2694 behalt, und die er aus praktischen Rücksichten sozusagen auf - und
421 2626 3568 2802 niederzuschrauben imstande ist,eine Neigung zur Verspieltheit, zur
413 2770 3375 3015 Unwahrheit, zur Komödianterei,kurz,ein unanständiges Bestreben
413 2979 3516 3119 vom wirklichen Ernst des Lebens abzurücken und unbequeme Verant-
373 3067 3592 3263 wortlichkeiten abzulehnen. Ein solches Bestreben hat ja natürlich,
377 3243 3411 3431 wenn du willst, auch etwas Krankhaftes, aber mit Wahnsinn hat es
361 3363 2065 3560 gewiss nicht das Geringste zu tun,
878 3472 3488 3724 Robert schwieg eine Weile betreten, denn irgendwie be-
353 3704 3556 3901 rührte sich das, was Otto aussprach, mit dem Gedanken, die ihm selbst
317 3836 3532 4053 neulich gekommen waren. Dann fragte er: "Und bist du auch sicher,
337 3997 2189 4249 die Grenze immer best immen zu können?“
862 4137 3231 4345 "Gewiss bin ich das, sonst hätte ich meinen Beruf
317 4301 1243 4578 längst aufgegeben."
806 4462 3347 4714 Also er erinnert sich, dachte Robert,er will mich in
281 4630 3375 4835 Sicherheit wiegen, indem er mir zu verstehen gibt, dass ich nicht
289 4815 3319 5059 wahnsinnig bin und daher nichts von ihm zu fürchten habe. Aber
