4232 5380
1779 373 2031 617 -70-
554 746 3519 923 Widmung. Auf diese Weise werden Sie mich keineswegs zu Ehren
550 931 3048 1080 Komplizen machen. Verstehen Sie mich, Herr Kahnberg?
3472 958 3641 1111 in,
593 1060 3578 1276 "Ich höre mit wachsendem Erstaunen zu,Herr Sektions-
1269 1229 1634 1379 G.C.F.P.
530 1206 813 1367 rat."
558 1363 3562 1579 "Das merkeioh, Aber Ihre Art mir zusuhören, verzeihen
526 1524 1583 1724 Sie, passt mir nicht."
1021 1708 3111 1834 "Ich bedauere in der Tat,Herr Sektionsrat -
569 1771 840 1983 gleine
998 1807 3547 2042 "Passt mir nicht,Herr Kahnberg",wiederholte er heftig
487 2011 3570 2192 und erhob sich. "Und wenn Sie das Fräulein umzubringen wünschen"
487 2172 3531 2372 schloss er heiser,”so tun Sie es gefälligst auf eigene Rechnung
475 2305 3515 2506 und Gefahr. Womit ich die Ehre habe." Er nahm Hut und Rock und
460 2502 3586 2682 entfernte sich. Kaum, dass er auf der Strasse stand, sagte er sich,
444 2616 3586 2785 dass er das Gespräch in törichter,ja geradezu verdachterweckender
436 2777 3456 2942 Weise geführt habe, und er beschloss im Laufe der nächsten Tage
428 2895 3511 3115 die Gesellschaft Kahnbergs,wie überhaupt des ganzen Kreises,lie-
432 3083 3519 3272 ber zu meiden. Denn bei näherer Ueberlegung schien es ihm durch-
397 3272 3472 3437 aus nicht ausgeschlossen, dass Kahnberg nur dazu ausersehen war
397 3370 3519 3590 ihm eine Falle zu stellen. Und wenn es auch für ihn selbst fest-
377 3582 3397 3755 stand, dass er keinen Mord begangen hatte, und glücklicherweise
377 3708 3421 3904 auch, dass er nicht irreinnig war, eine andere,höchst bedenkliche
326 3876 3393 4077 Möglichkeit war nicht ohneweiters von der Hand zu weisen: Dass
342 4034 3350 4195 nämlich irgend ein anderer, zum Beispiel der Vetter seiner ver-
326 4195 3303 4352 storbenen Frau, Herr August Langer, der früher von Kartentisch
326 4316 3472 4517 aus in höchst eigentümlicher Weise herübergeblickt hatte, verwührt
283 4497 3327 4682 geworden und ihn des Mords an Brigitte verdächtigte. Nicht
295 4658 3315 4827 minder denkbar war es, dass Alberta drüben in Amerika an irgend
287 4831 3236 5039 einer Krankheit hinsiechte, und dass ihr Geliebter oder Gatte
