<?xml version="1.0" encoding="UTF-8" standalone="yes"?>
<PcGts xmlns="http://schema.primaresearch.org/PAGE/gts/pagecontent/2013-07-15" xmlns:xsi="http://www.w3.org/2001/XMLSchema-instance" xsi:schemaLocation="http://schema.primaresearch.org/PAGE/gts/pagecontent/2013-07-15 http://schema.primaresearch.org/PAGE/gts/pagecontent/2013-07-15/pagecontent.xsd">
    <Metadata>
        <Creator>prov=READ-COOP:name=TrHtr:version=2.1.0:model_id=51170:date=15_08_2023_05:31</Creator>
        <Created>2023-05-10T15:07:00.146+02:00</Created>
        <LastChange>2023-08-15T05:31:42.653+02:00</LastChange>
        <TranskribusMetadata docId="1428799" pageId="55430832" pageNr="108" tsid="132839519" status="IN_PROGRESS" userId="64420" imgUrl="https://files.transkribus.eu/Get?id=RCKJESGCUBIEZISFYIZSKQCX&amp;fileType=view" xmlUrl="https://files.transkribus.eu/Get?id=ITCKGHVYLWANHYJIUECMISLD" imageId="44704904"/>
    </Metadata>
    <Page imageFilename="1428799_0108.jpg" imageWidth="5003" imageHeight="5492">
        <ReadingOrder>
            <OrderedGroup id="ro_1711805468768" caption="Regions reading order">
                <RegionRefIndexed index="0" regionRef="tr_1"/>
                <RegionRefIndexed index="1" regionRef="tr_2"/>
            </OrderedGroup>
        </ReadingOrder>
        <TextRegion id="tr_1" custom="readingOrder {index:0;}">
            <Coords points="1271,564 4501,564 4501,3048 1271,3048"/>
            <TextLine id="tr_1_tl_1" custom="readingOrder {index:0;}">
                <Coords points="2473,699 2526,707 2601,682 2617,666 2679,711 2721,682 2746,682 2750,517 2729,517 2700,492 2675,504 2626,492 2609,509 2593,500 2564,525 2547,509 2522,509 2506,488 2477,488"/>
                <Baseline points="2495,614 2584,620 2674,614 2757,614"/>
                <TextEquiv>
                    <Unicode>-108-</Unicode>
                </TextEquiv>
            </TextLine>
            <TextLine id="tr_1_tl_2" custom="readingOrder {index:1;}">
                <Coords points="1331,955 2981,951 3188,860 4085,939 4470,877 4474,765 3374,682 1331,802"/>
                <Baseline points="1355,877 1432,871 1522,865 1611,865 1701,865 1790,865 1880,865 1969,865 2059,859 2149,865 2238,859 2328,859 2417,859 2507,859 2596,859 2686,859 2775,859 2865,853 2954,859 3044,853 3134,853 3223,847 3313,847 3402,847 3492,847 3581,847 3671,847 3760,847 3850,847 3939,847 4029,847 4119,847 4208,847 4298,847 4387,847 4477,847"/>
                <TextEquiv>
                    <Unicode>also du musst mich entschuldigen.“ Er erhob sich, sie hielt seine</Unicode>
                </TextEquiv>
            </TextLine>
            <TextLine id="tr_1_tl_3" custom="readingOrder {index:2;}">
                <Coords points="1340,1116 1985,1038 2390,1121 2522,1030 3999,1083 4276,1067 4276,947 1340,963"/>
                <Baseline points="1361,1026 1420,1026 1510,1026 1599,1026 1689,1026 1778,1020 1868,1020 1958,1026 2047,1020 2137,1020 2226,1020 2316,1020 2405,1020 2495,1014 2584,1020 2674,1020 2763,1014 2853,1014 2942,1014 3032,1014 3122,1014 3211,1014 3301,1014 3390,1014 3480,1008 3569,1008 3659,1014 3748,1008 3838,1008 3927,1008 4017,1002 4107,1002 4196,1002 4286,990"/>
                <TextEquiv>
                    <Unicode>Hände fest. "Soll ich dich nicht ein Stück Wegs begleiten?"</Unicode>
                </TextEquiv>
            </TextLine>
            <TextLine id="tr_1_tl_4" custom="readingOrder {index:3;}">
                <Coords points="1344,1269 4474,1249 4474,1104 4317,1071 1344,1104"/>
                <Baseline points="1367,1176 1438,1176 1528,1181 1617,1181 1707,1181 1796,1181 1886,1181 1975,1181 2065,1181 2155,1181 2244,1181 2334,1176 2423,1176 2513,1176 2602,1176 2692,1176 2781,1176 2871,1176 2960,1176 3050,1176 3139,1170 3229,1170 3319,1170 3408,1164 3498,1170 3587,1164 3677,1170 3766,1164 3856,1164 3945,1164 4035,1164 4124,1164 4214,1164 4304,1164 4393,1164 4483,1158"/>
                <TextEquiv>
                    <Unicode>"Ich danke dir, Liebste, bleib nur daheim und benütze die Zeit lie-</Unicode>
                </TextEquiv>
            </TextLine>
            <TextLine id="tr_1_tl_5" custom="readingOrder {index:4;}">
                <Coords points="1327,1443 1666,1340 4462,1410 4491,1240 1331,1265"/>
                <Baseline points="1349,1337 1367,1343 1456,1343 1546,1343 1635,1337 1725,1337 1814,1337 1904,1337 1993,1337 2083,1331 2172,1331 2262,1331 2352,1331 2441,1331 2531,1331 2620,1331 2710,1331 2799,1331 2889,1325 2978,1325 3068,1325 3157,1325 3247,1325 3336,1325 3426,1325 3516,1325 3605,1319 3695,1319 3784,1319 3874,1319 3963,1319 4053,1319 4142,1319 4232,1319 4321,1319 4411,1319 4501,1325"/>
                <TextEquiv>
                    <Unicode>ber, um deine Sachen zusammenzurichten. Viel brauchst du natürlich</Unicode>
                </TextEquiv>
            </TextLine>
            <TextLine id="tr_1_tl_6" custom="readingOrder {index:5;}">
                <Coords points="1315,1501 1935,1592 2402,1489 4127,1567 4342,1497 4342,1377 1315,1447"/>
                <Baseline points="1337,1498 1396,1498 1486,1498 1575,1498 1665,1492 1755,1492 1844,1492 1934,1492 2023,1492 2113,1492 2202,1492 2292,1486 2381,1486 2471,1486 2560,1486 2650,1486 2740,1486 2829,1486 2919,1486 3008,1486 3098,1486 3187,1486 3277,1486 3366,1486 3456,1480 3545,1480 3635,1480 3725,1480 3814,1474 3904,1474 3993,1480 4083,1480 4172,1480 4262,1480 4351,1474"/>
                <TextEquiv>
                    <Unicode>nicht mitzunehmen auf die Reise; auf de Hochzeitsreise", fügte</Unicode>
                </TextEquiv>
            </TextLine>
            <TextLine id="tr_1_tl_7" custom="readingOrder {index:6;}">
                <Coords points="1319,1662 4267,1712 4420,1671 4420,1551 1319,1592"/>
                <Baseline points="1343,1659 1384,1653 1474,1653 1564,1653 1653,1653 1743,1653 1832,1653 1922,1647 2011,1653 2101,1647 2190,1647 2280,1647 2369,1647 2459,1647 2549,1647 2638,1641 2728,1647 2817,1641 2907,1647 2996,1641 3086,1641 3175,1641 3265,1641 3354,1641 3444,1635 3533,1635 3623,1635 3713,1635 3802,1635 3892,1635 3981,1635 4071,1635 4160,1635 4250,1635 4339,1635 4429,1635"/>
                <TextEquiv>
                    <Unicode>er leise hinzu, sie heftig an sich ziehend. Er fühlte sie in sei-</Unicode>
                </TextEquiv>
            </TextLine>
            <TextLine id="tr_1_tl_8" custom="readingOrder {index:7;}">
                <Coords points="1315,1848 4296,1881 4400,1873 4400,1720 1315,1749"/>
                <Baseline points="1337,1808 1367,1808 1456,1808 1546,1808 1635,1808 1725,1802 1814,1802 1904,1802 1993,1802 2083,1802 2172,1802 2262,1802 2352,1802 2441,1796 2531,1796 2620,1796 2710,1796 2799,1796 2889,1796 2978,1796 3068,1796 3157,1796 3247,1796 3336,1796 3426,1790 3516,1790 3605,1790 3695,1790 3784,1790 3874,1790 3963,1796 4053,1790 4142,1796 4232,1796 4321,1796 4411,1796"/>
                <TextEquiv>
                    <Unicode>nen Armen ein wenig zittern und nahm es für bräutliche Erregung.</Unicode>
                </TextEquiv>
            </TextLine>
            <TextLine id="tr_1_tl_9" custom="readingOrder {index:8;}">
                <Coords points="1319,1981 4152,1977 4259,1964 4259,1852 1319,1898"/>
                <Baseline points="1343,1969 1402,1963 1492,1958 1581,1958 1671,1958 1761,1958 1850,1958 1940,1952 2029,1958 2119,1958 2208,1958 2298,1958 2387,1958 2477,1952 2566,1952 2656,1952 2746,1952 2835,1958 2925,1952 3014,1952 3104,1952 3193,1952 3283,1952 3372,1946 3462,1952 3551,1952 3641,1946 3730,1946 3820,1952 3910,1946 3999,1946 4089,1952 4178,1946 4268,1952"/>
                <TextEquiv>
                    <Unicode>"Auf Wiedersehen", sagte er dann,küsste ihre kühlen Lippen und</Unicode>
                </TextEquiv>
            </TextLine>
            <TextLine id="tr_1_tl_10" custom="readingOrder {index:9;}">
                <Coords points="1307,2125 4445,2192 4445,2026 1307,2034"/>
                <Baseline points="1331,2119 1420,2113 1510,2113 1599,2107 1689,2113 1778,2107 1868,2107 1958,2113 2047,2113 2137,2113 2226,2107 2316,2107 2405,2107 2495,2107 2584,2107 2674,2107 2763,2107 2853,2107 2942,2107 3032,2107 3122,2107 3211,2107 3301,2107 3390,2107 3480,2107 3569,2101 3659,2107 3748,2107 3838,2107 3927,2107 4017,2107 4107,2107 4196,2107 4286,2101 4375,2113 4453,2119"/>
                <TextEquiv>
                    <Unicode>mit einem vergnügten Nicken, als wäre das Ganze ein Spass gewesen,</Unicode>
                </TextEquiv>
            </TextLine>
            <TextLine id="tr_1_tl_11" custom="readingOrder {index:10;}">
                <Coords points="1303,2357 1753,2373 1898,2307 1972,2369 2101,2324 2237,2369 2332,2320 2423,2349 2423,2183 1418,2212 1303,2179"/>
                <Baseline points="1325,2268 1414,2268 1504,2268 1593,2262 1683,2262 1772,2262 1862,2262 1952,2262 2041,2262 2131,2262 2220,2262 2310,2262 2399,2268 2435,2268"/>
                <TextEquiv>
                    <Unicode>verliess er das Zimmer.</Unicode>
                </TextEquiv>
            </TextLine>
            <TextLine id="tr_1_tl_12" custom="readingOrder {index:11;}">
                <Coords points="1811,2423 2489,2493 4292,2444 4214,2320 1811,2320"/>
                <Baseline points="1832,2411 1922,2411 2011,2411 2101,2417 2190,2417 2280,2411 2369,2417 2459,2417 2549,2417 2638,2417 2728,2417 2817,2417 2907,2411 2996,2411 3086,2411 3175,2411 3265,2411 3354,2411 3444,2411 3533,2417 3623,2417 3713,2411 3802,2411 3892,2411 3981,2411 4071,2411 4160,2411 4250,2411 4304,2417"/>
                <TextEquiv>
                    <Unicode>Er eilte die Treppen hinunter in Angst, dass sie ihm</Unicode>
                </TextEquiv>
            </TextLine>
            <TextLine id="tr_1_tl_13" custom="readingOrder {index:12;}">
                <Coords points="1278,2593 4462,2659 4462,2506 4263,2444 2349,2518 1683,2369 1278,2460"/>
                <Baseline points="1301,2572 1390,2572 1480,2566 1569,2566 1659,2572 1749,2572 1838,2572 1928,2572 2017,2572 2107,2572 2196,2572 2286,2572 2375,2566 2465,2572 2554,2572 2644,2566 2734,2572 2823,2566 2913,2566 3002,2566 3092,2566 3181,2566 3271,2566 3360,2566 3450,2566 3539,2566 3629,2572 3719,2566 3808,2566 3898,2566 3987,2566 4077,2566 4166,2566 4256,2566 4345,2566 4435,2572 4471,2572"/>
                <TextEquiv>
                    <Unicode>nachrufen könnte; und auch auf der Strasse schlug er einen raschen</Unicode>
                </TextEquiv>
            </TextLine>
            <TextLine id="tr_1_tl_14" custom="readingOrder {index:13;}">
                <Coords points="1265,2746 4362,2812 4362,2655 4209,2630 1890,2692 1724,2589 1265,2605"/>
                <Baseline points="1289,2728 1378,2722 1468,2722 1558,2722 1647,2722 1737,2722 1826,2722 1916,2722 2005,2722 2095,2722 2184,2728 2274,2728 2363,2722 2453,2728 2543,2728 2632,2722 2722,2728 2811,2722 2901,2722 2990,2722 3080,2722 3169,2722 3259,2722 3348,2722 3438,2722 3528,2722 3617,2722 3707,2722 3796,2722 3886,2722 3975,2722 4065,2722 4154,2722 4244,2722 4333,2728 4369,2728"/>
                <TextEquiv>
                    <Unicode>Schritt ein. Wird es wirklich nur auf Tage sein? fragte er sich.</Unicode>
                </TextEquiv>
            </TextLine>
            <TextLine id="tr_1_tl_15" custom="readingOrder {index:14;}">
                <Coords points="1261,2915 3908,2894 4143,2981 4400,2903 4375,2804 3180,2742 1261,2775"/>
                <Baseline points="1283,2883 1373,2877 1462,2877 1552,2877 1641,2877 1731,2877 1820,2883 1910,2877 1999,2877 2089,2877 2178,2877 2268,2877 2357,2877 2447,2877 2537,2877 2626,2877 2716,2877 2805,2877 2895,2877 2984,2877 3074,2877 3163,2877 3253,2877 3342,2877 3432,2877 3522,2877 3611,2877 3701,2877 3790,2877 3880,2877 3969,2877 4059,2877 4148,2883 4238,2877 4327,2877 4405,2883"/>
                <TextEquiv>
                    <Unicode>Halt ich es denn für möglich, dass Otto einfach durch die Tatsache</Unicode>
                </TextEquiv>
            </TextLine>
            <TextLine id="tr_1_tl_16" custom="readingOrder {index:15;}">
                <Coords points="1249,3052 4247,3122 4247,2948 3982,2919 1249,2923"/>
                <Baseline points="1271,3038 1361,3038 1450,3038 1540,3038 1629,3032 1719,3038 1808,3032 1898,3032 1987,3032 2077,3032 2166,3032 2256,3038 2346,3032 2435,3032 2525,3038 2614,3038 2704,3032 2793,3032 2883,3032 2972,3032 3062,3032 3151,3032 3241,3032 3331,3032 3420,3032 3510,3032 3599,3032 3689,3032 3778,3032 3868,3032 3957,3032 4047,3032 4136,3038 4226,3038 4256,3038"/>
                <TextEquiv>
                    <Unicode>meines Verschwindens wieder zur Vernunft kommen könnte? Ist es</Unicode>
                </TextEquiv>
            </TextLine>
        </TextRegion>
        <TextRegion id="tr_2" custom="readingOrder {index:1;}">
            <Coords points="1158,3137 4465,3137 4465,4946 1158,4946"/>
            <TextLine id="tr_2_tl_1" custom="readingOrder {index:0;}">
                <Coords points="1249,3246 4284,3263 4284,3122 4143,3110 1249,3081"/>
                <Baseline points="1271,3199 1337,3193 1426,3193 1516,3193 1605,3193 1695,3193 1784,3193 1874,3193 1963,3193 2053,3193 2143,3193 2232,3193 2322,3193 2411,3193 2501,3193 2590,3193 2680,3193 2769,3193 2859,3193 2948,3187 3038,3187 3128,3187 3217,3193 3307,3193 3396,3187 3486,3187 3575,3187 3665,3187 3754,3187 3844,3193 3933,3193 4023,3193 4113,3193 4202,3193 4292,3193"/>
                <TextEquiv>
                    <Unicode>nicht viel wahrscheinlicher, dass er meine Abreise als ein neues</Unicode>
                </TextEquiv>
            </TextLine>
            <TextLine id="tr_2_tl_2" custom="readingOrder {index:1;}">
                <Coords points="1236,3366 4280,3424 4201,3225 2572,3217 2101,3312 1757,3200 1236,3246"/>
                <Baseline points="1259,3348 1349,3348 1438,3348 1528,3348 1617,3348 1707,3348 1796,3348 1886,3348 1975,3348 2065,3348 2155,3348 2244,3348 2334,3348 2423,3348 2513,3348 2602,3348 2692,3348 2781,3348 2871,3348 2960,3348 3050,3348 3139,3348 3229,3348 3319,3348 3408,3348 3498,3342 3587,3342 3677,3342 3766,3342 3856,3348 3945,3342 4035,3348 4124,3348 4214,3348 4292,3348"/>
                <TextEquiv>
                    <Unicode>Zeichen in seinem Sinn deutet,dass er meinen Aufenthalt zu ent-</Unicode>
                </TextEquiv>
            </TextLine>
            <TextLine id="tr_2_tl_3" custom="readingOrder {index:2;}">
                <Coords points="1232,3535 4164,3589 4164,3444 3767,3391 2531,3465 2369,3345 1232,3374"/>
                <Baseline points="1253,3504 1343,3504 1432,3510 1522,3504 1611,3504 1701,3504 1790,3504 1880,3510 1969,3504 2059,3510 2149,3504 2238,3504 2328,3504 2417,3510 2507,3510 2596,3504 2686,3504 2775,3504 2865,3504 2954,3504 3044,3504 3134,3504 3223,3504 3313,3504 3402,3504 3492,3504 3581,3504 3671,3504 3760,3504 3850,3504 3939,3504 4029,3504 4119,3510 4172,3510"/>
                <TextEquiv>
                    <Unicode>decken sucht, mich verfolgt, oder verfolgen lässt und am Ende</Unicode>
                </TextEquiv>
            </TextLine>
            <TextLine id="tr_2_tl_4" custom="readingOrder {index:3;}">
                <Coords points="1199,3705 4300,3734 4300,3602 3965,3552 1199,3573"/>
                <Baseline points="1223,3665 1313,3665 1402,3659 1492,3659 1581,3659 1671,3665 1761,3665 1850,3665 1940,3659 2029,3665 2119,3659 2208,3659 2298,3665 2387,3665 2477,3659 2566,3659 2656,3659 2746,3659 2835,3659 2925,3659 3014,3659 3104,3659 3193,3659 3283,3659 3372,3659 3462,3659 3551,3659 3641,3659 3730,3659 3820,3659 3910,3659 3999,3665 4089,3659 4178,3665 4268,3665 4310,3671"/>
                <TextEquiv>
                    <Unicode>findet?! Nein, das wird er nicht. Ich werde schlauer sein als er.</Unicode>
                </TextEquiv>
            </TextLine>
            <TextLine id="tr_2_tl_5" custom="readingOrder {index:4;}">
                <Coords points="1199,3825 4321,3895 4255,3722 1199,3755"/>
                <Baseline points="1223,3820 1289,3820 1378,3814 1468,3820 1558,3820 1647,3820 1737,3820 1826,3814 1916,3814 2005,3820 2095,3820 2184,3820 2274,3814 2363,3814 2453,3814 2543,3814 2632,3814 2722,3814 2811,3814 2901,3820 2990,3820 3080,3820 3169,3820 3259,3814 3348,3814 3438,3814 3528,3820 3617,3814 3707,3814 3796,3820 3886,3814 3975,3814 4065,3814 4154,3820 4244,3820 4333,3814"/>
                <TextEquiv>
                    <Unicode>Finden sollen sie mich nicht! Wie wär's, wenn ich einen Selbstmord</Unicode>
                </TextEquiv>
            </TextLine>
            <TextLine id="tr_2_tl_6" custom="readingOrder {index:5;}">
                <Coords points="1220,3990 4309,4048 4309,3895 3949,3874 2816,3932 1555,3821 1220,3908"/>
                <Baseline points="1241,3975 1277,3975 1367,3975 1456,3975 1546,3975 1635,3975 1725,3975 1814,3975 1904,3969 1993,3969 2083,3975 2172,3969 2262,3969 2352,3969 2441,3969 2531,3969 2620,3969 2710,3975 2799,3975 2889,3975 2978,3975 3068,3975 3157,3975 3247,3975 3336,3975 3426,3969 3516,3969 3605,3975 3695,3975 3784,3975 3874,3975 3963,3969 4053,3975 4142,3975 4232,3975 4321,3969"/>
                <TextEquiv>
                    <Unicode>vorspiegelte? Kein übler Einfall. Doppelselbstmord. Ich und Pau-</Unicode>
                </TextEquiv>
            </TextLine>
            <TextLine id="tr_2_tl_7" custom="readingOrder {index:6;}">
                <Coords points="1183,4168 4321,4218 4321,4040 1571,4073 1183,3986"/>
                <Baseline points="1205,4136 1295,4130 1384,4130 1474,4130 1564,4130 1653,4130 1743,4130 1832,4130 1922,4130 2011,4130 2101,4130 2190,4130 2280,4130 2369,4130 2459,4130 2549,4130 2638,4130 2728,4130 2817,4136 2907,4136 2996,4136 3086,4130 3175,4130 3265,4130 3354,4136 3444,4136 3533,4130 3623,4130 3713,4130 3802,4130 3892,4130 3981,4130 4071,4136 4160,4136 4250,4130 4333,4136"/>
                <TextEquiv>
                    <Unicode>la. Wir lassen einen Brief zurück... wie man es in solchen Fäl-</Unicode>
                </TextEquiv>
            </TextLine>
            <TextLine id="tr_2_tl_8" custom="readingOrder {index:7;}">
                <Coords points="1170,4305 4371,4367 4325,4180 1170,4209"/>
                <Baseline points="1193,4286 1283,4292 1373,4292 1462,4292 1552,4292 1641,4292 1731,4292 1820,4286 1910,4286 1999,4292 2089,4292 2178,4292 2268,4286 2357,4286 2447,4286 2537,4286 2626,4286 2716,4286 2805,4286 2895,4286 2984,4286 3074,4286 3163,4286 3253,4292 3342,4292 3432,4292 3522,4292 3611,4292 3701,4286 3790,4286 3880,4286 3969,4286 4059,4292 4148,4292 4238,4292 4327,4292 4375,4298"/>
                <TextEquiv>
                    <Unicode>len zu tun pflegt. Man würde sich nicht einmal sonderlich wundern.</Unicode>
                </TextEquiv>
            </TextLine>
            <TextLine id="tr_2_tl_9" custom="readingOrder {index:8;}">
                <Coords points="1166,4453 2717,4561 4420,4491 4420,4391 4102,4342 1166,4309"/>
                <Baseline points="1187,4453 1277,4447 1367,4447 1456,4447 1546,4447 1635,4447 1725,4447 1814,4447 1904,4441 1993,4447 2083,4447 2172,4447 2262,4441 2352,4441 2441,4441 2531,4441 2620,4447 2710,4447 2799,4447 2889,4447 2978,4447 3068,4447 3157,4447 3247,4447 3336,4447 3426,4447 3516,4447 3605,4447 3695,4441 3784,4447 3874,4447 3963,4447 4053,4447 4142,4453 4232,4447 4321,4453 4411,4459 4429,4459"/>
                <TextEquiv>
                    <Unicode>Niemand. Der Baron Prantner gewiss nicht. Auch Herr Kahnberg nicht,</Unicode>
                </TextEquiv>
            </TextLine>
            <TextLine id="tr_2_tl_10" custom="readingOrder {index:9;}">
                <Coords points="1158,4644 4156,4689 4156,4536 4044,4486 3006,4565 1158,4482"/>
                <Baseline points="1181,4602 1271,4602 1361,4602 1450,4602 1540,4602 1629,4602 1719,4602 1808,4602 1898,4602 1987,4602 2077,4602 2166,4602 2256,4602 2346,4602 2435,4596 2525,4602 2614,4602 2704,4602 2793,4602 2883,4602 2972,4602 3062,4608 3151,4602 3241,4608 3331,4602 3420,4602 3510,4602 3599,4602 3689,4602 3778,4602 3868,4602 3957,4602 4047,4608 4136,4602 4166,4602"/>
                <TextEquiv>
                    <Unicode>Und Otto am wenigsten. Er würde seine fixe Idee nur bestätigt</Unicode>
                </TextEquiv>
            </TextLine>
            <TextLine id="tr_2_tl_11" custom="readingOrder {index:10;}">
                <Coords points="1154,4797 4127,4867 4127,4701 3928,4660 1154,4644"/>
                <Baseline points="1176,4763 1265,4757 1355,4763 1444,4763 1534,4763 1623,4763 1713,4763 1802,4757 1892,4757 1981,4763 2071,4757 2160,4763 2250,4763 2340,4763 2429,4763 2519,4763 2608,4763 2698,4763 2787,4769 2877,4763 2966,4763 3056,4769 3145,4769 3235,4769 3325,4769 3414,4763 3504,4763 3593,4763 3683,4763 3772,4763 3862,4763 3951,4763 4041,4769 4130,4769 4136,4769"/>
                <TextEquiv>
                    <Unicode>finden. Ich hätte ihm eine Mühe erspart. So würde er sich die</Unicode>
                </TextEquiv>
            </TextLine>
            <TextLine id="tr_2_tl_12" custom="readingOrder {index:11;}">
                <Coords points="1137,5024 4453,4974 4453,4854 4226,4817 1137,4850"/>
                <Baseline points="1158,4930 1247,4930 1337,4930 1426,4930 1516,4930 1605,4924 1695,4924 1784,4924 1874,4924 1963,4930 2053,4930 2143,4930 2232,4930 2322,4924 2411,4924 2501,4924 2590,4924 2680,4930 2769,4930 2859,4930 2948,4930 3038,4930 3128,4930 3217,4930 3307,4930 3396,4930 3486,4924 3575,4924 3665,4924 3754,4924 3844,4924 3933,4924 4023,4924 4113,4924 4202,4924 4292,4930 4381,4930 4465,4936"/>
                <TextEquiv>
                    <Unicode>Sache zurecht legen. Und er wäre der Sieger. Der Sieger? Ist es denn</Unicode>
                </TextEquiv>
            </TextLine>
        </TextRegion>
    </Page>
</PcGts>
