<?xml version="1.0" encoding="UTF-8" standalone="yes"?>
<PcGts xmlns="http://schema.primaresearch.org/PAGE/gts/pagecontent/2013-07-15" xmlns:xsi="http://www.w3.org/2001/XMLSchema-instance" xsi:schemaLocation="http://schema.primaresearch.org/PAGE/gts/pagecontent/2013-07-15 http://schema.primaresearch.org/PAGE/gts/pagecontent/2013-07-15/pagecontent.xsd">
    <Metadata>
        <Creator>prov=READ-COOP:name=TrHtr:version=2.1.0:model_id=51170:date=15_08_2023_05:31</Creator>
        <Created>2023-05-10T15:06:44.206+02:00</Created>
        <LastChange>2023-08-15T05:31:23.627+02:00</LastChange>
        <TranskribusMetadata docId="1428799" pageId="55430485" pageNr="46" tsid="132839457" status="IN_PROGRESS" userId="64420" imgUrl="https://files.transkribus.eu/Get?id=FEVDHHZAKTFWFZRJNFCKNHLH&amp;fileType=view" xmlUrl="https://files.transkribus.eu/Get?id=GHGFKBOOAFYYZVWNXMJPGJKE" imageId="44704557"/>
    </Metadata>
    <Page imageFilename="1428799_0046.jpg" imageWidth="4264" imageHeight="5396">
        <ReadingOrder>
            <OrderedGroup id="ro_1711805295455" caption="Regions reading order">
                <RegionRefIndexed index="0" regionRef="tr_1"/>
                <RegionRefIndexed index="1" regionRef="tr_2"/>
            </OrderedGroup>
        </ReadingOrder>
        <TextRegion id="tr_1" custom="readingOrder {index:0;}">
            <Coords points="471,564 3694,564 3694,3233 471,3233"/>
            <TextLine id="tr_1_tl_1" custom="readingOrder {index:0;}">
                <Coords points="1661,664 1680,664 1704,644 1763,660 1818,648 1877,656 1873,522 1822,518 1798,530 1775,510 1704,558 1657,565"/>
                <Baseline points="1683,614 1772,614 1862,620 1886,620"/>
                <TextEquiv>
                    <Unicode>-46-</Unicode>
                </TextEquiv>
            </TextLine>
            <TextLine id="tr_1_tl_2" custom="readingOrder {index:1;}">
                <Coords points="616,879 3510,931 3616,781 1865,770 1606,671 612,730"/>
                <Baseline points="638,835 728,835 817,835 907,841 996,841 1086,841 1175,841 1265,841 1354,847 1444,847 1534,853 1623,853 1713,853 1802,859 1892,859 1981,865 2071,865 2160,859 2250,865 2339,865 2429,865 2518,871 2608,871 2698,871 2787,871 2877,871 2966,877 3056,877 3145,877 3235,877 3324,883 3414,883 3503,883 3593,889 3623,895"/>
                <TextEquiv>
                    <Unicode>in dem er auf weiter übene eine Art von Schlacht gesehen, aber</Unicode>
                </TextEquiv>
            </TextLine>
            <TextLine id="tr_1_tl_3" custom="readingOrder {index:2;}">
                <Coords points="597,1005 3655,1068 3651,879 593,891"/>
                <Baseline points="620,984 710,990 799,990 889,990 978,996 1068,996 1157,996 1247,996 1337,1002 1426,1002 1516,1002 1605,1008 1695,1008 1784,1008 1874,1014 1963,1014 2053,1014 2142,1014 2232,1014 2321,1020 2411,1020 2501,1020 2590,1020 2680,1026 2769,1026 2859,1026 2948,1032 3038,1032 3127,1032 3217,1032 3306,1038 3396,1038 3485,1038 3575,1038 3664,1050 3670,1044"/>
                <TextEquiv>
                    <Unicode>in so trüb-fahlem Lichte, dass er die beteiligten Kämpfer weder</Unicode>
                </TextEquiv>
            </TextLine>
            <TextLine id="tr_1_tl_4" custom="readingOrder {index:3;}">
                <Coords points="605,1170 3432,1241 3671,1217 3671,1072 601,1005"/>
                <Baseline points="626,1152 716,1146 805,1152 895,1152 984,1157 1074,1152 1163,1152 1253,1157 1343,1157 1432,1157 1522,1157 1611,1163 1701,1163 1790,1169 1880,1169 1969,1169 2059,1169 2148,1175 2238,1175 2327,1175 2417,1175 2506,1181 2596,1181 2686,1181 2775,1187 2865,1187 2954,1187 3044,1187 3133,1187 3223,1187 3312,1193 3402,1193 3491,1193 3581,1199 3670,1199 3682,1193"/>
                <TextEquiv>
                    <Unicode>einzeln, noch als Ganzes wahrzunehmen vermochte. Dann aber hatte</Unicode>
                </TextEquiv>
            </TextLine>
            <TextLine id="tr_1_tl_5" custom="readingOrder {index:4;}">
                <Coords points="593,1311 3659,1398 3655,1217 593,1209"/>
                <Baseline points="614,1301 704,1301 793,1307 883,1307 972,1307 1062,1307 1152,1313 1241,1313 1331,1313 1420,1313 1510,1319 1599,1319 1689,1319 1778,1325 1868,1325 1957,1325 2047,1331 2136,1331 2226,1331 2315,1331 2405,1337 2495,1337 2584,1337 2674,1337 2763,1343 2853,1343 2942,1343 3032,1343 3121,1343 3211,1349 3300,1349 3390,1349 3479,1354 3569,1354 3659,1354 3664,1354"/>
                <TextEquiv>
                    <Unicode>er am Firmament statt der Sonne einen schief gestellten, mit Or-</Unicode>
                </TextEquiv>
            </TextLine>
            <TextLine id="tr_1_tl_6" custom="readingOrder {index:5;}">
                <Coords points="573,1468 3683,1539 3679,1402 3416,1370 573,1358"/>
                <Baseline points="596,1462 686,1462 775,1456 865,1462 955,1462 1044,1462 1134,1468 1223,1468 1313,1468 1402,1468 1492,1474 1581,1474 1671,1474 1760,1480 1850,1480 1939,1480 2029,1486 2119,1486 2208,1486 2298,1486 2387,1486 2477,1486 2566,1492 2656,1492 2745,1492 2835,1492 2924,1492 3014,1498 3103,1498 3193,1498 3282,1504 3372,1504 3462,1510 3551,1510 3641,1510 3694,1510"/>
                <TextEquiv>
                    <Unicode>gantin verhängten gelb flimmernden Luster erblickt und plötzlich</Unicode>
                </TextEquiv>
            </TextLine>
            <TextLine id="tr_1_tl_7" custom="readingOrder {index:6;}">
                <Coords points="561,1633 3545,1692 3471,1535 561,1527"/>
                <Baseline points="584,1617 674,1611 764,1617 853,1617 943,1617 1032,1617 1122,1617 1211,1623 1301,1629 1390,1629 1480,1629 1569,1629 1659,1629 1748,1635 1838,1635 1927,1635 2017,1641 2107,1641 2196,1641 2286,1641 2375,1647 2465,1647 2554,1647 2644,1653 2733,1653 2823,1653 2912,1653 3002,1653 3091,1653 3181,1659 3271,1659 3360,1659 3450,1659 3539,1665 3557,1665"/>
                <TextEquiv>
                    <Unicode>gewusst, dass dieser Luster und nicht jenes fahle Bild auf der</Unicode>
                </TextEquiv>
            </TextLine>
            <TextLine id="tr_1_tl_8" custom="readingOrder {index:7;}">
                <Coords points="558,1767 3659,1830 3538,1680 558,1633"/>
                <Baseline points="578,1760 668,1766 758,1772 847,1772 937,1772 1026,1772 1116,1778 1205,1778 1295,1778 1384,1784 1474,1784 1563,1784 1653,1790 1742,1790 1832,1790 1922,1796 2011,1796 2101,1796 2190,1796 2280,1802 2369,1802 2459,1802 2548,1802 2638,1802 2727,1808 2817,1808 2906,1808 2996,1814 3085,1814 3175,1814 3265,1814 3354,1820 3444,1820 3533,1820 3623,1820 3664,1820"/>
                <TextEquiv>
                    <Unicode>Ebene die Schlacht bedeutete. Paula hatte den Kragen ihrer weis-</Unicode>
                </TextEquiv>
            </TextLine>
            <TextLine id="tr_1_tl_9" custom="readingOrder {index:8;}">
                <Coords points="550,1959 3589,2030 3628,1892 546,1814"/>
                <Baseline points="573,1922 662,1922 752,1927 841,1927 931,1927 1020,1933 1110,1933 1199,1933 1289,1933 1378,1939 1468,1945 1557,1945 1647,1945 1736,1945 1826,1945 1916,1951 2005,1951 2095,1951 2184,1951 2274,1951 2363,1957 2453,1957 2542,1957 2632,1957 2721,1963 2811,1963 2900,1963 2990,1969 3080,1969 3169,1969 3259,1969 3348,1975 3438,1975 3527,1975 3617,1975 3635,1987"/>
                <TextEquiv>
                    <Unicode>sen Wolljacke aufgestellt, ihr Gesicht war von der frischen Luft</Unicode>
                </TextEquiv>
            </TextLine>
            <TextLine id="tr_1_tl_10" custom="readingOrder {index:9;}">
                <Coords points="538,2097 3561,2187 3502,2014 1131,1979 950,2053 534,1959"/>
                <Baseline points="561,2089 650,2083 740,2083 829,2083 919,2083 1008,2083 1098,2089 1187,2089 1277,2089 1366,2095 1456,2095 1545,2101 1635,2101 1725,2101 1814,2101 1904,2101 1993,2107 2083,2107 2172,2107 2262,2107 2351,2107 2441,2113 2530,2113 2620,2119 2709,2119 2799,2119 2889,2119 2978,2124 3068,2124 3157,2124 3247,2130 3336,2130 3426,2136 3515,2142 3563,2142"/>
                <TextEquiv>
                    <Unicode>gerötet. Plötzlich mit jener überraschenden Wendung des Kopfs,</Unicode>
                </TextEquiv>
            </TextLine>
            <TextLine id="tr_1_tl_11" custom="readingOrder {index:10;}">
                <Coords points="526,2234 3451,2316 3447,2167 3223,2148 526,2144"/>
                <Baseline points="549,2232 638,2232 728,2238 817,2244 907,2238 996,2244 1086,2244 1175,2244 1265,2244 1354,2250 1444,2250 1534,2250 1623,2256 1713,2256 1802,2256 1892,2262 1981,2262 2071,2262 2160,2262 2250,2262 2339,2268 2429,2268 2518,2268 2608,2268 2698,2274 2787,2274 2877,2274 2966,2274 3056,2280 3145,2280 3235,2280 3324,2286 3414,2286 3462,2292"/>
                <TextEquiv>
                    <Unicode>die Robert schon an ihr kannte und beinahe liebte, wandte sie</Unicode>
                </TextEquiv>
            </TextLine>
            <TextLine id="tr_1_tl_12" custom="readingOrder {index:11;}">
                <Coords points="510,2399 3498,2470 3408,2297 510,2313"/>
                <Baseline points="531,2381 620,2387 710,2393 799,2393 889,2393 978,2393 1068,2393 1157,2399 1247,2399 1337,2405 1426,2405 1516,2405 1605,2411 1695,2411 1784,2411 1874,2411 1963,2417 2053,2417 2142,2423 2232,2423 2321,2429 2411,2423 2501,2429 2590,2423 2680,2429 2769,2429 2859,2429 2948,2435 3038,2435 3127,2435 3217,2441 3306,2441 3396,2441 3485,2447 3503,2447"/>
                <TextEquiv>
                    <Unicode>sich zu ihm: "Beschäftigen Sie sich nicht ein dischen zu viel</Unicode>
                </TextEquiv>
            </TextLine>
            <TextLine id="tr_1_tl_13" custom="readingOrder {index:12;}">
                <Coords points="499,2599 3585,2619 3490,2438 1688,2497 495,2403"/>
                <Baseline points="519,2542 608,2542 698,2542 787,2542 877,2548 966,2548 1056,2548 1146,2554 1235,2554 1325,2554 1414,2554 1504,2560 1593,2560 1683,2566 1772,2566 1862,2566 1951,2572 2041,2572 2130,2572 2220,2572 2310,2572 2399,2578 2489,2578 2578,2584 2668,2578 2757,2584 2847,2584 2936,2584 3026,2590 3115,2590 3205,2590 3294,2596 3384,2596 3473,2596 3563,2596 3593,2596"/>
                <TextEquiv>
                    <Unicode>mit sich selbst" - "Ich glaube nicht", erwiederte Robert betrof-</Unicode>
                </TextEquiv>
            </TextLine>
            <TextLine id="tr_1_tl_14" custom="readingOrder {index:13;}">
                <Coords points="479,2709 3541,2780 3459,2611 479,2603"/>
                <Baseline points="501,2692 590,2698 680,2703 770,2703 859,2703 949,2703 1038,2709 1128,2709 1217,2709 1307,2709 1396,2709 1486,2715 1575,2721 1665,2727 1754,2721 1844,2727 1933,2727 2023,2727 2113,2727 2202,2727 2292,2733 2381,2733 2471,2733 2560,2739 2650,2739 2739,2739 2829,2739 2918,2739 3008,2745 3097,2745 3187,2745 3276,2751 3366,2751 3456,2751 3545,2763 3551,2763"/>
                <TextEquiv>
                    <Unicode>fen. "Vielleicht gesteh' ich's nur aufrichtiger zu als Andere."</Unicode>
                </TextEquiv>
            </TextLine>
            <TextLine id="tr_1_tl_15" custom="readingOrder {index:14;}">
                <Coords points="467,2866 3510,2937 3506,2788 3381,2772 467,2752"/>
                <Baseline points="489,2847 578,2853 668,2853 758,2859 847,2859 937,2859 1026,2865 1116,2865 1205,2865 1295,2871 1384,2871 1474,2871 1563,2877 1653,2877 1742,2877 1832,2877 1922,2883 2011,2883 2101,2883 2190,2883 2280,2889 2369,2889 2459,2889 2548,2894 2638,2894 2727,2894 2817,2894 2906,2894 2996,2900 3085,2900 3175,2900 3265,2906 3354,2906 3444,2906 3515,2906"/>
                <TextEquiv>
                    <Unicode>Und er fragte sich: Wenn ich ihr früher begegnet wäre, hätte es</Unicode>
                </TextEquiv>
            </TextLine>
            <TextLine id="tr_1_tl_16" custom="readingOrder {index:15;}">
                <Coords points="463,3027 3530,3098 3435,2921 463,2913"/>
                <Baseline points="483,3008 573,3008 662,3008 752,3014 841,3014 931,3014 1020,3014 1110,3014 1199,3020 1289,3020 1378,3026 1468,3026 1557,3026 1647,3032 1736,3032 1826,3032 1916,3032 2005,3038 2095,3038 2184,3038 2274,3038 2363,3044 2453,3050 2542,3050 2632,3050 2721,3050 2811,3050 2900,3050 2990,3050 3080,3056 3169,3056 3259,3062 3348,3062 3438,3068 3527,3074 3539,3074"/>
                <TextEquiv>
                    <Unicode>mir geholfen? Wär' ich ein Anderer geworden,ein Gesunderer, ein</Unicode>
                </TextEquiv>
            </TextLine>
            <TextLine id="tr_1_tl_17" custom="readingOrder {index:16;}">
                <Coords points="452,3188 3596,3223 3561,3094 448,3043"/>
                <Baseline points="471,3163 561,3163 650,3163 740,3169 829,3169 919,3169 1008,3169 1098,3175 1187,3175 1277,3181 1366,3181 1456,3181 1545,3187 1635,3187 1725,3187 1814,3187 1904,3193 1993,3193 2083,3199 2172,3199 2262,3199 2351,3199 2441,3199 2530,3205 2620,3205 2709,3205 2799,3205 2889,3205 2978,3211 3068,3217 3157,3211 3247,3217 3336,3217 3426,3223 3515,3217 3605,3217 3611,3211"/>
                <TextEquiv>
                    <Unicode>Besserer als ich heute bin? War mir mein Dasein von Beginn an vor-</Unicode>
                </TextEquiv>
            </TextLine>
        </TextRegion>
        <TextRegion id="tr_2" custom="readingOrder {index:1;}">
            <Coords points="370,3274 3563,3274 3563,4976 370,4976"/>
            <TextLine id="tr_2_tl_1" custom="readingOrder {index:0;}">
                <Coords points="440,3337 3424,3404 3384,3231 436,3212"/>
                <Baseline points="459,3330 549,3324 638,3324 728,3330 817,3330 907,3330 996,3330 1086,3330 1175,3336 1265,3336 1354,3336 1444,3342 1534,3342 1623,3342 1713,3348 1802,3348 1892,3354 1981,3354 2071,3354 2160,3354 2250,3354 2339,3360 2429,3360 2518,3360 2608,3360 2698,3366 2787,3366 2877,3372 2966,3366 3056,3366 3145,3372 3235,3372 3324,3372 3414,3378 3432,3384"/>
                <TextEquiv>
                    <Unicode>gezeichnet? Oder hab' ich irgend einmal die Wahl gehabt - die</Unicode>
                </TextEquiv>
            </TextLine>
            <TextLine id="tr_2_tl_2" custom="readingOrder {index:1;}">
                <Coords points="424,3510 3553,3565 3475,3384 420,3353"/>
                <Baseline points="441,3473 531,3479 620,3479 710,3485 799,3485 889,3485 978,3485 1068,3485 1157,3491 1247,3491 1337,3491 1426,3497 1516,3497 1605,3497 1695,3497 1784,3503 1874,3503 1963,3509 2053,3509 2142,3509 2232,3509 2321,3515 2411,3515 2501,3515 2590,3515 2680,3521 2769,3521 2859,3521 2948,3521 3038,3527 3127,3527 3217,3527 3306,3533 3396,3533 3485,3527 3563,3533"/>
                <TextEquiv>
                    <Unicode>Wahl swischen Schwäche und Stärke, zwischen Gesundsein und Krank-</Unicode>
                </TextEquiv>
            </TextLine>
            <TextLine id="tr_2_tl_3" custom="readingOrder {index:2;}">
                <Coords points="416,3663 3534,3722 3530,3577 3408,3549 412,3545"/>
                <Baseline points="435,3635 525,3635 614,3641 704,3641 793,3641 883,3641 972,3647 1062,3647 1152,3653 1241,3647 1331,3653 1420,3653 1510,3653 1599,3659 1689,3659 1778,3659 1868,3664 1957,3664 2047,3670 2136,3670 2226,3676 2315,3676 2405,3676 2495,3676 2584,3676 2674,3676 2763,3676 2853,3682 2942,3682 3032,3682 3121,3688 3211,3688 3300,3688 3390,3694 3479,3688 3539,3688"/>
                <TextEquiv>
                    <Unicode>sein,swischen Klarheit und Verwirrung? Aber war denn schon etwas</Unicode>
                </TextEquiv>
            </TextLine>
            <TextLine id="tr_2_tl_4" custom="readingOrder {index:3;}">
                <Coords points="420,3832 3530,3914 3494,3718 420,3702"/>
                <Baseline points="441,3790 531,3796 620,3796 710,3796 799,3802 889,3802 978,3802 1068,3802 1157,3808 1247,3808 1337,3808 1426,3814 1516,3814 1605,3820 1695,3820 1784,3820 1874,3820 1963,3826 2053,3826 2142,3826 2232,3826 2321,3832 2411,3832 2501,3832 2590,3832 2680,3838 2769,3838 2859,3838 2948,3844 3038,3844 3127,3850 3217,3850 3306,3850 3396,3850 3485,3850 3539,3855"/>
                <TextEquiv>
                    <Unicode>entschieden? Nein. Untrüglich wusste er's mit einem Mal, dass ihm</Unicode>
                </TextEquiv>
            </TextLine>
            <TextLine id="tr_2_tl_5" custom="readingOrder {index:4;}">
                <Coords points="404,4024 3534,4028 3530,3914 3059,3856 400,3852"/>
                <Baseline points="423,3951 513,3951 602,3951 692,3957 781,3957 871,3957 961,3957 1050,3963 1140,3963 1229,3963 1319,3969 1408,3969 1498,3969 1587,3975 1677,3975 1766,3975 1856,3975 1945,3981 2035,3987 2124,3987 2214,3981 2304,3993 2393,3987 2483,3999 2572,3999 2662,3999 2751,3999 2841,3999 2930,3999 3020,3999 3109,4005 3199,4005 3288,4005 3378,4005 3468,4005 3545,4017"/>
                <TextEquiv>
                    <Unicode>die Wahl noch immer in die Hand gegeben war; aber freilich nicht</Unicode>
                </TextEquiv>
            </TextLine>
            <TextLine id="tr_2_tl_6" custom="readingOrder {index:5;}">
                <Coords points="377,4119 499,4126 577,4170 671,4142 1245,4154 1241,4017 1056,4040 1021,4017 883,4040 825,4013 377,4017"/>
                <Baseline points="399,4106 489,4106 578,4106 668,4112 758,4112 847,4112 937,4118 1026,4118 1116,4124 1205,4130 1253,4130"/>
                <TextEquiv>
                    <Unicode>mehr für lange...</Unicode>
                </TextEquiv>
            </TextLine>
            <TextLine id="tr_2_tl_7" custom="readingOrder {index:6;}">
                <Coords points="836,4295 3274,4354 3357,4327 3357,4185 832,4162"/>
                <Baseline points="859,4273 949,4273 1038,4273 1128,4279 1217,4279 1307,4279 1396,4279 1486,4285 1575,4285 1665,4285 1754,4285 1844,4291 1933,4297 2023,4297 2113,4297 2202,4297 2292,4303 2381,4303 2471,4309 2560,4309 2650,4315 2739,4315 2829,4315 2918,4315 3008,4315 3097,4315 3187,4315 3276,4315 3366,4327"/>
                <TextEquiv>
                    <Unicode>Der Wagen hatte sich gewandt und nun ging es rasch</Unicode>
                </TextEquiv>
            </TextLine>
            <TextLine id="tr_2_tl_8" custom="readingOrder {index:7;}">
                <Coords points="353,4437 3459,4527 3428,4295 349,4307"/>
                <Baseline points="376,4423 465,4423 555,4429 644,4429 734,4429 823,4429 913,4434 1002,4434 1092,4434 1181,4440 1271,4440 1360,4440 1450,4440 1540,4446 1629,4446 1719,4446 1808,4452 1898,4452 1987,4458 2077,4458 2166,4458 2256,4458 2345,4458 2435,4458 2524,4464 2614,4470 2703,4470 2793,4470 2883,4470 2972,4470 3062,4476 3151,4476 3241,4482 3330,4476 3420,4482 3468,4494"/>
                <TextEquiv>
                    <Unicode>bergab. Robert sprach von Amtsgeschäften, die ihn erwarteten, von</Unicode>
                </TextEquiv>
            </TextLine>
            <TextLine id="tr_2_tl_9" custom="readingOrder {index:8;}">
                <Coords points="349,4594 3435,4708 3388,4511 349,4464"/>
                <Baseline points="370,4578 459,4578 549,4584 638,4584 728,4584 817,4584 907,4590 996,4584 1086,4590 1175,4584 1265,4590 1354,4596 1444,4596 1534,4602 1623,4602 1713,4602 1802,4608 1892,4608 1981,4608 2071,4614 2160,4614 2250,4614 2339,4620 2429,4614 2518,4620 2608,4620 2698,4625 2787,4625 2877,4625 2966,4625 3056,4631 3145,4631 3235,4637 3324,4637 3414,4649 3444,4655"/>
                <TextEquiv>
                    <Unicode>seinem Interesse für die Forderungen seines Berufs,-so lebhaft,</Unicode>
                </TextEquiv>
            </TextLine>
            <TextLine id="tr_2_tl_10" custom="readingOrder {index:9;}">
                <Coords points="353,4747 3471,4837 3471,4704 3263,4653 349,4594"/>
                <Baseline points="376,4739 465,4739 555,4739 644,4745 734,4745 823,4745 913,4745 1002,4745 1092,4745 1181,4751 1271,4751 1360,4751 1450,4751 1540,4757 1629,4757 1719,4763 1808,4763 1898,4763 1987,4769 2077,4769 2166,4775 2256,4775 2345,4775 2435,4775 2524,4781 2614,4781 2703,4781 2793,4781 2883,4781 2972,4787 3062,4787 3151,4787 3241,4787 3330,4793 3420,4799 3479,4805"/>
                <TextEquiv>
                    <Unicode>als läge es ihm daran merken zu lassen, dass er mit beiden Füssen</Unicode>
                </TextEquiv>
            </TextLine>
            <TextLine id="tr_2_tl_11" custom="readingOrder {index:10;}">
                <Coords points="353,4967 3451,5006 3365,4814 349,4766"/>
                <Baseline points="370,4888 459,4894 549,4900 638,4900 728,4900 817,4900 907,4906 996,4906 1086,4912 1175,4912 1265,4912 1354,4912 1444,4912 1534,4918 1623,4918 1713,4924 1802,4924 1892,4924 1981,4930 2071,4930 2160,4936 2250,4936 2339,4936 2429,4936 2518,4942 2608,4948 2698,4948 2787,4942 2877,4948 2966,4948 3056,4948 3145,4948 3235,4954 3324,4960 3414,4960 3462,4966"/>
                <TextEquiv>
                    <Unicode>auf festen xxxx Boden stand und keineswegs ein Trauner oder</Unicode>
                </TextEquiv>
            </TextLine>
        </TextRegion>
    </Page>
</PcGts>
