4712 5572
2083 425 2331 668 -14-
920 639 4100 994 befreit; ja ihm war, als wäre nun von allen Möglichkeiten, die sein
924 879 3972 1118 Dasein bedrohen könnten.gerade jene düsterste ein für alle Mal
916 1006 4038 1291 aus der Welt geschafft. Auch als er sich im letzten Frühling ge-
920 1159 4059 1423 mungen sah, jeder Beschäftigung zu entsagen, weil sein Gedächtnis
932 1336 3972 1600 versagte;- als er sich aus der Gesellschaft zurückzog, weil ihn
912 1460 4080 1753 die gleichgültigsten Worte ärgen ich, oder gar schmerzlich berühr-
371 1584 536 1786 G:A:S:
920 1629 4092 1852 ten, als er sogar sein geliebtes Klavierspiel aufgeben musste, weil
1530 1823 1976 1930 Manchurss
908 1786 4129 2034 es ihn selbst plötzlich bis zu Thränen rühren konnte, deren er sich
912 1976 4001 2199 dann schämte;- auch damals hatte er keineswegs den Ausbruch des
330 2079 507 2240 3
899 2091 4084 2343 Wahnsinns gefürehtet, so wenig eine solche Befürchtung ihn während
912 2265 3906 2524 der ganzen Reise gequält hatte; und er wusste untrüglich,dass
895 2413 4170 2640 gestern Abend im Eisenbahnwagen vor dem Einschlafen das schicksals-
912 2590 4174 2817 volle Wort für ihn zum ersten Mal aus seiner Buchstabentotheit wie-
895 2784 4142 2970 der zu lebendiger Bedeutung erwacht war. Damit aber schien ihm der
891 2871 4042 3118 Vertrag zwischen ihm und seinem Bruder neu in Kraft getreten, und
908 3048 3981 3288 jenes Schreiben, das Otto gewiss sorgfältig aufbewahrt hatte,war
891 3205 4063 3432 zum Schuldschein geworden,gegen dessen stumme Unerbittlichkeit es
883 3350 4108 3618 in einer herandrohenden Stunde keinen Einspruch gab. Doch bedurfte
879 3543 4067 3754 es überhaupt eines solchen Scheins? War Otto nicht der Mann einen
883 3700 4063 3931 Verlorenen aus der Welt zu schaffen, auch ohne durch einen binden-
874 3882 4187 4088 den Vertrag der Verantwortung enthoben zu sein, einfach aus Menschen-
837 3985 3985 4282 liebe? Und Robert zweifelte nicht,dass sich kluge und edle Aerzte
866 4154 4096 4377 zu einem Vorgehen solcher Art viel öfter entschliessen, als im All-
854 4311 4096 4525 gemeinen bekannt zu werden pflegt; auch ohne Rechtfertigungsbriefe
854 4525 2970 4777 in der Hand zu haben, wie Otto einen besaa.
1361 4620 4067 4872 Aber kam es nicht auch vor, dass Aerste sich täuschten?
837 4806 4146 5041 Können sie nicht selbst irrsinnig werden und einen geistig Gesunden
