4264 5396
1646 352 1895 649 -38-
633 665 3727 950 dessen Erinnerung zu ertragen er nicht stark genug gewesen wäre.
1139 894 3565 1092 Und plötzlich, mit stille stehendem Herzen, richtete
657 930 1013 1076 it aine
593 1080 3596 1254 er sich im Bette auf, Drängte sich ihm die Vermutung immer ge-
605 1226 3636 1393 bieterischer auf, dass Alberta von seiner Hand den Tod gefunden,
586 1389 3766 1582 so war sie vielleicht nicht die einzige gewesen,die dieses Schick-
586 1499 3719 1673 sal erlitten hatte. Vor mehr als zehn Jahren war seine junge Frau
582 1681 3584 1863 völlig unerwartet dahingeschieden. Eines Morgens war er in ihr
562 1828 3624 2045 Schlafzimmer getreten, um vor dem Gang ins Amt ihr den gewohnten
546 1994 3584 2200 Kuss auf die Stirn zu drücken; da hatte er sie tot im Bette ge-
546 2160 3541 2322 funden; und er erinnerte sich heute mit Grauen, dass er damals,
534 2283 3616 2465 im ersten Augenblick wenigstens, keine sonderliche Erschütterung.
502 2425 3489 2659 ja kaum ein heftiges Erstaunen verspürt hatte. Der Arst hatte
518 2623 3644 2817 den Tod der jungen Frau wohl als ein an sich seltehes Vorkommnis,
491 2781 3537 2971 aber doch mit Rücksicht auf ihre, für so junge Jahre nicht uner-
491 2924 3517 3121 hebliche Ueppigkeit und auf gewisse von Zeit zu Zeit auftreten.
487 3106 3588 3276 de Herzbeschwerden keineswegs als rätselhaft hingenommen; und da
475 3232 3525 3422 im übrigen nicht der geringste Verdacht auf Selbstmord oder gar
467 3406 3588 3545 auf ein Verbrechen vorlag, so war der Leichnam ohne weitere Unter-
455 3549 3470 3774 suchung ins Grab gesenkt worden. Die Ehe hatte innerhalb ihrer
439 3731 3402 3893 genzen dreijährigen Dauer durchaus als glücklich gegolten, und
407 3877 3541 4031 Robert hatte das liebevolle, sanfte, etwas bequeme Geschöpf stets,
407 4027 3561 4209 nicht nur vor den Leuten, sondern auch daheim) wenn nicht mit Zart-
400 4158 3296 4356 lichkeit, doch mit ritterlicher Galanterie behandelt. Nur er
396 4348 3462 4498 selbst wusste, wie schwer er von allen Anbeginn gerade unter der
388 4467 3430 4684 Sanftmut und Gutherzigkeit seiner Frau gelitten hatte; wie ihre
384 4668 3367 4827 zuweilen törichten Bemerkungen,wie ihr Schweigen, wie ihre Art
360 4819 3379 5068 mit gerundeten Lippen seine Küsse hinsunehmen und zu erwarten.
