4376 5412
1875 398 2122 625 -94-
764 772 3790 952 nicht nur sich selbst, nicht xxx eine Art von Beichte bedeuten,
752 932 3866 1123 sie waren auch dazu bestimmt den Bruder zu versöhnen, dessen Wahn
737 1091 3806 1270 zu zerstreuen und ihm Erleuchtung zu bringen, die sie beide ret-
737 1254 1019 1429 tete.
1194 1389 3758 1585 „Es ist gewiss ein Glück“, unterbrach Otto des Bruders
713 1433 868 1581 Ede de
741 1557 3782 1732 dahinströmende Wortflut, "dass du endlich das richtige Wesen ge-
717 1712 3691 1875 funden hast, und du kannst versichert sein, dass wir alle deine
701 1875 3902 2046 Freude teilen. Steht übrigens schon der Termin der Hochzeit fest?“
1182 2015 3806 2162 Was soll die Frage, dachte Robert bei sich. Gibt er mir
689 2170 3671 2333 noch so lange Frist bis dahin —? Ist ihm am Ende nur darum zu
681 2321 3830 2496 tun, dass — ich nicht belastete Nachkommen in die Welt setze? Aber
677 2492 3758 2683 er vermochte ganz ruhig zu erwiedern: "Der Tag steht noch nicht
657 2600 3818 2835 fest. Im März denke ich. Wir wollen dann gleich eine schöne Reise
653 2807 1039 2986 machen.
1119 2946 3882 3133 Otto lächelte. "Du heiratest wohl nur, um wieder dafür ei-
649 3101 1712 3292 nen Vorwand zu haben?"
1178 3257 3611 3452 "Keine sehr lange diesmal", sagte Robert. "Ich kann
625 3424 3269 3587 nicht gleich wieder für ein paar Monate Urlaub nehmen."
1167 3575 2325 3750 "Wo wollt Ihr denn hin?"
1147 3734 3675 3914 "Nach Dalmatien. Ich möchte Paula Spalato zeigen, den
581 3882 2202 4057 Palast des Diocletian,-Ragusa..."
1159 4049 3567 4200 Otto nickte. In diesen Gegenden hatten die Brüder
581 4204 3695 4375 vor vielen Jahren einmal als Knaben mit ihren Eltern die Oster-
561 4359 3531 4527 seit zugebracht. Otto erinnerte Robert an manche Einzelheiten
549 4495 3699 4666 jenes Aufenthaltes; und seine Stimme klang so warm,so nah,-ins-
545 4654 3659 4833 besondere als er dann noch von anderen längst vergangenen Dingen
537 4825 3627 5040 und endlich auch vom Elternhaus, einem uralten, seither verschwun-
