4296 5380
1203 67 1376 282 1
1693 435 1929 647 -50-
600 717 3618 933 Ruhe, schreit der Richter, hier ist kein Theater. Ich werde den
615 894 1631 1082 Saal räumen. lassen. —
1149 1058 3512 1270 Robert, der ununterbrochen im Zimmer hin und her
576 1250 3697 1427 gelaufen war, blieb stehen, sah rings um sich und, wie es ihm meis-
564 1392 3685 1556 tens geschah, gerade,wenn die Flucht seiner Gedanken sich ins Ab-
553 1529 3595 1717 geschmackt-Unsinnige verloren hatte, kam er jählings zur Besin-
541 1701 3626 1862 nung. Er sagte sich, dass die Abreise der Damen unmöglich in ir-
529 1858 3669 2011 gend einer Beziehung zu seiner Anwesenheit hier oben stehen kön-
525 2046 3606 2203 ne. Er wusste, dass er weder schuldig, noch irgend einem Menschen
514 2191 3626 2379 auf der Welt verdächtig war. Seine Nerven waren noch immer nicht
498 2328 3630 2497 in Ordnung, das war alles. Keineswegs aber war Paula das Geschöpf
490 2485 3504 2662 auf ein unklares, verleumderisches Telegramm hin davonsufahren
478 2630 3622 2803 und ihn seinem Schicksal zu überlassen. Sie wäre nicht abgereist,
466 2783 3591 2960 ohne ihn gesprochen zu haben; was immer man ihr hinterbracht, sie
455 2956 3454 3109 hätte versucht,mit eigener Urteilskraft der Angelegenheit auf
463 3097 3571 3285 den Grund zu kommen. Und selbst den Fall gesetzt,er hätte jemals
451 3265 3524 3426 in seinem Leben ein Verbrechen begangen, x i e war die Frau es
423 3418 3442 3583 zu verstehen und es zu verzeihen. Uebrigens... kam das alles
396 3552 3552 3751 nicht in Betracht. Gründe für die Abreise der Damen konnte es zu
396 3728 3414 3908 Dutzenden geben. Der Vater war erkrankt... oder sonst wer aus
380 3873 3520 4057 der Familie. Gewiss nichts Bedenkliches, sonst hätte man kaum da-
380 4034 3485 4234 ran gedacht, ihn grüssen zu lassen. Ich bin kein Mörder und kein
365 4210 3383 4383 Mensch denkt von mir, dass ich einer sein könnte. Morgen kommt
361 4383 3285 4555 ein Brief von Paula, eine Entschuldigung,eine Erklärung. Und
349 4488 3454 4696 wenn nicht,- so verschaffe ich sie mir selber. Ich bin ja frei,
337 4677 3285 4880 Wich bin ja nicht eingesperrt und Höhnburg ist lange tot. Was
325 4806 3226 5072 geht mich Höhnburg an Mein Bruder denkt nicht daran mir den
