4184 5396
1513 322 1731 540 -28-
516 592 3652 734 Rechnung bezahlt und in einem nicht eben unangenehmen Gefühl von
528 711 3454 889 Befreitheit mit einem letzten kaum wehmütigen Blick nach dem
496 873 3652 1048 Fenster, hinter dessen geschlossenen Vorhängen Alberta noch schla-
508 1032 3704 1203 fen mochte, die Bergstrasse an den See hinuntergefahren war. Woran
496 1171 3462 1322 er sich aber durchaus nicht zu erinnern vermochte,das war der
496 1302 3541 1513 Augenblick,da er von Alberta endgültig Abschied genommen hatte.
484 1493 3660 1659 Noch sah er sich mit ihr auf einem schmalen Pfad, der von dem brei-
480 1620 3621 1790 teren Spazierweg abzweigend, ins Dunkel des Waldes führte; er ent-
472 1806 3589 1977 sann sich auch, dass er später, schon in der Finsternis, allein, von
468 1965 3462 2124 schwerer Müdigkeit befangen, auf einem Baumstumpf gesessen war;
457 2108 3597 2275 aber wie er den Weg ins Hotel zurückgefunden,was er seinem Zimmer
449 2279 3545 2449 getan,wie er zu Bett gegangen und wie er des Morgens wieder auf-
437 2390 3593 2612 gestanden war, davon wusste er nicht das Geringste mehr. Erst beim
433 2573 3533 2771 Bezahlen der Rechnung in der Hotelhalle,wo eben der Boden gefegt
433 2771 3545 2910 wurde,setzte sein Gedächtnis wieder ein. Und plötzlich, mit einer
433 2870 3498 3053 bohrenden Angst, fragte er sich, ob das Gespräch mit Alberta nach
409 3073 3521 3228 jenem ihm in Erinnerung gebliebenen äusserlich scheinbar ruhigen
389 3224 3462 3374 Abschluss nicht etwa noch eine Fortsetzung ganz anderer Art ge-
397 3287 3553 3553 funden hatte, die ihm aus dem Gedächtnis entschwunden; ob er nicht
397 3541 3494 3704 wirklich, von wühlender Eifersucht übermannt, zu einem Schlage ge-
365 3708 3545 3847 gen sie ausgeholt,- ob er sie nicht gar erwürgt, und nachher unter
377 3835 3498 4018 verwittertem Laub versteckt und eingescharrt hatte. Nur dies war
361 3982 3474 4176 sicher: Er war mit ihr in den Wald gegangen und ohne sie surück-
361 4165 3343 4331 gekehrt; ob sie später allein zurückgekommen war, das hatte er
341 4315 3494 4474 ja niemals erfahren. War sie nicht heimgekehrt, so musste es frei-
337 4470 3422 4637 lich im Hotel aufgefallen sein, aber konnte er denn ahnen, was er
337 4609 3331 4800 zur Erklärung ihres Ausbleibens für geschickte Lügen erfunden
349 4788 3331 5038 und vorgebracht haben mochte? Wenn er, wie er es nun mit einem
