4280 5396
1853 412 2093 593 -51-
695 667 3691 934 Schuldschein vorzuweisen. Es gibt weder Schein noch Schuld...
695 883 1763 1115 Ich habe die Wahl...
1818 923 2085 1119 assen
628 1245 1881 1410 Leinbach xxx
2937 1245 3345 1410 sert auch
628 1362 1417 1563 haben mochte, was
624 1535 3773 1720 Au nächsten Morgen kündigte Doktor Leinbach durch ei-
683 1684 3695 1857 ne vergnügte Karte seinen Besuch für denselben Tag an. Robert,
683 1822 3777 2057 der mit ruhigen Sinnen erwacht war, entschloss sich ihm entgegen-
664 2002 3624 2144 zugehen. Auf der breiten Waldstrasse, im kühlen Herbstschatten
652 2175 3734 2344 der Tannen, durch die ein mattblauer Himmel schimmerte, begegneten
640 2293 3750 2517 sich die Freunde. Leinbach war touristisch ausgerüstet,mit Nagel-
636 2450 3659 2650 schuhen, Kniehosen, Bergstock und Rucksack. "Was hast du Grosses
636 2627 3600 2815 vor?" fragte Robert. "Nichts weiter", erwiederte Leinbach," als
609 2780 3596 2933 mich in die Landschaft zu fügen und für alle Möglichkeiten ge-
597 2929 3589 3141 rüstet su sein." - "Jedenfalls", sagte Robert,"müsstest du auf
581 3121 3636 3286 meine Gesellschaft verzichten,falls du etwa gesonnen wärst eine
593 3255 3714 3459 Bergbesteigung zu unternehmen.“ - "Ich denke nicht daran,unso we-
561 3404 3530 3573 niger, als ich schon um fünf Uhr swanzig hineinfahren muss." -
573 3565 3518 3730 "Also wozu der Rucksack?" - "Für den Fall, dass man Lust hätte
546 3710 3549 3863 im Freien zu essen." - “Was hast du denn alles mit?" - ”Schin-
538 3863 3608 4083 ken, Käse, Brot, eine Flasche Wein, einen Band Goethe und etwas Ver-
550 4017 3463 4193 bandzeug." - "Das auch?" - "War noch von meiner letzten Tour
510 4138 3581 4374 her drin. Ich wollte es schon herausnehmen, aber so etwas hiene
1221 4303 1657 4386 versuchen
514 4339 3604 4531 das Schicksal herausfandern.“ Er hing sich in Roberts Arm. „Also
510 4476 3549 4688 erzähle, was hast du die paar Tage heroben gemacht? Schönes Wet-
463 4633 1704 4853 ter gehabt, nicht wahr?"
2532 4672 3223 4845 nen kluge laut.
993 4802 3314 5065 Robert berichtete, dass er beinahe die ganzen Tage
