<?xml version="1.0" encoding="UTF-8" standalone="yes"?>
<PcGts xmlns="http://schema.primaresearch.org/PAGE/gts/pagecontent/2013-07-15" xmlns:xsi="http://www.w3.org/2001/XMLSchema-instance" xsi:schemaLocation="http://schema.primaresearch.org/PAGE/gts/pagecontent/2013-07-15 http://schema.primaresearch.org/PAGE/gts/pagecontent/2013-07-15/pagecontent.xsd">
    <Metadata>
        <Creator>prov=READ-COOP:name=TrHtr:version=2.1.0:model_id=51170:date=15_08_2023_05:31</Creator>
        <Created>2023-05-10T15:07:04.183+02:00</Created>
        <LastChange>2023-08-15T05:31:46.778+02:00</LastChange>
        <TranskribusMetadata docId="1428799" pageId="55430920" pageNr="122" tsid="132839533" status="IN_PROGRESS" userId="64420" imgUrl="https://files.transkribus.eu/Get?id=HJISHRQOHVIFQXHAGPEXVZGJ&amp;fileType=view" xmlUrl="https://files.transkribus.eu/Get?id=UXMXXBXBUJGWKAJTKUFXAUAY" imageId="44704992"/>
    </Metadata>
    <Page imageFilename="1428799_0122.jpg" imageWidth="4900" imageHeight="5620">
        <ReadingOrder>
            <OrderedGroup id="ro_1711805514177" caption="Regions reading order">
                <RegionRefIndexed index="0" regionRef="tr_1"/>
                <RegionRefIndexed index="1" regionRef="tr_2"/>
            </OrderedGroup>
        </ReadingOrder>
        <TextRegion id="tr_1" custom="readingOrder {index:0;}">
            <Coords points="912,588 4062,588 4062,3315 912,3315"/>
            <TextLine id="tr_1_tl_1" custom="readingOrder {index:0;}">
                <Coords points="1990,707 2021,711 2110,688 2169,723 2200,719 2211,735 2258,711 2301,727 2305,564 2130,564 2110,548 2052,579 1994,575"/>
                <Baseline points="2016,644 2046,644 2135,638 2225,638 2314,638"/>
                <TextEquiv>
                    <Unicode>-122-</Unicode>
                </TextEquiv>
            </TextLine>
            <TextLine id="tr_1_tl_2" custom="readingOrder {index:1;}">
                <Coords points="925,983 3882,968 3999,933 4003,789 925,909"/>
                <Baseline points="948,978 966,978 1055,978 1145,972 1234,972 1324,966 1413,966 1503,966 1592,960 1682,960 1771,966 1861,960 1950,954 2040,948 2129,942 2219,942 2308,942 2398,942 2487,936 2577,936 2666,930 2756,930 2845,924 2935,924 3024,924 3114,918 3203,918 3293,912 3382,912 3472,912 3561,906 3651,906 3740,900 3830,894 3919,894 4009,888"/>
                <TextEquiv>
                    <Unicode>Gesetze erlaubt, ja geboten war.In der Rocktasche spannte er vor-</Unicode>
                </TextEquiv>
            </TextLine>
            <TextLine id="tr_1_tl_3" custom="readingOrder {index:2;}">
                <Coords points="929,1178 3630,1123 4049,1092 4053,956 933,1065"/>
                <Baseline points="954,1133 1020,1133 1109,1133 1199,1127 1288,1127 1378,1127 1467,1121 1557,1121 1646,1115 1736,1109 1825,1109 1915,1103 2004,1103 2094,1097 2183,1091 2273,1091 2362,1091 2452,1091 2541,1085 2631,1085 2720,1085 2810,1079 2899,1079 2988,1079 3078,1073 3167,1073 3257,1067 3346,1067 3436,1067 3525,1061 3615,1055 3704,1055 3794,1055 3883,1055 3973,1050 4062,1044"/>
                <TextEquiv>
                    <Unicode>sichtig den Hahn seiner Waffe und während der Bruder ihm am Halse</Unicode>
                </TextEquiv>
            </TextLine>
            <TextLine id="tr_1_tl_4" custom="readingOrder {index:3;}">
                <Coords points="925,1341 3890,1286 4007,1123 929,1213"/>
                <Baseline points="948,1288 972,1288 1061,1288 1151,1288 1240,1276 1330,1276 1419,1270 1509,1270 1598,1264 1688,1264 1777,1264 1867,1258 1956,1252 2046,1252 2135,1252 2225,1252 2314,1246 2404,1246 2493,1246 2583,1240 2672,1240 2762,1240 2851,1234 2941,1234 3030,1229 3120,1229 3209,1223 3299,1223 3388,1223 3478,1217 3567,1211 3657,1211 3746,1205 3836,1205 3925,1205 4015,1211"/>
                <TextEquiv>
                    <Unicode>hing,setzte er ihre Mündung an Ottos Brust, der jetzt erst merkte,</Unicode>
                </TextEquiv>
            </TextLine>
            <TextLine id="tr_1_tl_5" custom="readingOrder {index:4;}">
                <Coords points="925,1485 2965,1477 3910,1399 3964,1263 925,1368"/>
                <Baseline points="948,1443 1020,1443 1109,1437 1199,1437 1288,1431 1378,1425 1467,1419 1557,1419 1646,1413 1736,1413 1825,1413 1915,1407 2004,1413 2094,1407 2183,1402 2273,1402 2362,1402 2452,1402 2541,1402 2631,1396 2720,1390 2810,1390 2899,1390 2988,1384 3078,1384 3167,1378 3257,1372 3346,1372 3436,1366 3525,1366 3615,1366 3704,1360 3794,1360 3883,1360 3973,1354"/>
                <TextEquiv>
                    <Unicode>was sich vorbereitete. Aber im Augenblick,da er erkannte,was im</Unicode>
                </TextEquiv>
            </TextLine>
            <TextLine id="tr_1_tl_6" custom="readingOrder {index:5;}">
                <Coords points="921,1644 3816,1597 3983,1551 3987,1430 925,1504"/>
                <Baseline points="948,1592 954,1592 1044,1592 1133,1586 1223,1586 1312,1580 1402,1580 1491,1580 1580,1575 1670,1569 1759,1563 1849,1563 1938,1557 2028,1557 2117,1557 2207,1557 2296,1557 2386,1551 2475,1551 2565,1551 2654,1545 2744,1545 2833,1539 2923,1539 3012,1533 3102,1533 3191,1533 3281,1527 3370,1521 3460,1521 3549,1515 3639,1515 3728,1515 3818,1509 3907,1509 3997,1509"/>
                <TextEquiv>
                    <Unicode>Werk war, nach dem Lauf der Waffe greifen, zurückweichen und rufen</Unicode>
                </TextEquiv>
            </TextLine>
            <TextLine id="tr_1_tl_7" custom="readingOrder {index:6;}">
                <Coords points="929,1784 3844,1737 3925,1570 933,1640"/>
                <Baseline points="954,1748 978,1742 1067,1742 1157,1736 1246,1736 1336,1730 1425,1724 1515,1724 1604,1724 1694,1724 1783,1718 1873,1718 1962,1718 2052,1712 2141,1712 2231,1706 2320,1706 2410,1706 2499,1700 2589,1700 2678,1700 2768,1694 2857,1694 2947,1694 3036,1688 3126,1688 3215,1682 3305,1682 3394,1676 3484,1676 3573,1676 3663,1670 3752,1670 3842,1664 3931,1664"/>
                <TextEquiv>
                    <Unicode>wollte,war ihm die Kugel mitten ins Herz gedrungen und er stank</Unicode>
                </TextEquiv>
            </TextLine>
            <TextLine id="tr_1_tl_8" custom="readingOrder {index:7;}">
                <Coords points="921,1970 1372,1990 1461,1931 1667,1951 1873,1896 2102,1931 2223,1896 2227,1792 1846,1745 1714,1827 1430,1772 1189,1823 1069,1780 925,1803"/>
                <Baseline points="942,1897 978,1897 1067,1891 1157,1891 1246,1885 1336,1885 1425,1879 1515,1879 1604,1879 1694,1873 1783,1867 1873,1867 1962,1867 2052,1867 2141,1867 2231,1861"/>
                <TextEquiv>
                    <Unicode>lautlos auf den Boden hin.</Unicode>
                </TextEquiv>
            </TextLine>
            <TextLine id="tr_1_tl_9" custom="readingOrder {index:8;}">
                <Coords points="1399,2071 3377,2060 3929,2017 3933,1893 1399,1966"/>
                <Baseline points="1419,2034 1437,2034 1527,2034 1616,2028 1706,2028 1795,2028 1885,2022 1974,2028 2064,2022 2153,2022 2243,2016 2332,2010 2422,2010 2511,2010 2601,2004 2690,2004 2780,1998 2869,1998 2959,1992 3048,1992 3138,1986 3227,1986 3317,1986 3406,1986 3496,1980 3585,1980 3675,1974 3764,1974 3854,1974 3943,1968"/>
                <TextEquiv>
                    <Unicode>Robert aber, noch nicht zum Bewusstsein seiner Tat ge-</Unicode>
                </TextEquiv>
            </TextLine>
            <TextLine id="tr_1_tl_10" custom="readingOrder {index:9;}">
                <Coords points="913,2223 3875,2204 3945,2044 917,2087"/>
                <Baseline points="936,2207 996,2207 1085,2201 1175,2201 1264,2195 1354,2189 1443,2189 1533,2183 1622,2183 1712,2183 1801,2177 1891,2177 1980,2177 2070,2171 2159,2171 2249,2171 2338,2171 2428,2165 2517,2159 2607,2159 2696,2153 2786,2153 2875,2153 2965,2147 3054,2141 3144,2141 3233,2135 3323,2135 3412,2135 3502,2129 3591,2129 3681,2123 3770,2123 3860,2123 3949,2129"/>
                <TextEquiv>
                    <Unicode>langt, nur erst in der Ähnung des Grauenhaften, Unwiderruflichen,</Unicode>
                </TextEquiv>
            </TextLine>
            <TextLine id="tr_1_tl_11" custom="readingOrder {index:10;}">
                <Coords points="921,2409 3610,2351 3844,2324 3847,2196 925,2285"/>
                <Baseline points="942,2362 990,2362 1079,2356 1169,2356 1258,2350 1348,2344 1437,2344 1527,2344 1616,2338 1706,2338 1795,2338 1885,2332 1974,2326 2064,2326 2153,2326 2243,2320 2332,2320 2422,2320 2511,2320 2601,2314 2690,2314 2780,2308 2869,2302 2959,2302 3048,2302 3138,2296 3227,2296 3317,2290 3406,2290 3496,2284 3585,2279 3675,2279 3764,2273 3854,2273"/>
                <TextEquiv>
                    <Unicode>das geschehen war, und in einer dumpfen Angst noch hier an Ort</Unicode>
                </TextEquiv>
            </TextLine>
            <TextLine id="tr_1_tl_12" custom="readingOrder {index:11;}">
                <Coords points="913,2549 3568,2522 3867,2456 3871,2328 917,2429"/>
                <Baseline points="936,2511 1008,2511 1097,2511 1187,2511 1276,2505 1366,2505 1455,2505 1545,2499 1634,2499 1724,2493 1813,2493 1903,2493 1992,2487 2082,2487 2171,2487 2261,2481 2350,2481 2440,2475 2529,2469 2619,2469 2708,2463 2798,2463 2887,2463 2977,2463 3066,2458 3156,2452 3245,2446 3335,2446 3424,2446 3513,2440 3603,2440 3692,2434 3782,2434 3871,2428"/>
                <TextEquiv>
                    <Unicode>und Stelle zu erfassen, was er getan, stürzte an der Leiche des</Unicode>
                </TextEquiv>
            </TextLine>
            <TextLine id="tr_1_tl_13" custom="readingOrder {index:12;}">
                <Coords points="913,2713 3789,2674 3941,2662 3948,2483 917,2596"/>
                <Baseline points="936,2672 1002,2672 1091,2672 1181,2666 1270,2660 1360,2660 1449,2660 1539,2654 1628,2654 1718,2654 1807,2654 1897,2648 1986,2648 2076,2642 2165,2636 2255,2636 2344,2636 2434,2631 2523,2631 2613,2631 2702,2625 2792,2619 2881,2619 2971,2613 3060,2613 3150,2613 3239,2607 3329,2607 3418,2601 3508,2601 3597,2595 3687,2589 3776,2589 3865,2589 3955,2589"/>
                <TextEquiv>
                    <Unicode>Bruders vorbei durch den dunklen Gang,die Treppe hinab, über den</Unicode>
                </TextEquiv>
            </TextLine>
            <TextLine id="tr_1_tl_14" custom="readingOrder {index:13;}">
                <Coords points="909,2903 3078,2767 3770,2821 3945,2775 3948,2654 913,2709"/>
                <Baseline points="930,2839 1002,2833 1091,2827 1181,2821 1270,2821 1360,2815 1449,2815 1539,2815 1628,2810 1718,2804 1807,2804 1897,2804 1986,2798 2076,2798 2165,2798 2255,2792 2344,2792 2434,2786 2523,2786 2613,2780 2702,2780 2792,2774 2881,2774 2971,2768 3060,2768 3150,2762 3239,2756 3329,2756 3418,2756 3508,2750 3597,2750 3687,2744 3776,2744 3865,2738 3955,2738"/>
                <TextEquiv>
                    <Unicode>Flur, durch das seit Ottos Ankunft noch nicht wiedergeschlossene</Unicode>
                </TextEquiv>
            </TextLine>
            <TextLine id="tr_1_tl_15" custom="readingOrder {index:14;}">
                <Coords points="902,3055 3836,2969 3925,2802 905,2903"/>
                <Baseline points="924,2983 978,2988 1067,2983 1157,2983 1246,2977 1336,2977 1425,2977 1515,2971 1604,2971 1694,2965 1783,2965 1873,2959 1962,2959 2052,2959 2141,2953 2231,2947 2320,2947 2410,2941 2499,2941 2589,2941 2678,2935 2768,2935 2857,2935 2947,2929 3036,2923 3126,2917 3215,2917 3305,2917 3394,2911 3484,2911 3573,2905 3663,2905 3752,2899 3842,2899 3931,2893"/>
                <TextEquiv>
                    <Unicode>Haustor,lief über den menschenleeren Marktplatz, durch die lange</Unicode>
                </TextEquiv>
            </TextLine>
            <TextLine id="tr_1_tl_16" custom="readingOrder {index:15;}">
                <Coords points="898,3179 3913,3128 3972,2926 902,3055"/>
                <Baseline points="918,3150 930,3150 1020,3144 1109,3138 1199,3138 1288,3132 1378,3132 1467,3132 1557,3132 1646,3132 1736,3126 1825,3120 1915,3114 2004,3108 2094,3108 2183,3108 2273,3108 2362,3102 2452,3096 2541,3096 2631,3090 2720,3084 2810,3084 2899,3084 2988,3084 3078,3078 3167,3078 3257,3072 3346,3072 3436,3066 3525,3066 3615,3060 3704,3060 3794,3054 3883,3054 3973,3042"/>
                <TextEquiv>
                    <Unicode>Dorfstrasse in die freie Landschaft hinaus, stapfte durch den ho-</Unicode>
                </TextEquiv>
            </TextLine>
            <TextLine id="tr_1_tl_17" custom="readingOrder {index:16;}">
                <Coords points="1928,3198 1990,3202 2001,3214 2036,3202 2095,3214 2207,3206 2207,3140 2172,3128 2137,3121 2106,3144 2083,3128 2040,3140 2001,3125 1928,3140"/>
                <Baseline points="1950,3179 2040,3185 2129,3185 2219,3185"/>
                <TextEquiv>
                    <Unicode>Maute</Unicode>
                </TextEquiv>
            </TextLine>
            <TextLine id="tr_1_tl_18" custom="readingOrder {index:17;}">
                <Coords points="890,3311 1073,3393 1698,3284 3432,3307 3824,3245 3828,3136 1465,3241 894,3171"/>
                <Baseline points="912,3299 966,3305 1055,3305 1145,3299 1234,3293 1324,3293 1413,3293 1503,3287 1592,3281 1682,3281 1771,3275 1861,3269 1950,3269 2040,3269 2129,3269 2219,3263 2308,3263 2398,3257 2487,3251 2577,3251 2666,3245 2756,3245 2845,3239 2935,3239 3024,3233 3114,3233 3203,3227 3293,3227 3382,3221 3472,3221 3561,3221 3651,3215 3740,3209 3830,3215"/>
                <TextEquiv>
                    <Unicode>hen Schnee, warf den Winterrock ab, der ihn im Laufen hinderte,</Unicode>
                </TextEquiv>
            </TextLine>
        </TextRegion>
        <TextRegion id="tr_2" custom="readingOrder {index:1;}">
            <Coords points="888,3314 3973,3314 3973,5051 888,5051"/>
            <TextLine id="tr_2_tl_1" custom="readingOrder {index:0;}">
                <Coords points="902,3467 1415,3548 2604,3416 3836,3447 3844,3272 905,3377"/>
                <Baseline points="924,3466 984,3466 1073,3460 1163,3460 1252,3454 1342,3448 1431,3448 1521,3442 1610,3442 1700,3442 1789,3436 1879,3436 1968,3430 2058,3424 2147,3424 2237,3418 2326,3418 2416,3418 2505,3412 2595,3406 2684,3400 2774,3400 2863,3394 2953,3394 3042,3394 3132,3388 3221,3388 3311,3382 3400,3376 3490,3376 3579,3370 3669,3370 3758,3364 3848,3364"/>
                <TextEquiv>
                    <Unicode>stürmte immer fort, immer weiter, nichts in sich, als den festen</Unicode>
                </TextEquiv>
            </TextLine>
            <TextLine id="tr_2_tl_2" custom="readingOrder {index:1;}">
                <Coords points="894,3676 3797,3599 3836,3443 902,3502"/>
                <Baseline points="918,3627 978,3627 1067,3621 1157,3615 1246,3615 1336,3609 1425,3609 1515,3603 1604,3603 1694,3597 1783,3591 1873,3591 1962,3585 2052,3585 2141,3579 2231,3579 2320,3573 2410,3567 2499,3567 2589,3567 2678,3561 2768,3561 2857,3555 2947,3549 3036,3543 3126,3543 3215,3537 3305,3537 3394,3537 3484,3531 3573,3531 3663,3525 3752,3519 3842,3519"/>
                <TextEquiv>
                    <Unicode>Willen,niemals zur Besinnung zu kommen,- durch eine klingende</Unicode>
                </TextEquiv>
            </TextLine>
            <TextLine id="tr_2_tl_3" custom="readingOrder {index:2;}">
                <Coords points="886,3816 3960,3762 3968,3579 890,3719"/>
                <Baseline points="906,3776 930,3776 1020,3776 1109,3776 1199,3776 1288,3770 1378,3764 1467,3764 1557,3752 1646,3752 1736,3752 1825,3746 1915,3746 2004,3740 2094,3740 2183,3734 2273,3734 2362,3728 2452,3728 2541,3722 2631,3716 2720,3710 2810,3710 2899,3704 2988,3704 3078,3698 3167,3698 3257,3692 3346,3692 3436,3687 3525,3681 3615,3681 3704,3681 3794,3681 3883,3675 3973,3669"/>
                <TextEquiv>
                    <Unicode>blaue Nacht, die niemals für ihn enden durfte. Und er wusste, dass</Unicode>
                </TextEquiv>
            </TextLine>
            <TextLine id="tr_2_tl_4" custom="readingOrder {index:3;}">
                <Coords points="878,3987 3801,3902 3917,3754 882,3894"/>
                <Baseline points="900,3937 972,3937 1061,3937 1151,3931 1240,3931 1330,3925 1419,3925 1509,3919 1598,3913 1688,3913 1777,3907 1867,3901 1956,3901 2046,3901 2135,3895 2225,3895 2314,3889 2404,3883 2493,3877 2583,3871 2672,3871 2762,3871 2851,3865 2941,3860 3030,3854 3120,3854 3209,3848 3299,3848 3388,3842 3478,3842 3567,3836 3657,3836 3746,3830 3836,3830 3925,3824"/>
                <TextEquiv>
                    <Unicode>er diesen gleichen Weg schon tausende Male dahingerast und dass</Unicode>
                </TextEquiv>
            </TextLine>
            <TextLine id="tr_2_tl_5" custom="readingOrder {index:4;}">
                <Coords points="890,4119 2915,4123 3906,4042 3913,3902 894,4034"/>
                <Baseline points="912,4098 966,4098 1055,4092 1145,4086 1234,4086 1324,4080 1413,4080 1503,4074 1592,4074 1682,4068 1771,4062 1861,4056 1950,4056 2040,4056 2129,4050 2219,4050 2308,4044 2398,4039 2487,4039 2577,4033 2666,4033 2756,4027 2845,4027 2935,4021 3024,4015 3114,4015 3203,4009 3293,4003 3382,3997 3472,3997 3561,3991 3651,3991 3740,3991 3830,3985 3919,3979"/>
                <TextEquiv>
                    <Unicode>es ihm bestimmt war ihn noch tausende Male bis in alle Ewigkeit</Unicode>
                </TextEquiv>
            </TextLine>
            <TextLine id="tr_2_tl_6" custom="readingOrder {index:5;}">
                <Coords points="886,4275 2818,4279 2926,4252 2930,4119 890,4147"/>
                <Baseline points="906,4247 966,4253 1055,4253 1145,4247 1234,4241 1324,4235 1413,4235 1503,4229 1592,4229 1682,4223 1771,4223 1861,4217 1950,4217 2040,4212 2129,4206 2219,4206 2308,4200 2398,4194 2487,4188 2577,4188 2666,4182 2756,4182 2845,4176 2935,4176"/>
                <TextEquiv>
                    <Unicode>durch klingende blaue Nächte hinzufliehen.</Unicode>
                </TextEquiv>
            </TextLine>
            <TextLine id="tr_2_tl_7" custom="readingOrder {index:6;}">
                <Coords points="1352,4403 3937,4341 3945,4147 2266,4314 1356,4283"/>
                <Baseline points="1372,4396 1443,4396 1533,4390 1622,4385 1712,4379 1801,4373 1891,4373 1980,4373 2070,4367 2159,4367 2249,4361 2338,4355 2428,4349 2517,4349 2607,4349 2696,4343 2786,4337 2875,4331 2965,4331 3054,4331 3144,4325 3233,4319 3323,4313 3412,4313 3502,4307 3591,4301 3681,4301 3770,4301 3860,4295 3949,4289"/>
                <TextEquiv>
                    <Unicode>Nicht weniger als sieben volle Wegstunden von dem Ort</Unicode>
                </TextEquiv>
            </TextLine>
            <TextLine id="tr_2_tl_8" custom="readingOrder {index:7;}">
                <Coords points="874,4656 3575,4551 3902,4508 3906,4380 882,4504"/>
                <Baseline points="900,4564 960,4564 1050,4564 1139,4564 1229,4564 1318,4564 1407,4558 1497,4552 1586,4546 1676,4546 1765,4540 1855,4540 1944,4534 2034,4528 2123,4522 2213,4522 2302,4516 2392,4516 2481,4516 2571,4504 2660,4504 2750,4498 2839,4492 2929,4492 3018,4486 3108,4480 3197,4474 3287,4474 3376,4468 3466,4468 3555,4462 3645,4462 3734,4456 3824,4450 3913,4444"/>
                <TextEquiv>
                    <Unicode>entfernt, aus dem er geflohen war,an einem steinigen Abhang, der</Unicode>
                </TextEquiv>
            </TextLine>
            <TextLine id="tr_2_tl_9" custom="readingOrder {index:8;}">
                <Coords points="878,4796 3638,4706 3945,4648 3948,4520 882,4656"/>
                <Baseline points="900,4725 912,4725 1002,4725 1091,4725 1181,4719 1270,4719 1360,4713 1449,4707 1539,4707 1628,4707 1718,4701 1807,4695 1897,4695 1986,4689 2076,4683 2165,4683 2255,4677 2344,4671 2434,4665 2523,4659 2613,4659 2702,4653 2792,4653 2881,4647 2971,4641 3060,4641 3150,4641 3239,4635 3329,4629 3418,4629 3508,4623 3597,4617 3687,4611 3776,4611 3865,4605 3955,4599"/>
                <TextEquiv>
                    <Unicode>zu der fast vereisten Ache hinabführte, den Kopf nach abwärts ge-</Unicode>
                </TextEquiv>
            </TextLine>
            <TextLine id="tr_2_tl_10" custom="readingOrder {index:9;}">
                <Coords points="886,4932 3218,4885 3925,4796 3964,4691 890,4788"/>
                <Baseline points="906,4880 924,4880 1014,4880 1103,4880 1193,4880 1282,4874 1372,4874 1461,4868 1551,4862 1640,4862 1730,4856 1819,4850 1909,4850 1998,4844 2088,4844 2177,4838 2267,4832 2356,4832 2446,4826 2535,4820 2625,4814 2714,4808 2804,4808 2893,4802 2983,4802 3072,4796 3161,4790 3251,4790 3340,4784 3430,4784 3519,4778 3609,4778 3698,4766 3788,4766 3877,4760 3967,4760"/>
                <TextEquiv>
                    <Unicode>wandt, mit zerschundenen Händen, getrocknetes Blut an Scheitel und</Unicode>
                </TextEquiv>
            </TextLine>
            <TextLine id="tr_2_tl_11" custom="readingOrder {index:10;}">
                <Coords points="867,5048 1481,5099 2549,4994 2887,5091 3303,4971 3540,5052 3544,4897 3424,4815 2845,4908 1795,4881 1426,4978 871,4912"/>
                <Baseline points="888,5041 960,5041 1050,5041 1139,5041 1229,5041 1318,5029 1407,5035 1497,5029 1586,5023 1676,5023 1765,5017 1855,5011 1944,5011 2034,5011 2123,5005 2213,4999 2302,4999 2392,4993 2481,4987 2571,4981 2660,4975 2750,4975 2839,4969 2929,4963 3018,4957 3108,4951 3197,4951 3287,4945 3376,4945 3466,4939 3555,4939"/>
                <TextEquiv>
                    <Unicode>Stirn, xxx man drei Tage später seinen entseelten Leib.</Unicode>
                </TextEquiv>
            </TextLine>
            <TextLine id="tr_2_tl_12" custom="readingOrder {index:11;}">
                <Coords points="1143,4986 1236,4959 1317,4978 1496,4951 1702,4951 1706,4881 1617,4873 1516,4904 1352,4885 1294,4916 1240,4897 1185,4920 1146,4912"/>
                <Baseline points="1163,4963 1175,4963 1264,4957 1354,4951 1443,4951 1533,4945 1622,4939 1712,4945"/>
                <TextEquiv>
                    <Unicode>entdechte.</Unicode>
                </TextEquiv>
            </TextLine>
        </TextRegion>
    </Page>
</PcGts>
