4280 5380
1614 335 1925 586 -52-
3018 638 3285 813 Rolf
634 737 3608 945 im Freien herumgelaufen sei und liess die Damen Kostner-uner-
622 889 3691 1072 wähnt. Er habe sich im Ganzen recht wohl gefühlt, nur ausnehmend
606 1068 3631 1244 viel geträumt,die ganzen Nächte durch, tolles Zeug, wahrhaftig!
606 1196 3751 1407 Leinbach zuckte die Achseln. Was und wieviel Robert auch geträumt
586 1383 3671 1555 haben mochte, was war das gegen seine eigenen Träume? Er erlebte
590 1519 3540 1698 Jahre, Jahrzehnte im Schlaf. Einmal, noch als Gymnasiast, hatte
582 1658 3699 1850 er in einer Morgenstunde vor dem Erwachen den ganze dreissigjäh-
570 1858 3568 2037 rigen Krieg durchgemacht. "Aber doch nicht sehr ausführlich?“
562 2017 3671 2165 erkundigte sich Robert lächelnd,-“sondern nur den kleinen Plötz
546 2161 3560 2324 nehm ich an?“ - „Immerhin“,erwiederte Leinbach ernsthaft,“ven
538 2288 1443 2495 1618 bis 1648."
1040 2432 3699 2667 Sie schritten einen Waldpfad bergan. "In früheren Jah-
514 2615 3719 2822 ren“, sagte Leinbach, ”pflegte meine Frau mich auf solchen Sonntags-
522 2754 3536 2942 ausflügen zu begleiten. Jetzt, nach den vier Kindern,hat sie es
514 2910 3620 3097 aufgegeben, lässt mich meine Touren allein machen und widmet sich
502 3069 3572 3269 der Häuslichkeit,-oder was sie sonst treiben mag." Robert blieb
474 3245 3596 3420 stumm. Er fand die Bemerkung seines Freundes obenso geschmacklos
474 3396 3548 3572 als lächerlich, da er Frau Leinbach als ein höchst hausbackenes,
466 3544 3452 3723 braves und völlig anmutloses Wesen kannte;- wie sich Leinbach
454 3707 3520 3867 denn überhaupt gehütet hätte ein Wesen anderer Art zur Ehe zu
415 3875 3524 4074 nehnen, da ihn seelische Unbequemlichkeiten noch weit Verhasater
438 4002 1571 4209 waren als körperliche.
953 4098 3544 4365 Als sie dann, immer höher schreitend, unter einer wahr-
411 4333 3440 4536 haft sommerlichen Mittagssonne eine Bergwiese durchquerten, gab
415 4496 3400 4640 dies Leinbach Anlass zu einem Vergleich mit den trügerischen
395 4652 3293 4827 Sonnerstunden menschlicher Herbsttage, von denen kluge Leute
395 4803 3273 5067 sich nicht fürften betrügenkassen. "Warum trügerisch!“ mein
