4968 5476
2279 467 2510 652 -25—
1247 723 4455 979 erschienen Robert recht ergraut. "Nun also, da wäre man ja wieder",
1247 970 4517 1156 sagte er etwas trocken. Er legte die Tasche hin,ergriff des Bruders
1214 1098 4492 1321 Hände, schüttelte sie und nach einem leichten Zögern umarmte er ihn,
1230 1292 4451 1437 worauf sie beide etwas verlegen waren, Marianne nickte wie befrie-
1230 1367 4542 1594 digt. "Du kommst heute wohl schon aus dem Ministerium?" fragte Otto.
1226 1602 4496 1746 - "Du überschätzt meinen Eifer", sagte Robert. "Mein Urlaub ist noch
1206 1722 4447 1895 nicht abgelaufen und es wäre nicht undenkbar, dass ich noch auf ein
1201 1916 4397 2097 paar Tage ins Gebirge gehe. Edmund, den ich gestern Abend zufällig
1185 1990 4496 2238 im Café getroffen habe, rät mir dazu.“ Er hatte absichtlich Leinbachs
1201 2192 4348 2374 Vornemen genannt,um ihn gewissermassen als den alten Freund, und
1173 2395 4451 2539 nicht etwa in seinem für Otto immer etwas anzweifelbaren ärztlichen
1156 2486 4438 2684 Eharakter ins Gespräch einzuführen. Otto konnte trotzdem ein irani-
1177 2680 4315 2841 sches Lächeln nicht unterdrücken. Umso mehr liess es sich Robert
1164 2857 4331 2993 später, als man bei Tische sass, angelegen sein, Leinbachs menschli-
1148 2973 4368 3146 che Vorzüge, insbesondere seine Liebenswürdigkeit und Gutherzigkeit
1148 3125 4331 3307 zu loben, wobei er die Absicht verfolgte, sich von dieser Seite ei-
1131 3311 4224 3460 nes Schutzes gegenüber feindseligen Mädchten zu versichern. Er
1135 3439 4459 3642 sprach lebhaft, mit bewusster Aufgeräumtheit, berichtete dann ebenso
1123 3596 4414 3770 von seiner Reise, verweilte mit besonderer Wärme bei der Schilderung
1111 3741 4170 3935 der schönen Sommertage am Vierwaldstättersee,ohne Albertens zu
1098 3898 4232 4104 erwähnen, und es war ihm dabei, als wenn er irgend einen über ihm
1111 4100 2985 4269 schwebenden Verdacht abwehren müsste.
1689 4178 4273 4430 Nach Tisch, da der Bruder Ordination abhalten musste,
1094 4372 4381 4575 blieb Robert mit der Schwägerin allein. Schweigend rauchte er seine
1065 4554 4265 4732 Zigarre, als Marianne sich mit der Frage an ihn wandte: "Was macht
1057 4727 4257 4888 denn dein Klavierspiel" - "Mein Klavierspiel", wiederholte er et-
1061 4831 4054 5070 was melancholisch, das weise ich eigentlich selber nicht. Auf
