4312 5380
1788 450 2033 619 -85-
651 627 3801 884 kultivierten Zeit auch von der Verkündigung vollzogener Heiraten,
651 852 3760 1053 insbesondere aber von öffentlichen Hochzeitsfeiern als von einer
647 1008 3760 1173 völlig barbarischen Sitte Abstand nehmen würde. Robert liess ihn
635 1169 3865 1318 eine Weile weiterreden,um ihn sich günstig zu stimmen,endlich aber,
623 1290 3849 1515 als sich Leinbach seiner Gewohnheit nach in endlose philosophische
623 1470 3801 1659 Erörterungen verlieren wollte, unterbrach er ihn mit der Bemerkung,
611 1639 3732 1776 dass er ihn aus einem ganz bestimmten, leider recht ernsten Grun-
603 1800 3752 1953 de zu einer Unterredung hieher gebeten habe. Und unter dem Siegel
595 1940 3656 2137 strengster Verschwiegenheit vertraute er ihm seine Besorgnisse
583 2105 3652 2274 wegen Ottos Gesundheitszustand an;-und fragte ihn,ob nicht auch
583 2266 3708 2435 ihm in der letzten Zeit der unruhige Blick, die übertriebene Reiz-
583 2398 2989 2603 barkeit, der sonderbare Gang Ottos aufgefallen sei.
1113 2563 3588 2752 „Ich sehe ihn selten“, sagte Doktor Leinbach und zog
751 2575 920 2724 .
558 2708 1559 2925 die Stirn in Falten,
1089 2860 3547 3021 "Ich möchte gleich bemerken", fuhr Robert fort,"dass
583 2893 948 3053 hier et
526 3033 3668 3214 ich nicht der Einzige bin, der Otto verändert findet. Auch Marian-
510 3170 3507 3347 ne ergeht es nicht anders. Und sähst du ihn öfter, so wurde es
510 3314 3660 3527 dir gewiss nicht entgangen sein, wie sein Wesen im Laufe des letz-
486 3507 2615 3708 ten Jahres sich getrübt und verdüstert hat."
1016 3636 3628 3853 "Verdüstert", wiederholte Leinbach mit einer wichtigen
474 3821 3628 3953 Miene. "Das dürfte stimmen. Natürlich verdüstert sich sein Wesen.
466 3981 3600 4190 Wie könnte es auch anders sein. Auch meines verdüstert sich, wenn
450 4106 3560 4319 auch offenbar auf eine andere, minder augenfällige Weise als es
450 4267 3604 4475 bei Otto der Fall ist. Vielleicht auch merket du es besser an
438 4391 3495 4592 ihm weil er dir näher steht als ich. Aber glaube mir, wenn in je-
426 4568 3535 4793 male einem Arzt begegnest, dessen Wesen in einen gewissen Alter.
414 4773 3435 4958 sagen wir zwischen vierzig und fünfzig, licht bleibt, dann kann
