5046 5572
2017 386 2312 579 -116-
945 614 4069 933 zu der Ueberzeugung, dass seine früheren Vermutungen nichts ande-
957 870 4057 1075 res gewesen waren als Selbstbetrug. Wäre Paula ernstlich gewillt
957 1016 3923 1253 gewesen Ihm zu folgen, nichts hätte sie hindern können zur
937 1190 3911 1406 rechten Zeit da zu sein. Aber sie hatte nicht gewollt, sie war
926 1398 4077 1560 nicht gekommen, sie hatte ihn im Stich gelassen. Und er wuaste
945 1532 3978 1705 auch warum. Seine lächerliche Erzählung von dem eifersüchtigen
933 1702 4033 1863 Amerikaner, sein ganzes Benehmen heutebbeim Abschied, war ihr son-
933 1788 4065 2025 derbar und verdächtig erschienen. Mit der den Frauen eigenen Ver-
926 1961 4069 2182 stellungskunst hatte sie ihn nichts davon merken lassen,und ihres
914 2135 3899 2344 gegeben Worts nicht achtend, in ihrer Erregung hatte sie getan,
926 2257 3907 2458 was sie zu allerletzt hätte tun dürfen, sie war zu Otto geeilt und
918 2422 3880 2651 hatte ihm alles verraten. Ja, so war es. Er konnte nicht daran
922 2592 3962 2789 zweifeln. Paula hatte ihn verraten - und ausgeliefert. Was wird
902 2773 3978 2934 die Folge sein? fragte er sich weiter. Otto hat neue Scheingrün-
914 2879 4025 3092 de, an meine Verrücktheit zu glauben, sein eigener Wahn findet neus
874 3045 3966 3285 Nahrung und es kostet ihn nicht die geringste Mühe,Paula und je-
882 3190 3955 3368 den beliebigen anderen Menschen von der Berechtigung seines Ver-
886 3364 3978 3561 dachtes zu überzeugen, Welche Torheit, dass ich Paula aus den Au-
870 3525 3864 3714 gen, dass ich sie nicht gleich mit mir genommen habe. Nun steht
870 3675 3923 3872 alles schlimmer als vorher.- Otto weiss,wo ich bin. Er wird mir
859 3852 3974 4029 nachfahren; gerade durch meine Flucht hab' ich ihn auf meine
831 3990 3872 4222 Spur gelockt. Er hält die Stunde für gekommen,in der er
843 4132 3955 4348 verpflichtet ist sein Wort einzulösen, ich schwebe in der furcht-
847 4285 3923 4486 barsten Gefahr und das Spiel ist für mich so gut wie verloren!
1438 4482 3939 4656 Während er all dies erwog, als und trank er anschei-
1052 4494 1383 4667 décembre
819 4604 3990 4837 nend in grösster Seelenruhe weiter und merkte mit leinem Staunen,
831 4774 3974 5002 dass all seine Gedanken kühl und kann von Angst betont durch sei-
4679 914 4849 1111 usz
4667 1209 4833 1406 user
4648 1383 4833 1552 ats
4608 1560 4829 1717 et ou.
4541 3123 4703 3352 arvio-
4581 3765 4829 3978 self
4561 3951 4868 4132 alnoau
4498 4392 4856 4644 ne faisra
4482 4746 4856 4931 nt beim
4620 4927 4841 5073 sast
