4248 5396
1624 369 1878 592 -37—
556 627 3701 909 laubs und die sustimmende, in liebenswürdigem Ton gehaltene Ant-
568 890 3376 1080 wort trug weiter dazu bei, Roberts gute Laune zu erhöhen.
1052 1033 3669 1211 Es war in der dritten Nacht, als ein starker Wind über
544 1199 3626 1370 die Berge ging, und Robert, der keinen Schlaf fand, sich im Dunkel
528 1362 3689 1521 neuerdings die Einzelheiten seines Abschieds von Alberta ins Ge-
528 1513 3582 1680 dächtnis zurückzurufen suchte. Seine Unfähigkeit sich über den
564 1664 3685 1831 Zusammenhang der Ereignisse klar zu werden, quälte ihn immer xxx
508 1799 3654 2041 mehr. Er erinnerte sich gewisser Auftritte aus der früheren Zeit
504 2009 3519 2156 seines Verhältnisses mit Alberta, in denen eifersüchtiger Zorn
481 2144 3522 2327 ihm beinahe die Sinne umnebelt und er sich nur mit Aufbietung
492 2287 3534 2462 aller Kräfte vor einem tätlichen Angriff zurückgehalten hatte.
473 2450 3586 2605 Da nun diesmal das, was seinem furchtbar aufsteigenden Groll tat-
469 2581 3546 2744 sächlich gefolgt sein mochte,völlig aus seiner Erinnerung ge-
457 2744 3534 2927 schwunden war, so gab es durchaus keinen Beweis, dass er das, wosu
429 2919 3439 3098 Absicht und Wunsch ihn mehr als einmal gedrängt,nicht endlich
437 3046 3451 3225 wirklich getan, und die Geliebte ermordet hatte. Dass im Hotel
433 3229 3530 3399 dem Verschwinden Albertens keine Bedeutung beigelegt worden war,
425 3372 3618 3526 liess sich ohne Schwierigkeit erklären. Er selbst hatte vielleicht
409 3538 3471 3717 erzählt, dass sie vor ihm abgereist war, den Ort angegeben, wohin
381 3697 3566 3856 man ihr das Gepäck nachschicken sollte,und mit der Raffiniertheit
381 3832 3558 4043 eines geborenen Verbrechers noch anderes dazu getan, um die Spuren
377 4011 3471 4213 seiner Tat bis zur Unmöglichkeit der Entdeckung zu verwischen.
349 4170 3344 4341 All dies war denkbar, ja, mehr als das wahrscheinlich. Denn wie
353 4321 3467 4480 anders war die unfassbare Lücke seines Gedächtnisses zu begrei-
342 4484 3455 4650 fen, die sich von jener abendlichen Scheidestunde bis zu seiner
330 4627 3391 4845 Abreise an nächsten Morgen erstreckte,als aus den unbewussten
349 4797 3384 4968 und bisher wohlgeglückten Bemühen das Ungeheure zu vergessen.
