<?xml version="1.0" encoding="UTF-8" standalone="yes"?>
<PcGts xmlns="http://schema.primaresearch.org/PAGE/gts/pagecontent/2013-07-15" xmlns:xsi="http://www.w3.org/2001/XMLSchema-instance" xsi:schemaLocation="http://schema.primaresearch.org/PAGE/gts/pagecontent/2013-07-15 http://schema.primaresearch.org/PAGE/gts/pagecontent/2013-07-15/pagecontent.xsd">
    <Metadata>
        <Creator>prov=READ-COOP:name=TrHtr:version=2.1.0:model_id=51170:date=15_08_2023_05:31</Creator>
        <Created>2023-05-10T15:06:58.818+02:00</Created>
        <LastChange>2023-08-15T05:31:42.355+02:00</LastChange>
        <TranskribusMetadata docId="1428799" pageId="55430827" pageNr="107" tsid="132839518" status="IN_PROGRESS" userId="64420" imgUrl="https://files.transkribus.eu/Get?id=JVTFWRXCOYUEEXVVIDBUEHWI&amp;fileType=view" xmlUrl="https://files.transkribus.eu/Get?id=VJOSOIXGDENJBPBLADHLCNGH" imageId="44704899"/>
    </Metadata>
    <Page imageFilename="1428799_0107.jpg" imageWidth="5003" imageHeight="5492">
        <ReadingOrder>
            <OrderedGroup id="ro_1711805465647" caption="Regions reading order">
                <RegionRefIndexed index="0" regionRef="tr_1"/>
                <RegionRefIndexed index="1" regionRef="tr_2"/>
            </OrderedGroup>
        </ReadingOrder>
        <TextRegion id="tr_1" custom="readingOrder {index:0;}">
            <Coords points="1337,529 4507,529 4507,2941 1337,2941"/>
            <TextLine id="tr_1_tl_1" custom="readingOrder {index:0;}">
                <Coords points="2556,653 2619,657 2643,645 2686,665 2714,641 2734,653 2765,633 2777,645 2813,645 2813,475 2789,479 2761,467 2742,487 2702,498 2682,487 2611,522 2599,514 2583,526 2556,522"/>
                <Baseline points="2578,579 2668,579 2757,579 2823,579"/>
                <TextEquiv>
                    <Unicode>-107-</Unicode>
                </TextEquiv>
            </TextLine>
            <TextLine id="tr_1_tl_2" custom="readingOrder {index:1;}">
                <Coords points="1369,969 4455,886 4395,708 3537,807 2595,704 1891,815 1373,764"/>
                <Baseline points="1390,919 1420,919 1510,913 1599,913 1689,913 1778,907 1868,907 1958,907 2047,901 2137,901 2226,901 2316,895 2405,895 2495,889 2584,889 2674,889 2763,889 2853,889 2942,889 3032,889 3122,883 3211,883 3301,877 3390,877 3480,877 3569,877 3659,871 3748,877 3838,877 3927,877 4017,871 4107,871 4196,871 4286,871 4375,871 4465,865"/>
                <TextEquiv>
                    <Unicode>Robert! Ich denke nur — „Was denket duf“ - "Ob es nicht klü-</Unicode>
                </TextEquiv>
            </TextLine>
            <TextLine id="tr_1_tl_3" custom="readingOrder {index:2;}">
                <Coords points="1357,1120 4463,1092 4407,898 1361,985"/>
                <Baseline points="1384,1086 1426,1080 1516,1074 1605,1068 1695,1068 1784,1068 1874,1062 1963,1062 2053,1062 2143,1062 2232,1062 2322,1056 2411,1056 2501,1050 2590,1050 2680,1044 2769,1050 2859,1044 2948,1044 3038,1044 3128,1044 3217,1038 3307,1038 3396,1038 3486,1038 3575,1032 3665,1038 3754,1032 3844,1032 3933,1032 4023,1032 4113,1032 4202,1026 4292,1026 4381,1026 4471,1032"/>
                <TextEquiv>
                    <Unicode>ger wäre, richtiger meine ich, wenn man versuchte, die Sache hier,</Unicode>
                </TextEquiv>
            </TextLine>
            <TextLine id="tr_1_tl_4" custom="readingOrder {index:3;}">
                <Coords points="1353,1230 4498,1254 4502,1072 1353,1120"/>
                <Baseline points="1373,1229 1462,1229 1552,1223 1641,1223 1731,1223 1820,1223 1910,1217 1999,1217 2089,1217 2178,1211 2268,1211 2357,1211 2447,1211 2537,1205 2626,1211 2716,1211 2805,1205 2895,1205 2984,1205 3074,1199 3163,1199 3253,1193 3342,1193 3432,1187 3522,1187 3611,1187 3701,1187 3790,1187 3880,1187 3969,1187 4059,1187 4148,1181 4238,1181 4327,1181 4417,1181 4507,1187"/>
                <TextEquiv>
                    <Unicode>an Ort und Stelle in Ordnung zu bringen.“  - „In Ordnung bringen?</Unicode>
                </TextEquiv>
            </TextLine>
            <TextLine id="tr_1_tl_5" custom="readingOrder {index:4;}">
                <Coords points="1353,1381 4471,1404 4498,1250 1353,1306"/>
                <Baseline points="1373,1378 1456,1384 1546,1378 1635,1378 1725,1378 1814,1373 1904,1373 1993,1373 2083,1367 2172,1367 2262,1367 2352,1367 2441,1367 2531,1361 2620,1361 2710,1361 2799,1361 2889,1355 2978,1355 3068,1355 3157,1355 3247,1355 3336,1349 3426,1349 3516,1349 3605,1349 3695,1343 3784,1343 3874,1343 3963,1343 4053,1343 4142,1343 4232,1343 4321,1343 4411,1337 4501,1337"/>
                <TextEquiv>
                    <Unicode>Wie stellst du dir das vor? Ich habe keine Zeit zu verlieren, und</Unicode>
                </TextEquiv>
            </TextLine>
            <TextLine id="tr_1_tl_6" custom="readingOrder {index:5;}">
                <Coords points="1357,1547 4265,1563 4411,1531 4415,1377 1357,1456"/>
                <Baseline points="1378,1540 1468,1540 1558,1534 1647,1540 1737,1534 1826,1534 1916,1528 2005,1528 2095,1528 2184,1522 2274,1522 2363,1522 2453,1522 2543,1522 2632,1516 2722,1516 2811,1510 2901,1510 2990,1510 3080,1510 3169,1510 3259,1510 3348,1510 3438,1504 3528,1504 3617,1504 3707,1498 3796,1504 3886,1498 3975,1498 4065,1492 4154,1492 4244,1498 4333,1492 4423,1492"/>
                <TextEquiv>
                    <Unicode>von dem, was ich dir jetzt anvertraut habe, darf niemand ein Wort</Unicode>
                </TextEquiv>
            </TextLine>
            <TextLine id="tr_1_tl_7" custom="readingOrder {index:6;}">
                <Coords points="1353,1713 4328,1717 4332,1527 1353,1594"/>
                <Baseline points="1373,1695 1384,1695 1474,1695 1564,1689 1653,1689 1743,1689 1832,1683 1922,1683 2011,1683 2101,1677 2190,1677 2280,1677 2369,1677 2459,1677 2549,1671 2638,1671 2728,1671 2817,1665 2907,1665 2996,1665 3086,1665 3175,1665 3265,1659 3354,1659 3444,1659 3533,1659 3623,1659 3713,1659 3802,1659 3892,1653 3981,1653 4071,1653 4160,1653 4250,1653 4339,1653"/>
                <TextEquiv>
                    <Unicode>erfahren, das könnte uns Beiden das Leben kosten. Ja, dir auch,</Unicode>
                </TextEquiv>
            </TextLine>
            <TextLine id="tr_1_tl_8" custom="readingOrder {index:7;}">
                <Coords points="1369,1871 4316,1883 4376,1705 1373,1745"/>
                <Baseline points="1390,1844 1426,1844 1516,1850 1605,1844 1695,1844 1784,1844 1874,1844 1963,1844 2053,1844 2143,1838 2232,1838 2322,1832 2411,1832 2501,1832 2590,1826 2680,1826 2769,1826 2859,1826 2948,1826 3038,1820 3128,1820 3217,1820 3307,1820 3396,1820 3486,1814 3575,1814 3665,1814 3754,1814 3844,1814 3933,1814 4023,1808 4113,1808 4202,1808 4292,1808 4381,1808"/>
                <TextEquiv>
                    <Unicode>Verlass dich nur ganz auf mich. Es ist alles wohl erwogen. Ich</Unicode>
                </TextEquiv>
            </TextLine>
            <TextLine id="tr_1_tl_9" custom="readingOrder {index:8;}">
                <Coords points="1353,2026 4356,2026 4356,1891 4198,1844 1353,1891"/>
                <Baseline points="1373,2011 1408,2005 1498,2005 1587,1999 1677,1999 1766,1999 1856,1999 1946,1999 2035,1993 2125,1993 2214,1987 2304,1987 2393,1987 2483,1987 2572,1987 2662,1987 2751,1981 2841,1981 2931,1981 3020,1981 3110,1975 3199,1975 3289,1975 3378,1975 3468,1969 3557,1975 3647,1969 3736,1969 3826,1963 3916,1963 4005,1963 4095,1963 4184,1963 4274,1969 4363,1975"/>
                <TextEquiv>
                    <Unicode>erwarte dich auf dem Westbahnhof. Punkt sechs fährt unser Zug.</Unicode>
                </TextEquiv>
            </TextLine>
            <TextLine id="tr_1_tl_10" custom="readingOrder {index:9;}">
                <Coords points="1345,2168 4411,2144 4395,2026 1349,2041"/>
                <Baseline points="1367,2160 1378,2155 1468,2155 1558,2155 1647,2155 1737,2155 1826,2149 1916,2149 2005,2149 2095,2149 2184,2143 2274,2143 2363,2143 2453,2143 2543,2143 2632,2137 2722,2137 2811,2137 2901,2137 2990,2131 3080,2131 3169,2131 3259,2131 3348,2131 3438,2131 3528,2125 3617,2125 3707,2119 3796,2125 3886,2119 3975,2119 4065,2119 4154,2119 4244,2119 4333,2119 4423,2119"/>
                <TextEquiv>
                    <Unicode>Du musst nicht viel mitnehmen. Um zehn Uhr Abends kommen wir in</Unicode>
                </TextEquiv>
            </TextLine>
            <TextLine id="tr_1_tl_11" custom="readingOrder {index:10;}">
                <Coords points="1353,2338 4273,2338 4376,2318 4376,2192 1353,2216"/>
                <Baseline points="1373,2310 1426,2310 1516,2310 1605,2310 1695,2310 1784,2310 1874,2310 1963,2304 2053,2304 2143,2304 2232,2298 2322,2304 2411,2298 2501,2298 2590,2298 2680,2292 2769,2292 2859,2292 2948,2292 3038,2292 3128,2286 3217,2286 3307,2286 3396,2286 3486,2280 3575,2280 3665,2280 3754,2280 3844,2280 3933,2280 4023,2280 4113,2280 4202,2280 4292,2280 4381,2280"/>
                <TextEquiv>
                    <Unicode>dem Ort an, den ich vorläufig als Zuflucht gewählt habe." - "An</Unicode>
                </TextEquiv>
            </TextLine>
            <TextLine id="tr_1_tl_12" custom="readingOrder {index:11;}">
                <Coords points="1333,2492 4352,2485 4443,2346 1333,2370"/>
                <Baseline points="1355,2465 1408,2465 1498,2465 1587,2465 1677,2465 1766,2465 1856,2465 1946,2459 2035,2453 2125,2453 2214,2453 2304,2453 2393,2453 2483,2453 2572,2453 2662,2453 2751,2453 2841,2453 2931,2447 3020,2447 3110,2447 3199,2441 3289,2441 3378,2441 3468,2441 3557,2441 3647,2435 3736,2435 3826,2435 3916,2435 4005,2435 4095,2435 4184,2435 4274,2435 4363,2429 4453,2441"/>
                <TextEquiv>
                    <Unicode>welchem Ort?" - "Sei nicht böse, wenn ich ihn nicht nenne. In der</Unicode>
                </TextEquiv>
            </TextLine>
            <TextLine id="tr_1_tl_13" custom="readingOrder {index:12;}">
                <Coords points="1317,2643 4403,2674 4407,2477 1321,2524"/>
                <Baseline points="1343,2614 1373,2614 1462,2614 1552,2620 1641,2620 1731,2614 1820,2614 1910,2614 1999,2614 2089,2608 2178,2608 2268,2608 2357,2608 2447,2608 2537,2608 2626,2602 2716,2602 2805,2602 2895,2602 2984,2602 3074,2602 3163,2596 3253,2596 3342,2596 3432,2596 3522,2596 3611,2590 3701,2590 3790,2590 3880,2590 3969,2590 4059,2590 4148,2590 4238,2584 4327,2584 4417,2590"/>
                <TextEquiv>
                    <Unicode>Zerstreutheit könntest du dich verraten. Vielleicht ist es auch</Unicode>
                </TextEquiv>
            </TextLine>
            <TextLine id="tr_1_tl_14" custom="readingOrder {index:13;}">
                <Coords points="1321,2805 4257,2801 4407,2789 4411,2667 1325,2651"/>
                <Baseline points="1343,2775 1378,2775 1468,2775 1558,2781 1647,2775 1737,2775 1826,2775 1916,2769 2005,2769 2095,2769 2184,2763 2274,2763 2363,2763 2453,2763 2543,2763 2632,2757 2722,2757 2811,2757 2901,2757 2990,2757 3080,2757 3169,2757 3259,2751 3348,2757 3438,2751 3528,2751 3617,2751 3707,2751 3796,2751 3886,2746 3975,2746 4065,2746 4154,2746 4244,2746 4333,2746 4423,2757"/>
                <TextEquiv>
                    <Unicode>Aberglaube. Du musst es mir zugute halten, Paula. Schwör mir nur,</Unicode>
                </TextEquiv>
            </TextLine>
            <TextLine id="tr_1_tl_15" custom="readingOrder {index:14;}">
                <Coords points="1313,2951 4415,2924 4411,2809 4122,2769 1313,2809"/>
                <Baseline points="1337,2931 1378,2931 1468,2931 1558,2931 1647,2931 1737,2931 1826,2925 1916,2925 2005,2919 2095,2925 2184,2919 2274,2919 2363,2919 2453,2919 2543,2919 2632,2919 2722,2919 2811,2913 2901,2913 2990,2913 3080,2913 3169,2907 3259,2907 3348,2907 3438,2907 3528,2907 3617,2907 3707,2907 3796,2907 3886,2901 3975,2901 4065,2901 4154,2901 4244,2901 4333,2901 4423,2895"/>
                <TextEquiv>
                    <Unicode>dass du zur festgesetzten Stunde auf der Bahn bist, sonstoist all-</Unicode>
                </TextEquiv>
            </TextLine>
        </TextRegion>
        <TextRegion id="tr_2" custom="readingOrder {index:1;}">
            <Coords points="1241,3006 4471,3006 4471,4982 1241,4982"/>
            <TextLine id="tr_2_tl_1" custom="readingOrder {index:0;}">
                <Coords points="1306,3098 4312,3137 4407,3125 4411,2967 1310,2979"/>
                <Baseline points="1331,3086 1373,3086 1462,3080 1552,3086 1641,3080 1731,3080 1820,3080 1910,3080 1999,3080 2089,3074 2178,3074 2268,3074 2357,3074 2447,3074 2537,3074 2626,3074 2716,3068 2805,3068 2895,3068 2984,3068 3074,3068 3163,3068 3253,3068 3342,3062 3432,3062 3522,3062 3611,3062 3701,3062 3790,3062 3880,3062 3969,3056 4059,3056 4148,3056 4238,3056 4327,3056 4417,3062"/>
                <TextEquiv>
                    <Unicode>les umsonst. Ohne dich bin ich verloren. Auf jeden Fall. Das ist</Unicode>
                </TextEquiv>
            </TextLine>
            <TextLine id="tr_2_tl_2" custom="readingOrder {index:1;}">
                <Coords points="1310,3256 4285,3276 4391,3264 4395,3125 1313,3102"/>
                <Baseline points="1331,3241 1355,3241 1444,3241 1534,3241 1623,3235 1713,3235 1802,3241 1892,3235 1981,3235 2071,3229 2160,3229 2250,3229 2340,3229 2429,3229 2519,3229 2608,3229 2698,3229 2787,3229 2877,3223 2966,3223 3056,3223 3145,3223 3235,3223 3325,3217 3414,3217 3504,3217 3593,3217 3683,3211 3772,3211 3862,3211 3951,3211 4041,3211 4130,3211 4220,3211 4310,3211 4399,3217"/>
                <TextEquiv>
                    <Unicode>mein untrügliches Gefühl. Wenn du nicht dort bist ist alles aus.</Unicode>
                </TextEquiv>
            </TextLine>
            <TextLine id="tr_2_tl_3" custom="readingOrder {index:2;}">
                <Coords points="1290,3406 4150,3438 4336,3402 4336,3252 1290,3280"/>
                <Baseline points="1313,3396 1390,3396 1480,3396 1569,3396 1659,3396 1749,3390 1838,3396 1928,3390 2017,3384 2107,3384 2196,3384 2286,3378 2375,3384 2465,3384 2554,3384 2644,3384 2734,3378 2823,3378 2913,3378 3002,3378 3092,3378 3181,3378 3271,3372 3360,3372 3450,3372 3539,3372 3629,3372 3719,3372 3808,3372 3898,3372 3987,3372 4077,3372 4166,3372 4256,3366 4345,3366"/>
                <TextEquiv>
                    <Unicode>Und - wenn du nicht allein kommst, auch. Versteh mich gut.- Also</Unicode>
                </TextEquiv>
            </TextLine>
            <TextLine id="tr_2_tl_4" custom="readingOrder {index:3;}">
                <Coords points="1290,3592 4265,3588 4304,3418 1294,3430"/>
                <Baseline points="1313,3545 1361,3545 1450,3545 1540,3551 1629,3551 1719,3545 1808,3545 1898,3545 1987,3545 2077,3539 2166,3539 2256,3539 2346,3539 2435,3539 2525,3539 2614,3533 2704,3533 2793,3533 2883,3533 2972,3528 3062,3528 3151,3528 3241,3528 3331,3522 3420,3522 3510,3522 3599,3522 3689,3522 3778,3522 3868,3522 3957,3522 4047,3522 4136,3522 4226,3522 4315,3528"/>
                <TextEquiv>
                    <Unicode>du bist auf der Bahn und wirst keiner Menschenseele eine Silbe</Unicode>
                </TextEquiv>
            </TextLine>
            <TextLine id="tr_2_tl_5" custom="readingOrder {index:4;}">
                <Coords points="1286,3743 4312,3715 4372,3576 1286,3612"/>
                <Baseline points="1307,3707 1331,3707 1420,3707 1510,3707 1599,3701 1689,3701 1778,3707 1868,3695 1958,3695 2047,3695 2137,3695 2226,3695 2316,3695 2405,3695 2495,3695 2584,3695 2674,3689 2763,3689 2853,3683 2942,3683 3032,3683 3122,3683 3211,3683 3301,3683 3390,3683 3480,3683 3569,3677 3659,3677 3748,3677 3838,3677 3927,3677 4017,3677 4107,3677 4196,3671 4286,3671 4375,3671"/>
                <TextEquiv>
                    <Unicode>verraten. Niemanden,Paula, niemandem."Er wollte hinzufügen: auch</Unicode>
                </TextEquiv>
            </TextLine>
            <TextLine id="tr_2_tl_6" custom="readingOrder {index:5;}">
                <Coords points="1270,3893 4348,3869 4348,3758 4174,3739 1274,3739"/>
                <Baseline points="1295,3868 1313,3862 1402,3862 1492,3862 1581,3856 1671,3856 1761,3856 1850,3856 1940,3856 2029,3850 2119,3850 2208,3850 2298,3850 2387,3850 2477,3844 2566,3844 2656,3844 2746,3844 2835,3844 2925,3844 3014,3844 3104,3844 3193,3838 3283,3838 3372,3844 3462,3838 3551,3838 3641,3838 3730,3832 3820,3832 3910,3832 3999,3832 4089,3832 4178,3832 4268,3826 4357,3832"/>
                <TextEquiv>
                    <Unicode>meinem Bruder nicht,- aber er liess es sein. "Also,wirst du dort</Unicode>
                </TextEquiv>
            </TextLine>
            <TextLine id="tr_2_tl_7" custom="readingOrder {index:6;}">
                <Coords points="1254,4055 4182,4071 4316,4039 4316,3893 1254,3917"/>
                <Baseline points="1277,4023 1283,4023 1373,4017 1462,4017 1552,4017 1641,4017 1731,4011 1820,4011 1910,4005 1999,4005 2089,4005 2178,4005 2268,4005 2357,4005 2447,4005 2537,3999 2626,3999 2716,3999 2805,3999 2895,3999 2984,3999 3074,3993 3163,3993 3253,3993 3342,3993 3432,3993 3522,3993 3611,3987 3701,3987 3790,3987 3880,3987 3969,3987 4059,3987 4148,3993 4238,3987 4327,3987"/>
                <TextEquiv>
                    <Unicode>sein?" - "Natürlich werde ich dort sein", Sie stand vor ihm,to-</Unicode>
                </TextEquiv>
            </TextLine>
            <TextLine id="tr_2_tl_8" custom="readingOrder {index:7;}">
                <Coords points="1262,4178 4384,4209 4384,4047 4281,4027 1262,4055"/>
                <Baseline points="1283,4178 1349,4172 1438,4172 1528,4172 1617,4172 1707,4166 1796,4166 1886,4166 1975,4166 2065,4166 2155,4160 2244,4160 2334,4160 2423,4160 2513,4154 2602,4154 2692,4154 2781,4154 2871,4154 2960,4154 3050,4148 3139,4148 3229,4148 3319,4148 3408,4148 3498,4148 3587,4148 3677,4148 3766,4142 3856,4142 3945,4142 4035,4142 4124,4142 4214,4148 4304,4142 4393,4148"/>
                <TextEquiv>
                    <Unicode>tenblass und mit einem verzerrten Lächeln. Aber er merkte nicht,</Unicode>
                </TextEquiv>
            </TextLine>
            <TextLine id="tr_2_tl_9" custom="readingOrder {index:8;}">
                <Coords points="1246,4368 3608,4344 3608,4205 3355,4186 1250,4225"/>
                <Baseline points="1271,4339 1289,4333 1378,4333 1468,4333 1558,4327 1647,4327 1737,4327 1826,4327 1916,4327 2005,4321 2095,4321 2184,4321 2274,4321 2363,4315 2453,4315 2543,4315 2632,4315 2722,4315 2811,4310 2901,4310 2990,4310 3080,4304 3169,4304 3259,4304 3348,4304 3438,4304 3528,4310 3617,4315"/>
                <TextEquiv>
                    <Unicode>dass ihre Züge sich so seltsam verändert hatten.</Unicode>
                </TextEquiv>
            </TextLine>
            <TextLine id="tr_2_tl_10" custom="readingOrder {index:9;}">
                <Coords points="1729,4534 4395,4546 4463,4360 1729,4376"/>
                <Baseline points="1749,4489 1784,4483 1874,4483 1963,4483 2053,4477 2143,4477 2232,4477 2322,4477 2411,4477 2501,4477 2590,4477 2680,4471 2769,4471 2859,4471 2948,4471 3038,4471 3128,4471 3217,4465 3307,4471 3396,4465 3486,4459 3575,4465 3665,4465 3754,4465 3844,4459 3933,4459 4023,4459 4113,4459 4202,4459 4292,4459 4381,4459 4471,4465"/>
                <TextEquiv>
                    <Unicode>"Nun, so ist alles gut", sagte er. "Und nun will ich fort,</Unicode>
                </TextEquiv>
            </TextLine>
            <TextLine id="tr_2_tl_11" custom="readingOrder {index:10;}">
                <Coords points="1230,4676 4407,4664 4407,4522 4158,4486 1234,4498"/>
                <Baseline points="1253,4656 1283,4650 1373,4644 1462,4644 1552,4638 1641,4638 1731,4638 1820,4644 1910,4644 1999,4644 2089,4644 2178,4638 2268,4632 2357,4632 2447,4632 2537,4626 2626,4626 2716,4626 2805,4626 2895,4626 2984,4626 3074,4626 3163,4626 3253,4620 3342,4620 3432,4620 3522,4620 3611,4614 3701,4620 3790,4620 3880,4614 3969,4614 4059,4614 4148,4614 4238,4614 4327,4614 4417,4614"/>
                <TextEquiv>
                    <Unicode>mein Geliebtes." - "Schon fort?" wiederholte sie mit schwankender</Unicode>
                </TextEquiv>
            </TextLine>
            <TextLine id="tr_2_tl_12" custom="readingOrder {index:11;}">
                <Coords points="1219,4831 4205,4819 4111,4672 1219,4664"/>
                <Baseline points="1241,4811 1259,4805 1349,4805 1438,4805 1528,4805 1617,4799 1707,4805 1796,4799 1886,4793 1975,4793 2065,4793 2155,4793 2244,4793 2334,4793 2423,4793 2513,4787 2602,4793 2692,4787 2781,4787 2871,4787 2960,4781 3050,4781 3139,4781 3229,4781 3319,4781 3408,4781 3498,4781 3587,4781 3677,4781 3766,4775 3856,4775 3945,4775 4035,4775 4124,4775 4214,4775"/>
                <TextEquiv>
                    <Unicode>Stimme.- "Ich habe doch noch allerlei zu besorgen", meinte er,</Unicode>
                </TextEquiv>
            </TextLine>
            <TextLine id="tr_2_tl_13" custom="readingOrder {index:12;}">
                <Coords points="1215,5024 4043,5084 4336,5052 4340,4842 1219,4866"/>
                <Baseline points="1241,4972 1301,4966 1390,4966 1480,4966 1569,4966 1659,4966 1749,4960 1838,4960 1928,4960 2017,4960 2107,4954 2196,4960 2286,4954 2375,4954 2465,4954 2554,4954 2644,4948 2734,4948 2823,4948 2913,4948 3002,4948 3092,4948 3181,4948 3271,4948 3360,4948 3450,4954 3539,4948 3629,4942 3719,4942 3808,4942 3898,4936 3987,4936 4077,4936 4166,4936 4256,4930 4345,4936"/>
                <TextEquiv>
                    <Unicode>wenn es sich auch nur um eine Reise von ein paar Tagen handelt,-</Unicode>
                </TextEquiv>
            </TextLine>
        </TextRegion>
    </Page>
</PcGts>
