4900 5620
1026 258 1223 443 1,1
1739 414 2043 697 -119-
677 734 3676 993 einsame Felsenspitze, über der ein Stern schimmerte. Vom Kirch-
677 870 3655 1124 turm schlug es halb eins und die Klänge tönten lange fort, als
685 1046 3795 1276 wollte die Nacht sie nicht wieder herausgeben; sie wurden lauter,
677 1202 3692 1469 voller, und endlich dröhnend wie Orgelklang. In einer riesigen,
693 1391 3680 1600 sonst völlig leeren Kirche wandelte Robert mit Doktor Leinbach
685 1534 3672 1793 umher und an der Orgel, ungesehen, aber Robert doch bewusst,sass
681 1666 3803 1863 der Pianist aus dem Nachtlokal,während Höhnburg die Register trat
665 1813 3717 2072 und dabei wie ein Hanswurst den Kopf weit über die Brüstung des
669 1986 3758 2228 Chors streckte und immer wieder zurückzog. Leinbach aber erklär-
669 2150 3746 2334 te, dass der Mann dort oben nicht etwa eine Fuge von Bach spiele,
669 2326 3770 2519 sondern,dass er Lebensgeschichten in Musik setze,wie das bekannt-
656 2449 3696 2708 lich alle begabten Pianisten tun. Gleich darauf wanderte Robert
652 2593 3692 2843 zwischen Bahngeleisen hin, einer offenen Landschaft zu, mit einer
644 2765 3713 2958 roten Fahne in der Hand, die er ununterbrochen schwenkte und end-
628 2905 3705 3143 lich auf einen Erdhügel pflanzte, unter dem Alberta begraben lag.
615 3065 3639 3245 Dann schritt er auf einem schmalen Gebirgskamm hin,Abgründe zu
615 3212 3614 3417 beiden Seiten, mitten durch eine wundervolle, blaue Winternacht.
599 3376 3893 3631 Endlich sass er, erfrischt, mit kühlen Wangen und sich der Arbeit ent-
591 3532 3623 3750 gegenfreuend in seinem Bureau, als plötzlich sehr heftig an die
587 3700 3573 3947 Türe geklopft wurde. Er wusste sofort, dass dies nur Albertens
587 3844 3623 4082 Gatte sein konnte, der gekommen war Rechenschaft von ihm zu for-
587 3996 3557 4250 dern. Doch er war fest entschlossen nicht zu öffnen. Vielmehr
599 4152 3659 4365 verliess er den Raum durch die gegenüberliegende Türe und stürm-
587 4287 3598 4517 te weiter durch eine ganze Reihe von Zimmern; in jedem standen
558 4455 3549 4710 Tische, an jedem sassen Schreiber, deren Federn mit ungeheuerer
554 4619 3623 4853 Eile über das Papier fuhren, mit der freien Hand aber warfen sie
574 4767 3627 5071 die Bogen in offene Reisetaschen, die sich immer selbettätig auf
4422 3914 4582 4111 Tete
4291 4525 4537 4722 doeß
4320 4689 4517 4861 o the
4340 4890 4513 5034 elb
