4360 5396
973 75 1183 301 1/11.
1745 368 1958 538 -91-
665 665 1812 886 als gekünstelt empfand.
1215 799 3747 1021 "Ja, ich bin's“, sagte er. “Zu einer etwas ungewohnten
641 1025 2860 1211 Stunde, nicht wahr. Störe ich dichvielleicht?“
1262 1175 3576 1321 "Durchaus nicht",erwiederte Otto und sah auf die
633 1302 3608 1476 Uhr. "Willst du dich nicht setzen? Wie geht es deiner Braut?”
1238 1456 3628 1662 "Danks,sehr gut. Sie hat jetzt alle Hände voll zu
621 1586 3794 1804 tuh,wie du dir denken kannst. Die Wohnung ist aufgenommen; weisst
633 1824 3660 1978 du die, von der wir dir neulich ersählt haben; mit dem Blick in
621 1966 3604 2105 die Gärten. Aber um dich nicht über Gebühr aufzuhalten, - ich
609 2093 3751 2255 komme aus einem ganz bestimmten Grund. Wie ich dir schon neulich
617 2251 3727 2433 erzählte, bin ich damit beschäftigt, wie es sich in solchen Lebens-
597 2382 3663 2603 perioden ziemt“,- er lächelte wie verschämt,was ihm gleich wie-
605 2599 3731 2761 der kindisch vorkam - "Ordnung in meine alten Papiere zu bringen."
586 2706 3766 2916 Da habe ich nun unter andern auch Briefe von unserem gemeinsamen
582 2904 3612 3062 längst verstorbenen Freund Höhnburg gefunden." Otto nickte zum
574 3046 3679 3224 Zeichen, dass er sich erinnere. "Und bei dieser Gelegenheit", fuhr
550 3181 3608 3319 Robert fort," ist mir eingefallen, dass du dich noch im Besitz
566 3331 3703 3565 eines etwas lächerlichen Schriftstückes von mir befinden dürftust,
546 3517 2200 3695 das ich gern wieder haben möchte."
1135 3663 3695 3865 "Ein lächerliches Schriftstück?“ Otto sah ihn befrem-
558 3675 953 3830 gar nich
526 3834 918 4055 det an.
1135 3913 3632 4162 "Solltest du dich nicht erinnern", sagte Robert; und
510 4122 3675 4320 etwas zu geschwind,wie er selbst fühlte, entfuhr ihm das erklären-
514 4269 3086 4455 de Wort: "Mein Todesurteil." Und er lachte sugleich.
1088 4415 3509 4589 „Dein Todesurteil?“ wiederholte Otto anscheinend
487 4625 3656 4799 noch immer ohne zu verstehen, aber gleich darauf verriet ein kur-
502 4720 3608 5009 ses Aufblitzen in seinen Augen, dass er verstanden hatte. Papier.
