4184 5396
1570 431 1834 671 -76-
517 736 834 931 ist?"
887 618 1265 948 lät alieh
533 899 3644 1082 "Ich weiss selber nicht recht. Wahrscheinlich lag
517 1058 3527 1249 es daran, dass beide Geschichten zu gleicher Zeit spielten. Und
504 1208 3644 1415 so hat sich meine Seele bald dem Einen, bald dem Andern zugeneigt.
700 1383 3575 1619 "Deine Seele...“ wiederholte er leise und nahm ihre
480 1521 1570 1716 Hand.
488 1692 3579 1891 Sie umfasste mit ihren Fingern die seinen. "Du hast
447 1830 3506 2034 recht. Es war nicht die Seele allein. Aber gefährlich wurde es
443 2013 3620 2160 doch niemals weder da, noch dort. Vielleicht, weil ich nicht wusste,
443 2156 3583 2335 wohin mit mir. Und so ist "nichts draue" geworden,wie du früher
435 2294 2811 2477 sagtest,weder eine ühe noch sonst was... nichts."
517 2477 3409 2693 "Und du bereust nicht, - dass du vielleicht ein
395 2624 1477 2794 Glück versäumt hast?"
390 2741 586 2949 und
1155 2790 3441 2965 "Zuweilen ist es schon vorgekommen,das will ich
395 2916 3364 3112 nicht leugnen. Aber du vergisst,mein Lieber“, und sie lächelte
378 3075 1965 3274 "müd," ich bin aus guter Familie."
2127 3124 2396 3270 5t e
354 3217 655 3404 Sr.
1082 3270 3384 3461 Er erwiderte nichts und sie wandelten weiter im
354 3400 3474 3571 leise herabsinkenden Schnee. Wie rein ist solch ein Leben, dachte
338 3543 3291 3734 Der bei sich, wie fleckenlos und rein. Bin ich ihrer wert? Sie
338 3722 3531 3917 weiss, dass ich mancherlei erlebt habe. Doch x sie fragt um nichts.
293 3864 3307 4047 Nun ja,warum sollte sie auch neugierig sein? Sie vermutet in
277 4027 3425 4194 meinem Leben nichts anderes als das, was junge Männer eben durch-
277 4173 3404 4397 zumachen pflegen. Von dem Dunkel in meiner Seele ahnt sie nichts.
256 4312 3372 4515 Nichts von vergangenen bösen Wünschen, die heute noch als Geapen-
216 4458 3303 4714 ster in mir umgehen, nichts von der Angst, die mich innschlimmen
134 4621 3356 4848 Stunden bedrückt, nichts von dem Brief, der in meines Bruders Hän-
98 4812 3372 4991 den ist, von dem furchtbaren Brief, der ihn Gewalt über mein Leben
