4952 5492
2411 449 2648 732 -26-
1243 794 4340 1006 Reisen kommt man begreiflicherweise wenig dazu. Manchmal hat es
1247 994 4365 1152 mir wohl gefehlt.“ - „Uns auch“, meinte Marianne lächelnd. Es war
1214 1152 4328 1301 Robert's Gewohnheit gewesen sich nach den Mahlzeiten, die Zigarre
1235 1297 4374 1459 zwischen den Lippen, an den Flügel zu setzen und sich, wie Marianne
1231 1405 4411 1613 es nannte, musikalischen Kaffee-und Havannah-Phantasien hinzugeben.
1214 1605 4399 1771 So erhob er sich auch jetzt, begab sich ins Nebenzimmer ans Klavier
1206 1759 4370 1908 und spielte allerlei Ernstes und Heiteres, Klassisches und Banales
1193 1896 4340 2108 nach-und durcheinander, ähnlich wie es gestern der Pianist in der
1206 2008 4440 2220 Bar getan. Plötzlich liess er die Hände auf den Tasten ruhen,wandte
1202 2199 4370 2403 sich nach Marianne um, die in der Divanecke, mit einer Stickerei be-
1189 2382 4303 2553 schäftigt, seinem Spiele gefolgt war,und sagte: "Nun ist's genug.
1177 2494 4424 2719 Es geht ohnehin nicht recht.“ Und da seine Einwendung erhob, fuhr
1164 2686 4274 2865 er fort: "Auch ist es höchste Zeit, dass ich mich wieder auf die
1168 2848 4311 3006 Wanderschaft mache. Ich bin nämlich auf Wohnungssuche." - "Ob du
1147 2977 4365 3176 nicht lieber noch eine Weile warten solltest?“ sagte Marianne. "Da
1152 3114 4403 3334 du schon einmal im Hotel abgestiegen bist... Es könnte sich ja doch
1135 3301 4394 3480 fügen, dass du bald eine geräumigere Wohnung benötigst." Robert,sol-
1139 3467 4482 3629 cher Anspielungen von Mariannens Seite nicht ungewohnt, schüttelte den
1110 3588 4340 3833 Kopf: "Dazu ist es nun doch allmählich zu spät geworden".- "Warum?
1110 3817 4303 3962 erwiederte sie lebhaft. “Es kommt ja doch noch. Eines schönen Ta-
1106 3950 4232 4070 ges wirst du uns mit deiner Heiratsanzeige überraschen." - Denkt
3871 4037 4170 4128 Ralf
1110 4112 4141 4245 sie an eine bestimmte Person, fragte er sich. An Fräulein Kost-
1098 4236 4236 4436 am Ende?- Ich habe doch kaum drei Mal mit ihr gesprochen. Sollte
1085 4382 4365 4573 man trotzdem hier schon unterrichtet sein? Dann fiel ihm ein, dass an
1085 4552 4191 4710 verschiedenen Orten der Schweiz Bekannte ihn mit Alberta gesehen
1064 4702 4099 4893 hatten, zu der seine Beziehungen auch für Bruder und Schwägerin
1052 4868 4187 5110 kein Geheimnis gewesen waren. Marianne hatte sich sogar manchmal,
