4376 5412
1743 528 1977 715 -93—
1239 703 3681 918 Otto war aufgestanden und legte dem Bruder, der ihm
707 891 3802 1102 gegenüber auf einem Lehnstuhl sass, mit einer ungewohnten Gebärde
711 1063 3771 1254 der Herzlichkeit die Hand auf die Schulter. Und mit einem allzu
699 1239 3802 1399 freundlichen Lächeln sagte er: "Hast du wirklich jemals im Ernst
707 1329 3833 1528 daran gedacht, dass ich von deiner mir gütigst erteilten Ermächti-
688 1504 3716 1696 gung Gebrauch machen würde? Und mit einem etwas angestrengten
696 1657 3833 1887 Versuch zu scherzen fügte er hinzu: "Da hätte ich es schon längst
684 1868 1293 2040 tun müssen."
1239 2012 3611 2180 "Darin kann ich dir freilich nicht Unrecht geben,“
684 2176 3638 2305 erwiederte Robert bedrückt," aber nun ist ja doch alles anders
672 2282 3771 2497 geworden, Gott sei Dank. Ja,Otto, dass ich Paula gefunden habe, das
672 2438 3603 2673 ist ein Glück ohnegleichen, ein ganz unverdientes Glücke. Dabei
668 2591 942 2684 musst
660 2634 3794 2813 du wissen, dass ich es beinahe versäumt hätte." Er vermoch-
660 2786 3611 2981 te su seiner eigenen Verwunderung zu seinem Bruder freier und
649 2876 3736 3118 aufgeschlossener zu reden als sonst. Er sprach davon, wie haltlos
649 3067 3693 3290 und verloren er seit Jahren dahingedämmert,wie die Amtsgeschäf-
641 3251 3630 3435 te ihn nicht befriedigt,alle Vergnügungen ihn gelangweilt hät-
629 3357 3759 3591 ten, wie er immer wieder von allerlei sonderbaren und xxxk alber-
610 3548 3654 3736 nen Einbildungen gequält und umhergehetzt worden sei; wie aber
625 3724 3661 3904 von der Stunde ab, da Paula in sein Leben getreten war, die ganze
598 3845 3568 4064 Welt gleichsam lichtere Farben angenommen,wie er nun sogar in
610 4044 3693 4216 seinem Berufe eine ungewohnte Befriedigung finde, wie insbesonde-
594 4204 3681 4337 re die Musik dadurch, dass seine Braut auch hier sich ihn als
594 4369 3591 4509 eine wahre Gefährtin erweise, ihm ein ganz neues Glück gewähre,
574 4505 3681 4689 und wie er fühle, dass erst jetzt eine schwere Wolke, die er immer
574 4673 3720 4841 als über sich schwebend empfunden, für alle Zeit geschwunden sei.
543 4783 3638 5009 Alle diese Worte aber, dessen war er sich wohl bewusst, sollsten
