4550 5715
1973 596 2248 770 -123-
1386 709 3978 1094 Die Aufzeichnungen, die man in seiner Reisetasche fand,
831 1013 3828 1309 wurden dem Gerichte übergeben und auszugsweise veröffentlicht.
814 1187 3905 1438 Der Fall in all seiner Düsterkeit lag so klar wie möglich: Ver-
839 1313 3739 1572 folgungswahn,wer konnte daran zweifeln? Doktor Leinbach aber
822 1503 3804 1710 hatte seine eigenen Gedanken darüber und er sögerte nicht sie
847 1580 3942 1872 seinem mit Sorgfalt geführten Tagebuch anzuvertrauen. Mein armer
843 1750 3792 2030 Freund, schrieb er, hat an der fixan Idee gelitten, so heisst es
835 1900 3893 2192 ja wohl, dass er durch seinen Bruder sterben müsse; und der Gang
855 2086 3905 2346 der Ereignisse hat ihm am Ende Recht gegeben. Wie es allmählich
855 2232 4067 2475 dahin kommen sollte, hatte er freilich nicht voraussusehen vermocht.
843 2415 3934 2678 Aber die Ahnung war in ihm gewesen, das lässt sich nicht abstrei-
839 2560 3792 2816 ten. Und was sind Ahnungen? Doch nur Gedankenfolgen innerhalb
851 2706 4031 2994 des Unbewussten. Die Logik im Metaphysischen könnte man vielleicht
863 2856 4023 3111 sagen. Wir aber reden von Zwangsvorstellungen! Ob wir dazu berech-
855 2953 4112 3261 tigt sind;- ob dieses Wort - wie so manche andere - nicht eigentlich
855 3156 3942 3468 eine Ausflucht bedeutet,- eine Flucht ins System aus der friedlo-
847 3298 3990 3602 sen Vielfältigkeit der Einzelfälle, das ist eine andere Frage. Und
843 3456 3626 3747 ein Fall, wie der meines armen Freundes
2038 3792 2658 4128 ====  =  =====
