4232 5396
1706 344 1931 663 -77_
557 746 3692 944 gibt. Plötzlich fühlte er eine würgende Angst in sich aufsteigen,
561 912 3672 1133 eine ganz neue und doch wieder die alte. Wieso fiel ihm der Brief
553 1062 3566 1260 mit einem Male wieder ein? Was hatte der Brief denn heute noch
541 1216 3653 1402 zu bedeuten? Er hatte doch nur Geltung für einen bestimmten Fall;
533 1370 3337 1536 und dieser Fall lag nicht vor, konnte niemals eintreten. Er
505 1536 3554 1730 nicht wahnsinnig; er war gesund. Aber was half ihm das, wenn ihn
501 1686 3546 1864 Andere für wahnsinnig hielten? Was half es ihm,wenn am Ende der
509 1864 3649 2081 eigene Bruder ihn für wahnsinnig hielt? Konnte es nicht geschehen,
486 1998 3459 2184 dass gerade die wundersame Veränderung seines Seelenzustandes,
474 2156 3621 2346 dieses Aufschweben, diese Gelöstheit,diese Heiterkeit seides Wesens
462 2255 3522 2507 einem getrübten Blick die Anzeichen einer herannahenden Geistes-
434 2468 3566 2638 störung vortäuschten? Vor wenigen Tagen erst hatte sich Marianne
426 2590 3530 2847 ihm gegenüber mit wachsender Besorgnis über ihres Gatten blasses
430 2800 3510 2950 und abgespanntes Aussehen geäussert;- als Robert daraufhin eine
419 2906 3499 3155 brüderliche Mahnung an Otto wagte, war ihm das unverhältnismässig
407 3072 3400 3281 Gereiste,fast Barsche in dessen Antwort aufgefallen, und in der
363 3230 3435 3439 Erinnerung schien ihm sogar, als hätte in der letzten Zeit Ottos
363 3376 3522 3621 Gang und Haltung einen eigentümlich veränderten Charakter angenom-
355 3550 3321 3751 men. Sollte er kränker sein als ich, dachte Robert? - Er - der
336 3696 1307 3905 Kranke - er allein?
869 3822 3475 4051 „Was ist dir?” fragte Paula. “Habe ich dir weh getan?“
817 4036 3325 4209 Er fasste sich. "Geliebte", flüsterte er und drückte
438 4051 770 4209 by
276 4182 3317 4375 ihr die Hand. Aber seine innere Unruhe vermochte er nicht mehr
280 4292 3380 4537 zu beschwichtigen. Er dachte an die tückische Schicksalsmöglich-
265 4482 3297 4667 keit, dass gerade jetzt, da er sich dem Dasein wiedergegeben und
269 4632 3439 4829 zu einem stillen Glück bestimmt wähnte, sein unglückseliger Bruder
253 4814 3372 5074 sich zur Einlösung jenes furchtbaren Versprechens berechtigt und
