4248 5364
1725 389 1951 639 —53—
567 710 3625 904 Robert ablehnend, „wenn es ja wirklich warm ist in solchen Stun-
575 837 3597 1031 den...?! Heute könnte man sich zum Beispiel ohne die geringste
567 972 3621 1230 Gefahr hier ins Gras legen; wie denkst du drüber?" Leinbach war
551 1178 3582 1352 einverstanden. Sie breizeten die Mäntel aus, streckten sich auf
543 1293 3653 1468 sie hin und blickten talwärts, sich der gleichen Aussicht erfreu-
531 1471 3502 1670 end,die Robert tagsvorher von weiter unten mit Paula genossen
516 1642 3470 1832 hatte. Ein starkes Wohlgefühl durchdrang ihn. Ich bin gesund
520 1781 3482 2007 und noch jung, sagte er sich. Was ist es nur, was mich manchmal
504 1955 3665 2130 mit so unheimlicher Gewalt überkommt? Wer weiss übrigens,ob nicht
508 2098 3697 2316 die meisten Menschen von ähnlichen Gespenstern heimgesucht werden?
484 2213 3629 2431 Andererseits gibt es vielleicht Leute, die tatsächlich irgend ein-
468 2419 3589 2649 mal ein Verbrechen begangen und es völlig vergessen haben. Stand
460 2562 3554 2784 nicht neulich irgendwo zu lesen, dass in England allein jährlich
456 2749 3526 2939 gegen tausend Menschen spurlos verschwinden? Und es wäre immer-
448 2907 3589 3114 hin möglich, dass unter diesen tausend manch einer umgebracht wor-
432 3022 3494 3268 den ist - von irgendwem, der sich später nicht mehr dessen erin-
420 3240 3578 3399 nert, geradeso wie ich... Oho,rief er sich selbst an und schnellte
424 3355 3447 3554 auf. Er war mit geschlossenen Augen dagelegen,und nun zitterte
401 3474 3443 3685 und schwankte die Landschaft überhell um ihn. Leinbach sah ihn
397 3645 3534 3839 mit einem sonderbar zwinkernden Bliok von der Seite an. Hm,warum
389 3851 3506 4034 war der eigentlich gekommen? Sollte er nicht etwa ans ganz bestim-
389 3998 3363 4153 ten Gründen heraufgeschickt worden sein? Von Otto vielleicht?
377 4109 3470 4387 Unsinn. Der hielt ihn ja im Grunde für einen Dummkopf, Und nicht
349 4260 3320 4518 ganz mit Unrecht. Für einen geistreichen Dumskopf, wie er sich
337 4418 3411 4704 neulich einmal ausgedrückt hatte. Immerhin blieb es auffallend,
341 4589 3292 4763 dass Leinbach den Blick so rasch wieder abgewandt hatte und
313 4756 3367 5025 nun scheinbar gleichgültig zum Himmel aufstarrte. Robert begann
