4952 5460
2347 450 2594 715 -21-
3792 715 4420 909 zwei Augen, die
1268 760 4433 1062 eine Weile, mit den Blicken im Saal umherschweifend,nah von Robert
3842 946 4003 1037 entriss
2661 963 2813 1058 V.A.S.
1950 963 2194 1070 G. A. d. M.
1268 971 4425 1161 stehen und ihr Arm streifte den seinen. Da sie keinen Platz fand,
1248 1103 4416 1351 wandte sie sich mit ihren Begleitern wieder zum Gehen, doch an der
1227 1268 3313 1467 Türe sah sie sich lächelnd nach Robert um.
4086 1367 4420 1524 cht läm-
1851 1400 4383 1632 Ein frisch gefülltes Glas Champagner stand vor ihm.
1219 1566 4470 1822 Er trank es in einem Zug aus mit Lust,fast mit Begier. Der Klavier-
1231 1727 4520 1933 spieler phantasierte über Themenaus Wagner'schen Opern in parodisti-
1206 1933 4528 2132 schem Walzertempo. Irgend etwas längst Vergangenes zog durch Roberts
1202 2078 4425 2239 Sinne. Vor vielen Jahren, zu Beginn siner Ehe, war er einmal während
1202 2194 4367 2454 einer Tristan-Aufführung mit seiner jungen Gattin in der verdun-
2462 2363 2673 2458 allé
1182 2388 4338 2611 kelten Loge sehr zärtlich gewesen. Es war ihm nun in der Erinne-
1177 2566 4354 2751 rung, als hätte er sie damals unendlich geliebt,und er dachte, dass
1190 2731 4313 2892 vielleicht manches in seinem Leben anders gekommen wäre, wenn sie
1161 2834 4470 3049 nicht so jung hätte sterben müssen. Trotz dieses wehmütigen Einfalls
1165 3028 4416 3198 fühlte er sich ganz behaglich und merkte, dass er mit der Hand sanft
1161 3198 4363 3396 zum Klavierspiel den Takt schlug. Er lächelte oder wollte vielmehr
1136 3359 4379 3561 lächeln, denn plötzlich fühlte er seine Lippen zucken,Thränen stie-
1124 3495 4354 3644 gen ihm in die Augen, und er konnte sich eben noch mit Mühe zurück-
1128 3615 4309 3842 halten laut Aufzuschluchzen. Er biss die Zähne zusammen, sah rings
1128 3772 4259 4011 um sich, ob irgend jemand seine Schwäche bemerkt hätte, und lachte
1095 3966 4338 4140 nun auf, aber so laut und schrill, dass etliche Blicke sich nach ihm
1115 4119 4325 4338 wandten. Leinbach schaute ihn scharf an. "Was hast du" fragte er.
1099 4239 4152 4482 Robert schüttelteden Kopf. "Mir ist was Komisches eingefallen",
1095 4387 4218 4627 sagte er. "Darf man wissen" fragte Leinbach anscheinend nur aus
2371 4553 2582 4652 gleich
1078 4577 4342 4817 Neugier. "Nichts für Euch, nichts "für Auch", erwiderte Robert, blickte
1082 4705 4255 4982 dann verstohlen umher, stellte für sich fest, dass er keine weitere
