4664 5588
2104 426 2385 658 -15-
952 598 4051 988 für geisteskrank halten? Und ist auf solche Art nicht Einer dem
960 851 4087 1144 Andern rettungslos ausgeliefert,- der Kranke dem Gesunden,wie der
960 1008 4035 1277 Gesunde dem Kranken? An dieser Stelle aber riss Robert sich ge-
964 1144 4119 1421 waltsam zurück. Er wollte sichs nicht länger gefallen lassen, dass
952 1309 4099 1586 krankhafte Grübeleien ihn wehrlos in das trübe Land schwankender
960 1469 4123 1726 Möglichkeiten trieben, wo das Höchst-Wahrscheinliche und das Kaum-
964 1622 4135 1923 Vorstellbare in unlauterer Nähe beisammen wohnten. Wieder warf er
972 1767 3987 2060 einen raschen Blick in den Spiegel. Einen Unterschied zwischen
960 1939 4192 2208 rechts und links vermochte erheute nicht wahrzunehmen. Beide Augen
964 2060 4192 2357 blickten etwas trüb und ermüdet, doch war er auf dem linken von Ju-
976 2224 4023 2509 gend auf ein wenig kurzsichtig gewesen und hatte die Gewohnheit
980 2385 4087 2658 angenommen es zuweilen zusammenzukneifen. Dazu kam, dass er heute
964 2517 4015 2823 Nacht kaum geschlafen hatte. Er sah im ganzen, das war nicht zu
964 2634 4152 2971 leugnen, abgespannt und übernächtig aus. So entschloss er sich den
964 2831 4152 3140 beabsichtigten Besuch vorläufig zu verschieben, um Otto nach einer
968 3007 4063 3272 gut verbrachten Nacht,erfrischt, in gehobener Stimmung,und womög-
964 3156 3987 3433 lich - denn auch dies erschien ihm nicht ohne Bedeutung - bei
964 3296 4168 3589 gänzlich aufgehelltem Wetter zum ersten Mal wieder gegenüberzutre-
980 3622 1196 3774 ten.
1421 3971 4264 4236 Bald darauf trat er aus dem Tor des Gasthofs, behagte sich
968 4143 4103 4425 in der Vorstellung als Fremder in den Strassen einer unbekannten
972 4296 4067 4597 Stadt umherzuspazieren und nahm mit Absicht sein Mittagessen in
976 4485 4147 4766 einem Gasthaus, in das er früher niemals eingetreteh war. Dam be-
964 4625 4119 4910 gab er sich auf die Suche nach einer Wohnung, lief stundenlang in
964 4794 4059 5143 verschiedenen Häusern treppauf-treppab, besichtigte Dutzende von
