4264 5396
1708 377 1962 587 -29-
579 698 3655 872 Male für möglich hielt, in einem Dämmerzustand einen Mord began-
587 856 3694 1019 gen,so lag alles andere gleichfalls im Bereiche der Möglichkeit,
579 967 3766 1201 vor allem List und Tücke jeder Art, um das Verbrechen zu verschlei-
579 1153 3615 1348 ern. Es war ihm bewusst, dass all diese Einfälle und Erwägungen
567 1316 3734 1518 im Verlauf von wenigen Sekunden durch sein Hirn gejagt waren. Nun
567 1478 3722 1657 aber, da er Mariannens Augen mit einem unverkennbaren Ausdruck der
551 1609 3579 1819 Besorgnis auf sich gerichtet sah, fühlte er, dass er tötlich er-
547 1792 3516 1946 blasst war; und er sagte sich, dass es vor allem darauf ankam,
539 1914 3615 2105 sich nicht zu verraten. Mit einer gewaltigen Willensanstrengung
547 2085 3694 2267 vermochte er seinem Antlitz einen harmlosen Ausdruck zu verleihen
519 2263 3639 2410 und er bat Marianne ihn bei seinem Bruder zu entschuldigen, da er
507 2402 3587 2580 jetzt eilen müsse,um eine Wohnung auf der Wieden, die nur bis zu
507 2565 3536 2715 einer gewissen Stunde zur Besichtigung frei stände,nochmals in
492 2715 3563 2898 Augenschein zu nehmen. "Für morgen aber lade ich mich wieder zu
480 2866 3587 3052 Tisch bei Euch ein, wenn ich nicht doch vielleicht“, setzte er ei-
484 3008 3540 3187 lig hinzu, "für ein paar Tage auf den Semmering fahre". - "Unru-
468 3191 2886 3357 higer Geist“, rief Marianne ihm zum Abschied nach.
1035 3341 3536 3532 Als er aus dem Tore trat,stand gegenüber, vor einem
448 3484 3528 3678 grossen Spiegelfenster,eine Zigarre rauchend,ein Herr von frag-
444 3663 3472 3857 würdig-verdächtiger Eleganz, der mit auffallender Raschheit den
444 3801 3464 3964 Blick wandte, als Robert ihn ins Auge fasste. Sind wir so weit?
432 3964 3429 4138 dachter er flüchtig. Dann aber lachte er. Es wäre das Neueste,
384 4126 3524 4305 sagte er vor sich hin, wegen einer Wahnidee verhaftet und sur Re-
424 4277 3591 4471 chenschaft gezogen zu werden. Denn dass es nur eine törichte Ein-
400 4428 3559 4634 bildung gewesen war, die ihn früher überfallen, dessen war er jetzt
381 4582 3516 4772 wieder ganz gewiss. Ob man aber nicht doch, dachte er weiter, ver-
388 4792 3444 4990 sichtshalber an die Schweizer Hoteldirektion schreiben sollte?
