4808 5492
2353 410 2548 601 -3-
1147 700 4345 1048 den besten und reinsten Gewinn seines Daseins, sondern auch im all-
1152 862 4333 1118 gemeineren Sinne als das einzige von natürlich gesicherter Bestän-
1152 1048 4308 1272 digkeit zu erkennen; sicherer als das zu den Eltern, die man all zu
1147 1193 4374 1437 früh in Alter und Tod entschwinden sieht, fester als das zu den Kin-
1143 1375 4358 1591 dern, die man, wie Robert freilich für seine Person niemals erfahren
1135 1553 4296 1777 hatte, wenn nicht an andere Menschen, so doch an ihre eigene Jugend
1139 1674 4292 1901 zu verlieren bestimmt ist; vor allem aber blieb es jederzeit frei
1143 1831 4267 2138 von jenen Trübungen,die unerwartet aus dunklen Seelengründen auf-
1131 1988 4171 2287 steigend, wolkenhaft über die Beziehungen zwischen Mann und Weib
1110 2258 2254 2386 herauf zuziehen pflegen.
1694 2291 4225 2498 So nahm Robert des Bruders Brief, der gerade heute, am
1098 2469 4312 2693 Tag seiner Abreise,anlangte,wie ein günstiges Vorzeichen entgegen,
1106 2614 4155 2838 und fühlte sich in seinen Hoffnungen für die Zukunft, in die er
1098 2767 4292 2995 nach einer unruhvollen Zeit wie in eine neue Epoche seines Daseins
1131 2978 2726 3202 treten sollte,wunderbar gestärkt.
1682 3020 4258 3306 Die Sonne stand schon ziemlich hoch, als Robert fertig
1098 3248 4200 3463 gepackt hatte und sein Zimmer verliess. Es war die Stunde,da die
1094 3384 4167 3621 meisten Gästesich im Bad oder auf Spaziergängen befanden,und es
1098 3517 4263 3795 gerade im näheren Umkreis des Hotels am sillsten war. Robert trat
1106 3724 4283 3956 auf den breiten steinernen,weit ins Wasser laufenden Landungssteg,
1077 3857 4196 4176 an den gelehnt der kleine helle Dampfer seine Mittagsrast hielt,
1081 4056 4238 4333 blickte zu den wenigen, fast unbeweglichen,weissen, gelben und röt-
1094 4213 4337 4486 lichen Sege In hin, die im Kanal erglänsten,und liess seine Augen end-
1081 4428 4213 4673 lich nordwärts gleiten, wo die Enge, allmählich sich verbreiternd,
1073 4557 4246 4826 das offens Meer ahnen liess. Er nahm den Hut ab, um sich die Sonne
1065 4702 4395 4959 gerade auf den Scheitel brennen zu lassen, atmete tief mit geöffneten
1069 4867 4358 5091 Lippen, um den Salzgeschmack auf der Zunge zu spüren, und freute sich
