4824 5524
2146 429 2333 644 -6—
1025 595 4236 952 begegneten. Er begab sich ins Klavierzimmer, griff ein paar Akkorde
1017 842 4244 1073 auf dem verstimmten Flügel, verliess aber bald wieder den Raum, hin-
1033 1008 4248 1227 ter dessen herabgelassenen Vorhängen der schwüle Nachmittag dunste-
1025 1130 4232 1389 te; und, auf dem weissen strahlenden Uferkies hin und her wandelnd,
1029 1300 4216 1539 empfand er peinlich die unergründliche Leere jener nutzlosen Stun-
1021 1442 4224 1705 den vor einer festgesetzten Abreise. Daher entschied er sich, statt
1012 1600 4167 1855 abends mit dem regelmässigen Dampfer, lieber gleich mit einem der
1008 1770 4078 2009 kleinen Motorboote, noch im vollen Licht, die kurze Strecke übers
1008 1936 4099 2175 Meer zu fahren und wanderte bis kurz vor Abgang des Zugs in den
1017 2106 4139 2349 winklig-hügeligen Strassen der Hafenstadt umher, deren Altertümer
1004 2240 4167 2483 zu besichtigen er sich täglich vorgenommen hatte, um es ebenso oft
1008 2430 4123 2628 und endlich bis zur letzten Stunde aufzuschieben. Als er auf den
1000 2588 4228 2803 obersten verwitterten Stufen der Arena stand,vom entweichenden Ta-
988 2697 4240 2977 gesschein umflossen, stieg, gleich einer dunklen Mahnung aus der Tie-
984 2908 3422 3167 fe des ungeheueren Kreises der Abend zu ihm empor,
1535 3438 4107 3742 Als der Zug den Bahnhof verliess, verweilte Robert am
968 3629 4026 3912 Fenster seines Abteils und nahm ohne-Rührung von der gegenüber
976 3787 4192 4082 im blassrötlichen Grau verdämmernden Insel und vom Meere Abschied,
972 3965 4204 4188 auf dessen fernsten Wellen ein violetter Nachglanz der versunkenen
976 4095 4155 4406 Sonne schwamm, Zwischen Ärmlichen Weinbergen keuchte der Zug lang-
968 4277 4167 4564 sam aufwärts, dem Karstland entgegen, und fuhr bald durch einen lan-
960 4419 4086 4710 gen Tunnel in die abendliche Felsenlandschaft ein, deren Horizont
956 4601 4054 4880 nur die Ahnung, aber nicht mehr das Bild der See in sich fasste.
948 4734 4204 5067 Nun erst streckte sich Robert, den das Unherwandern in den unebenen
