5046 5572
2308 227 2479 409 P.S.
2296 555 2596 733 -111-
1434 697 4362 1017 versenkte er sich in Nachrichten von nah und fern, die ihm so
1409 980 4265 1268 gleichgültig waren, dass er bald über ihnen einschlummerte.
2078 1142 4512 1308 Als er wieder zu sich kam, glitt der Zug durch ein
1422 1312 4609 1559 enges Felsental. Der Flockenfall hatte aufgehört und von dem star¬
1397 1438 4451 1713 ren Schnee, der auf den sanfteren Hängen und über dem Nadelholz
1413 1600 4394 1871 liegen geblieben war, zeigte der Abend sich wunderbar erhellt.
1413 1786 4500 2025 Bald traten die Felsen so eng zusammen, dass das Brausen der Ache
1397 1916 4463 2187 aus der Tiefe vielfach verstärkt heraufdrang. Dort, wo die Berge
1413 2078 4455 2321 zurücktraten, war ausgestirnt und der blaue Winterhimus 1 Weitge-
1401 2256 4439 2483 spannt zu erschauen. Als der Zug ein paar Minuten in einer Sta-
1413 2398 4491 2632 tion hielt, öffnete Robert das Fenster. Die Luft war kalt und er-
1373 2535 4390 2790 frischend, die Stille tröstlich und gut. Die Seltsamkeit seiner
1365 2701 4617 2973 Reise kam Robert zu Bewusstsein. Ob es xxx Ende wirklich nur ei-
1377 2896 4427 3110 ne Reise war? Ob das, was er als Flucht geplant und unternommen,
1369 3029 4350 3224 nicht bestimmt sein konnte, als Vergnügungsfahrt zu enden? Ein
1373 3167 4350 3410 letztes Mal regte sich die Hoffnung in ihm, dass er sich xxx
1361 3349 4520 3568 vielleicht doch getäuscht hätte, dass sein Bruder nicht wahnsinnig
1300 3475 4467 3710 war,dass alles gut enden werde, dass er selbst in die Lage kommen
1312 3641 4362 3904 könnte Paula gegenüber seine Geschichte von dem eifersüchtigen
1324 3795 4321 4046 Amerikaner als ein Märchen auszugeben, zu dem Zweck erdacht, um
2884 3937 3135 4042 einer
1296 3933 4338 4212 der Geliebten die Zustimmung zu der vorzeitigen Hochzeitsreise
1336 4095 4338 4346 zu entlocken. Doch das dauerte nicht lang. Eine so trügerische
1256 4257 4455 4512 Beruhigung, die ihm gewiss nur aus einer Erschlaffung seiner Ner-
1247 4410 4451 4666 ven kam, war er verpflichtet abzuweisen, da sie doch nur eine neue
1300 4613 4500 4840 Gefahr bedeutete. Er erinnerte sich des heutigen Morgens, des letz-
1276 4738 4297 4994 ten Blicks aus den Augen seines Bruders und er wusste, dass er
1296 4961 2770 5176 sich auf einer Flucht befand.
1089 4670 1304 5411 4
867 5123 1041 5423 1
