4408 5428
1720 452 1987 609 -96-
727 628 3735 982 heit fort: "Habe ich dir schon gesagt, dass Marianne von Paula
734 880 3884 1147 geradezu schwärmt?“ Er hatte geklingelt und fragte den eintreten-
742 1104 3829 1284 den Diener,ob Marianne zuhause sei. Sie war fortgegangen, und Ro-
731 1269 3704 1453 bert begleitete den Bruder ins Zimmer der Kinder,die eben ihr
723 1343 3743 1606 Abendessen erhielten und es gar nicht hübsch vom Onkel fanden,
723 1528 3829 1760 dass er gerade nur hereinkam, um ihnen gute Nacht zu wünschen und
731 1724 3818 1921 sie gleich wieder mit dem Vater, dessen Eile sie freilich gewohnt
711 1889 1465 2066 waren,verliess.
1186 2038 3798 2203 Auf der Treppe sprach Otto die Erwätung aus,Robert mit
699 2121 3672 2364 seiner Braut redht bald wieder an einem gemütlichen Abend
687 2349 3829 2533 bei sich zu sehen. “Sehr gern“,erwiederte Robert. Aber bei sieh
695 2518 3719 2682 dachte er: Ich werde mich wohl hüten. Wozu? Um mich  wieder von
676 2686 3727 2836 einem sogenannten Fachmann beobachten zu lassen?— "Und Ihr wer-
672 2828 3692 3005 det hoffentlich auch einmal bei uns zusammen musizieren", sagte
660 2973 3810 3158 Otto. "Deine Braut soll ja so schön Geige spielen". Aus dem Wagen
652 3142 3621 3327 noch nickte er dem Bruder einen Gruss zu, den dieser mit einem
648 3287 2031 3460 heiteren Lächeln erwiederte.
1225 3331 3782 3605 Es ist die höchste Zeit Vorkehrungen zu treffen,dach-
617 3495 3696 3794 te Robert im Weitergehen. Er ist der berühmte Arzt, niemand wird
632 3755 3602 3920 an der Richtigkeit seiner Diagnose zweifeln. Bis die Wahrheit
609 3916 3594 4089 an den Tag kommt ist es zu spät. Indess kann ich im Irrenhaus
617 4049 3668 4246 längst wirklich verrückt geworden sein. Ob es nicht das Klügste
609 4226 3590 4387 wäre, für einige Zeit aus Ottos gesichtskreis zu entschwinden?
585 4371 3657 4556 Es wäre nicht undenkbar, dass sich dann sein Wahn gewissermassen
593 4521 3613 4709 von mir löslöste, sich auf etwas anderes einstellte. Ich selbst
569 4693 3711 4886 habe ja mit mir Aehnliches erlebt, als ich noch an meinen Zwangs-
562 4862 3590 5019 vorstellungen litt. Aus den Augen, aus dem Sinn,- aus den Angen,
