<?xml version="1.0" encoding="UTF-8" standalone="yes"?>
<PcGts xmlns="http://schema.primaresearch.org/PAGE/gts/pagecontent/2013-07-15" xmlns:xsi="http://www.w3.org/2001/XMLSchema-instance" xsi:schemaLocation="http://schema.primaresearch.org/PAGE/gts/pagecontent/2013-07-15 http://schema.primaresearch.org/PAGE/gts/pagecontent/2013-07-15/pagecontent.xsd">
    <Metadata>
        <Creator>prov=READ-COOP:name=TrHtr:version=2.1.0:model_id=51170:date=15_08_2023_05:31</Creator>
        <Created>2023-05-10T15:06:57.076+02:00</Created>
        <LastChange>2023-08-15T05:31:39.767+02:00</LastChange>
        <TranskribusMetadata docId="1428799" pageId="55430776" pageNr="98" tsid="132839509" status="IN_PROGRESS" userId="64420" imgUrl="https://files.transkribus.eu/Get?id=TZBWSAUAQVWGLZAXNCNPNKOW&amp;fileType=view" xmlUrl="https://files.transkribus.eu/Get?id=YFGWDEITUJJMRYJMQPCCMYEI" imageId="44704848"/>
    </Metadata>
    <Page imageFilename="1428799_0098.jpg" imageWidth="4392" imageHeight="5428">
        <ReadingOrder>
            <OrderedGroup id="ro_1711805436933" caption="Regions reading order">
                <RegionRefIndexed index="0" regionRef="tr_2"/>
                <RegionRefIndexed index="1" regionRef="tr_3"/>
                <RegionRefIndexed index="2" regionRef="tr_1"/>
            </OrderedGroup>
        </ReadingOrder>
        <TextRegion id="tr_2" custom="readingOrder {index:0;}">
            <Coords points="686,421 3881,421 3881,2058 686,2058"/>
            <TextLine id="tr_2_tl_1" custom="readingOrder {index:0;}">
                <Coords points="1879,482 1902,478 1954,517 1970,505 1990,513 2026,505 2054,533 2078,517 2113,525 2109,326 2086,334 2058,326 2014,362 1994,358 1922,418 1875,414"/>
                <Baseline points="1898,471 1988,483 2078,477 2125,477"/>
                <TextEquiv>
                    <Unicode>-98-</Unicode>
                </TextEquiv>
            </TextLine>
            <TextLine id="tr_2_tl_2" custom="readingOrder {index:1;}">
                <Coords points="700,844 3717,832 3821,800 3821,553 3407,704 700,677"/>
                <Baseline points="722,800 782,800 871,800 961,800 1050,800 1140,800 1230,800 1319,800 1409,794 1498,794 1588,794 1677,794 1767,794 1857,794 1946,794 2036,794 2125,794 2215,794 2304,794 2394,794 2484,794 2573,794 2663,788 2752,788 2842,788 2931,788 3021,788 3111,788 3200,788 3290,788 3379,788 3469,782 3558,788 3648,782 3738,782 3827,776"/>
                <TextEquiv>
                    <Unicode>ihm für seine Zwecke besonders glücklich dünkte. Und wie beiläu-</Unicode>
                </TextEquiv>
            </TextLine>
            <TextLine id="tr_2_tl_3" custom="readingOrder {index:2;}">
                <Coords points="681,975 3821,1019 3821,872 3705,856 681,844"/>
                <Baseline points="704,955 782,961 871,955 961,961 1050,961 1140,955 1230,955 1319,955 1409,955 1498,955 1588,949 1677,955 1767,949 1857,949 1946,949 2036,949 2125,949 2215,955 2304,955 2394,949 2484,949 2573,949 2663,943 2752,949 2842,949 2931,949 3021,949 3111,949 3200,943 3290,943 3379,943 3469,943 3558,937 3648,943 3738,943 3827,943"/>
                <TextEquiv>
                    <Unicode>fig warf er hin: "Was denkst du wem ich heute begegnet bin?- Dem</Unicode>
                </TextEquiv>
            </TextLine>
            <TextLine id="tr_2_tl_4" custom="readingOrder {index:3;}">
                <Coords points="693,1162 3805,1134 3805,987 3367,959 3172,1043 1158,1063 693,979"/>
                <Baseline points="716,1110 770,1110 859,1110 949,1116 1039,1110 1128,1110 1218,1110 1307,1110 1397,1110 1486,1110 1576,1110 1666,1110 1755,1110 1845,1110 1934,1110 2024,1110 2113,1104 2203,1110 2293,1104 2382,1104 2472,1104 2561,1104 2651,1104 2740,1104 2830,1104 2920,1104 3009,1104 3099,1104 3188,1104 3278,1098 3367,1092 3457,1092 3547,1092 3636,1098 3726,1092 3815,1086"/>
                <TextEquiv>
                    <Unicode>Bräutigam der jungen Dame, von der ich dir einmal erzählt habe."-</Unicode>
                </TextEquiv>
            </TextLine>
            <TextLine id="tr_2_tl_5" custom="readingOrder {index:4;}">
                <Coords points="712,1294 3745,1290 3745,1122 712,1178"/>
                <Baseline points="734,1248 800,1259 889,1271 979,1265 1068,1265 1158,1265 1248,1265 1337,1265 1427,1265 1516,1265 1606,1265 1695,1271 1785,1265 1875,1265 1964,1265 2054,1265 2143,1259 2233,1259 2322,1259 2412,1259 2502,1259 2591,1259 2681,1259 2770,1259 2860,1259 2949,1253 3039,1253 3129,1253 3218,1253 3308,1253 3397,1253 3487,1253 3576,1248 3666,1248 3756,1242"/>
                <TextEquiv>
                    <Unicode>'Welcher jungen Dame?... Du hast trotz deiner Diskretion immer-</Unicode>
                </TextEquiv>
            </TextLine>
            <TextLine id="tr_2_tl_6" custom="readingOrder {index:5;}">
                <Coords points="669,1453 3606,1429 3670,1270 669,1317"/>
                <Baseline points="692,1427 722,1427 812,1427 901,1427 991,1421 1080,1427 1170,1427 1259,1427 1349,1427 1439,1427 1528,1427 1618,1427 1707,1427 1797,1421 1886,1421 1976,1421 2066,1421 2155,1421 2245,1415 2334,1409 2424,1415 2513,1409 2603,1415 2693,1415 2782,1415 2872,1415 2961,1415 3051,1409 3140,1409 3230,1409 3320,1409 3409,1409 3499,1409 3588,1409 3678,1397"/>
                <TextEquiv>
                    <Unicode>hin schon von einigen gesprochen." - "Ich spreche von der, mit</Unicode>
                </TextEquiv>
            </TextLine>
            <TextLine id="tr_2_tl_7" custom="readingOrder {index:6;}">
                <Coords points="677,1612 3877,1628 3880,1489 3666,1409 681,1457"/>
                <Baseline points="698,1582 746,1582 835,1576 925,1576 1015,1582 1104,1582 1194,1582 1283,1582 1373,1582 1462,1582 1552,1582 1642,1576 1731,1576 1821,1582 1910,1576 2000,1576 2089,1576 2179,1570 2269,1576 2358,1576 2448,1576 2537,1576 2627,1576 2716,1576 2806,1570 2896,1570 2985,1564 3075,1564 3164,1564 3254,1564 3343,1564 3433,1570 3523,1570 3612,1564 3702,1564 3791,1558 3881,1564"/>
                <TextEquiv>
                    <Unicode>der ich im letzten Sommer ein paar Wochen in der Schweiz verbracht</Unicode>
                </TextEquiv>
            </TextLine>
            <TextLine id="tr_2_tl_8" custom="readingOrder {index:7;}">
                <Coords points="665,1763 3789,1739 3789,1648 3140,1668 2977,1580 2161,1692 1942,1588 665,1596"/>
                <Baseline points="686,1737 752,1737 841,1737 931,1737 1021,1731 1110,1725 1200,1731 1289,1737 1379,1737 1468,1737 1558,1737 1648,1737 1737,1731 1827,1731 1916,1731 2006,1731 2095,1731 2185,1731 2275,1731 2364,1731 2454,1731 2543,1731 2633,1725 2722,1725 2812,1719 2902,1719 2991,1719 3081,1719 3170,1719 3260,1725 3349,1719 3439,1719 3529,1719 3618,1719 3708,1719 3797,1713"/>
                <TextEquiv>
                    <Unicode>habe." - "Von Alberta? Du bist ihr begegnet?" - "Nicht ihr,ihrem</Unicode>
                </TextEquiv>
            </TextLine>
            <TextLine id="tr_2_tl_9" custom="readingOrder {index:8;}">
                <Coords points="681,1910 3873,1914 3837,1815 3152,1827 2961,1723 2583,1839 2078,1743 681,1763"/>
                <Baseline points="704,1886 746,1892 835,1892 925,1892 1015,1892 1104,1892 1194,1886 1283,1886 1373,1892 1462,1892 1552,1892 1642,1886 1731,1886 1821,1886 1910,1886 2000,1886 2089,1886 2179,1875 2269,1875 2358,1880 2448,1886 2537,1886 2627,1886 2716,1886 2806,1880 2896,1880 2985,1880 3075,1886 3164,1880 3254,1880 3343,1880 3433,1880 3523,1880 3612,1880 3702,1869 3791,1863 3881,1863"/>
                <TextEquiv>
                    <Unicode>Verlobten.“ - "Dem Amerikaner?" - "Ganz richtig,dem Amerikaner." -</Unicode>
                </TextEquiv>
            </TextLine>
            <TextLine id="tr_2_tl_10" custom="readingOrder {index:9;}">
                <Coords points="693,2066 3033,2042 3291,2145 3773,2054 3773,1930 3610,1894 693,1914"/>
                <Baseline points="716,2030 734,2042 824,2048 913,2048 1003,2048 1092,2048 1182,2048 1271,2048 1361,2048 1451,2048 1540,2042 1630,2042 1719,2042 1809,2048 1898,2042 1988,2048 2078,2042 2167,2042 2257,2042 2346,2042 2436,2048 2525,2042 2615,2042 2705,2036 2794,2036 2884,2036 2973,2036 3063,2036 3152,2036 3242,2036 3332,2036 3421,2036 3511,2036 3600,2036 3690,2030 3779,2024"/>
                <TextEquiv>
                    <Unicode>Ihrem Mann also?” - “Wieso? Ah freilich.” Er hatte ganz verges-</Unicode>
                </TextEquiv>
            </TextLine>
        </TextRegion>
        <TextRegion id="tr_3" custom="readingOrder {index:1;}">
            <Coords points="615,2135 3756,2135 3756,3455 615,3455"/>
            <TextLine id="tr_3_tl_1" custom="readingOrder {index:0;}">
                <Coords points="645,2241 1759,2308 2006,2209 3685,2201 3618,2113 645,2078"/>
                <Baseline points="668,2203 740,2203 830,2203 919,2203 1009,2203 1098,2203 1188,2203 1277,2203 1367,2203 1457,2203 1546,2203 1636,2197 1725,2203 1815,2197 1904,2203 1994,2203 2084,2203 2173,2197 2263,2197 2352,2197 2442,2197 2531,2197 2621,2197 2711,2191 2800,2191 2890,2191 2979,2191 3069,2191 3158,2191 3248,2191 3338,2191 3427,2191 3517,2191 3606,2191 3696,2185"/>
                <TextEquiv>
                    <Unicode>sen, dass er ihr von dem letzten Brief Albertens nichts erzählt</Unicode>
                </TextEquiv>
            </TextLine>
            <TextLine id="tr_3_tl_2" custom="readingOrder {index:1;}">
                <Coords points="633,2372 3327,2340 3713,2424 3666,2269 633,2237"/>
                <Baseline points="656,2358 674,2358 764,2358 853,2358 943,2358 1033,2358 1122,2358 1212,2358 1301,2358 1391,2358 1480,2358 1570,2358 1660,2358 1749,2352 1839,2358 1928,2352 2018,2358 2107,2352 2197,2352 2287,2352 2376,2352 2466,2352 2555,2352 2645,2352 2734,2346 2824,2346 2914,2352 3003,2346 3093,2346 3182,2346 3272,2346 3361,2340 3451,2346 3541,2346 3630,2346 3720,2346"/>
                <TextEquiv>
                    <Unicode>hatte,aber er erkannte sofort, dass er diesen Umstand zu Gunsten</Unicode>
                </TextEquiv>
            </TextLine>
            <TextLine id="tr_3_tl_3" custom="readingOrder {index:2;}">
                <Coords points="645,2531 3709,2607 3709,2424 645,2376"/>
                <Baseline points="668,2513 674,2513 764,2513 853,2513 943,2513 1033,2513 1122,2513 1212,2513 1301,2513 1391,2513 1480,2513 1570,2513 1660,2513 1749,2507 1839,2507 1928,2507 2018,2513 2107,2507 2197,2507 2287,2507 2376,2507 2466,2507 2555,2507 2645,2507 2734,2507 2824,2502 2914,2502 3003,2502 3093,2507 3182,2507 3272,2502 3361,2502 3451,2502 3541,2502 3630,2502 3720,2496"/>
                <TextEquiv>
                    <Unicode>seines Plans ausnützen könnte. Und er sagte: "Ganz richtig, wenn</Unicode>
                </TextEquiv>
            </TextLine>
            <TextLine id="tr_3_tl_4" custom="readingOrder {index:3;}">
                <Coords points="641,2698 3132,2659 3642,2738 3642,2587 641,2535"/>
                <Baseline points="662,2669 692,2669 782,2669 871,2669 961,2669 1050,2669 1140,2669 1230,2669 1319,2669 1409,2669 1498,2663 1588,2669 1677,2669 1767,2669 1857,2663 1946,2663 2036,2663 2125,2663 2215,2663 2304,2663 2394,2663 2484,2663 2573,2663 2663,2663 2752,2663 2842,2663 2931,2663 3021,2657 3111,2657 3200,2657 3290,2657 3379,2657 3469,2657 3558,2657 3648,2651"/>
                <TextEquiv>
                    <Unicode>er sie geheiratet hat, was ich wohl annehmen muss, so ist er ihr</Unicode>
                </TextEquiv>
            </TextLine>
            <TextLine id="tr_3_tl_5" custom="readingOrder {index:4;}">
                <Coords points="609,2878 3260,2814 3590,2909 3642,2738 613,2710"/>
                <Baseline points="632,2818 692,2824 782,2824 871,2824 961,2824 1050,2824 1140,2824 1230,2818 1319,2818 1409,2824 1498,2818 1588,2824 1677,2824 1767,2818 1857,2818 1946,2818 2036,2818 2125,2818 2215,2818 2304,2818 2394,2818 2484,2818 2573,2806 2663,2812 2752,2812 2842,2812 2931,2812 3021,2812 3111,2812 3200,2812 3290,2812 3379,2812 3469,2812 3558,2812 3648,2806"/>
                <TextEquiv>
                    <Unicode>Mann. Daran hatte ich gar nicht gedacht." - "So dürfte Alberta</Unicode>
                </TextEquiv>
            </TextLine>
            <TextLine id="tr_3_tl_6" custom="readingOrder {index:5;}">
                <Coords points="617,3005 3737,2973 3642,2882 617,2870"/>
                <Baseline points="638,2973 698,2979 788,2979 877,2979 967,2979 1056,2979 1146,2979 1236,2979 1325,2979 1415,2979 1504,2973 1594,2973 1683,2973 1773,2973 1863,2973 1952,2973 2042,2973 2131,2973 2221,2973 2310,2973 2400,2973 2490,2973 2579,2973 2669,2973 2758,2973 2848,2967 2937,2967 3027,2967 3117,2967 3206,2967 3296,2967 3385,2967 3475,2967 3564,2967 3654,2961 3744,2955"/>
                <TextEquiv>
                    <Unicode>wohl auch in Wien sein?“ - „Möglich.-Gesehen habe ich nur ihn.“</Unicode>
                </TextEquiv>
            </TextLine>
            <TextLine id="tr_3_tl_7" custom="readingOrder {index:6;}">
                <Coords points="633,3148 2790,3132 3124,3220 3713,3136 3570,3037 1887,3084 1731,2993 633,2993"/>
                <Baseline points="656,3123 674,3123 764,3134 853,3134 943,3134 1033,3134 1122,3134 1212,3134 1301,3134 1391,3134 1480,3129 1570,3129 1660,3123 1749,3129 1839,3129 1928,3129 2018,3129 2107,3134 2197,3129 2287,3129 2376,3129 2466,3129 2555,3129 2645,3123 2734,3129 2824,3123 2914,3123 3003,3123 3093,3123 3182,3123 3272,3123 3361,3123 3451,3123 3541,3117 3630,3117 3720,3117"/>
                <TextEquiv>
                    <Unicode>"Auch gesprochen?" - "Nein, er hat mich gar nicht bemerkt. Er be-</Unicode>
                </TextEquiv>
            </TextLine>
            <TextLine id="tr_3_tl_8" custom="readingOrder {index:7;}">
                <Coords points="601,3335 2750,3276 3745,3383 3745,3204 3546,3116 2527,3232 601,3140"/>
                <Baseline points="621,3284 710,3290 800,3290 889,3290 979,3290 1068,3290 1158,3290 1248,3290 1337,3290 1427,3290 1516,3284 1606,3284 1695,3284 1785,3284 1875,3284 1964,3284 2054,3284 2143,3284 2233,3284 2322,3284 2412,3284 2502,3284 2591,3278 2681,3278 2770,3272 2860,3278 2949,3278 3039,3278 3129,3278 3218,3278 3308,3272 3397,3278 3487,3272 3576,3278 3666,3278 3756,3272"/>
                <TextEquiv>
                    <Unicode>fand sich auf der anderen Seite der Strasse.“ Und rasch, als legte</Unicode>
                </TextEquiv>
            </TextLine>
            <TextLine id="tr_3_tl_9" custom="readingOrder {index:8;}">
                <Coords points="593,3482 3447,3439 3614,3534 3618,3359 3124,3287 597,3339"/>
                <Baseline points="615,3439 668,3445 758,3445 847,3445 937,3445 1027,3445 1116,3445 1206,3445 1295,3445 1385,3445 1474,3445 1564,3445 1654,3439 1743,3439 1833,3439 1922,3439 2012,3439 2101,3439 2191,3439 2281,3439 2370,3439 2460,3439 2549,3439 2639,3439 2728,3433 2818,3433 2908,3433 2997,3433 3087,3433 3176,3433 3266,3433 3355,3433 3445,3433 3535,3433 3624,3427"/>
                <TextEquiv>
                    <Unicode>er der soeben von ihm erfundenen Begegnung keinerlei Bedeutung</Unicode>
                </TextEquiv>
            </TextLine>
        </TextRegion>
        <TextRegion id="tr_1" custom="readingOrder {index:2;}">
            <Coords points="531,3526 3678,3526 3678,4930 531,4930"/>
            <TextLine id="tr_1_tl_1" custom="readingOrder {index:0;}">
                <Coords points="581,3630 3646,3634 3646,3514 3530,3494 581,3494"/>
                <Baseline points="603,3600 609,3600 698,3600 788,3600 877,3600 967,3600 1056,3600 1146,3594 1236,3594 1325,3600 1415,3594 1504,3594 1594,3600 1683,3594 1773,3594 1863,3594 1952,3594 2042,3594 2131,3594 2221,3594 2310,3594 2400,3594 2490,3594 2579,3594 2669,3594 2758,3594 2848,3594 2937,3588 3027,3588 3117,3588 3206,3588 3296,3588 3385,3582 3475,3588 3564,3588 3654,3576"/>
                <TextEquiv>
                    <Unicode>bei, brachte er das Gespräch auf andere Dinge und sprach angele-</Unicode>
                </TextEquiv>
            </TextLine>
            <TextLine id="tr_1_tl_2" custom="readingOrder {index:1;}">
                <Coords points="569,3793 3502,3773 3606,3678 573,3630"/>
                <Baseline points="591,3756 656,3756 746,3756 835,3756 925,3756 1015,3756 1104,3750 1194,3750 1283,3750 1373,3750 1462,3750 1552,3750 1642,3750 1731,3750 1821,3750 1910,3750 2000,3750 2089,3750 2179,3750 2269,3750 2358,3750 2448,3744 2537,3744 2627,3750 2716,3744 2806,3744 2896,3744 2985,3744 3075,3744 3164,3744 3254,3738 3343,3738 3433,3738 3523,3738 3612,3732"/>
                <TextEquiv>
                    <Unicode>gentlichst von der Einrichtung ihrer künftigen Wohnung und von</Unicode>
                </TextEquiv>
            </TextLine>
            <TextLine id="tr_1_tl_3" custom="readingOrder {index:2;}">
                <Coords points="561,3948 3598,3928 3646,3749 561,3777"/>
                <Baseline points="585,3923 609,3917 698,3917 788,3917 877,3911 967,3911 1056,3911 1146,3911 1236,3911 1325,3911 1415,3911 1504,3911 1594,3911 1683,3905 1773,3905 1863,3905 1952,3911 2042,3905 2131,3905 2221,3905 2310,3905 2400,3905 2490,3905 2579,3905 2669,3899 2758,3899 2848,3899 2937,3899 3027,3899 3117,3899 3206,3899 3296,3899 3385,3893 3475,3899 3564,3893 3654,3893"/>
                <TextEquiv>
                    <Unicode>gewissen Anschaffungen für den zu gründenden Haushalt. Nach dem</Unicode>
                </TextEquiv>
            </TextLine>
            <TextLine id="tr_1_tl_4" custom="readingOrder {index:3;}">
                <Coords points="545,4083 3598,4072 3598,3980 2889,4004 2746,3916 545,3940"/>
                <Baseline points="567,4078 650,4072 740,4072 830,4072 919,4066 1009,4072 1098,4066 1188,4072 1277,4072 1367,4066 1457,4066 1546,4066 1636,4060 1725,4060 1815,4060 1904,4060 1994,4060 2084,4060 2173,4066 2263,4066 2352,4066 2442,4060 2531,4060 2621,4054 2711,4060 2800,4054 2890,4054 2979,4054 3069,4054 3158,4054 3248,4054 3338,4054 3427,4054 3517,4054 3606,4048"/>
                <TextEquiv>
                    <Unicode>Abendessen entwarfen sie unter Beihilfe der Mutter eine genaue</Unicode>
                </TextEquiv>
            </TextLine>
            <TextLine id="tr_1_tl_5" custom="readingOrder {index:4;}">
                <Coords points="525,4235 3670,4255 3670,4139 2830,4159 2671,4056 525,4099"/>
                <Baseline points="549,4227 632,4227 722,4227 812,4227 901,4227 991,4227 1080,4227 1170,4227 1259,4227 1349,4227 1439,4221 1528,4221 1618,4221 1707,4221 1797,4221 1886,4221 1976,4215 2066,4215 2155,4221 2245,4215 2334,4221 2424,4221 2513,4215 2603,4215 2693,4215 2782,4215 2872,4215 2961,4215 3051,4209 3140,4209 3230,4215 3320,4215 3409,4209 3499,4209 3588,4209 3678,4209"/>
                <TextEquiv>
                    <Unicode>Liste aller nötigen Eingelangenstände und verabredeten endlich</Unicode>
                </TextEquiv>
            </TextLine>
            <TextLine id="tr_1_tl_6" custom="readingOrder {index:5;}">
                <Coords points="545,4394 3666,4394 3618,4290 3092,4330 2921,4227 2205,4219 1930,4318 1775,4231 545,4239"/>
                <Baseline points="567,4377 626,4383 716,4383 806,4383 895,4383 985,4388 1074,4388 1164,4388 1253,4388 1343,4383 1433,4383 1522,4383 1612,4383 1701,4377 1791,4377 1880,4383 1970,4377 2060,4377 2149,4377 2239,4377 2328,4377 2418,4371 2507,4371 2597,4371 2687,4371 2776,4377 2866,4371 2955,4371 3045,4371 3134,4371 3224,4365 3314,4365 3403,4365 3493,4365 3582,4365 3672,4359"/>
                <TextEquiv>
                    <Unicode>für den morgigen Tag zum Zweck dieser Einkäufe einen gemeinsamen</Unicode>
                </TextEquiv>
            </TextLine>
            <TextLine id="tr_1_tl_7" custom="readingOrder {index:6;}">
                <Coords points="537,4557 3650,4597 3650,4410 3455,4370 537,4390"/>
                <Baseline points="561,4538 615,4544 704,4550 794,4544 883,4544 973,4544 1062,4544 1152,4544 1242,4544 1331,4544 1421,4544 1510,4544 1600,4544 1689,4532 1779,4538 1869,4538 1958,4532 2048,4532 2137,4532 2227,4532 2316,4532 2406,4532 2496,4532 2585,4532 2675,4532 2764,4532 2854,4532 2943,4532 3033,4526 3123,4526 3212,4526 3302,4526 3391,4526 3481,4526 3570,4520 3660,4514"/>
                <TextEquiv>
                    <Unicode>Gang in die Stadt, zu später Stunde erst verabschiedete sich Ro-</Unicode>
                </TextEquiv>
            </TextLine>
            <TextLine id="tr_1_tl_8" custom="readingOrder {index:7;}">
                <Coords points="525,4716 2109,4692 2838,4828 3558,4820 3522,4601 525,4593"/>
                <Baseline points="549,4699 615,4699 704,4705 794,4705 883,4699 973,4699 1062,4699 1152,4699 1242,4699 1331,4699 1421,4693 1510,4699 1600,4699 1689,4693 1779,4693 1869,4693 1958,4687 2048,4687 2137,4693 2227,4687 2316,4693 2406,4693 2496,4693 2585,4693 2675,4693 2764,4693 2854,4693 2943,4687 3033,4687 3123,4687 3212,4687 3302,4687 3391,4681 3481,4681 3570,4681"/>
                <TextEquiv>
                    <Unicode>bert in anscheinend aufgeräumter Stimmung und glaubte auch den</Unicode>
                </TextEquiv>
            </TextLine>
            <TextLine id="tr_1_tl_9" custom="readingOrder {index:8;}">
                <Coords points="509,4876 1831,4856 2046,4979 2730,4983 2734,4800 2090,4800 1910,4704 509,4712"/>
                <Baseline points="531,4860 591,4860 680,4860 770,4860 859,4860 949,4860 1039,4854 1128,4854 1218,4854 1307,4854 1397,4854 1486,4854 1576,4854 1666,4860 1755,4854 1845,4854 1934,4848 2024,4848 2113,4854 2203,4848 2293,4848 2382,4848 2472,4848 2561,4848 2651,4848 2740,4854"/>
                <TextEquiv>
                    <Unicode>Rest von Unruhe aus Paulas Gemüt geschwunden.</Unicode>
                </TextEquiv>
            </TextLine>
            <TextLine id="tr_1_tl_10" custom="readingOrder {index:9;}">
                <Coords points="2798,4971 2830,4987 2882,4979 2897,4995 2921,4975 3049,4975 3112,5023 3152,5007 3200,5015 3208,4836 3156,4836 3124,4808 3045,4816 2993,4856 2973,4840 2917,4840 2893,4816 2802,4832"/>
                <Baseline points="2818,4920 2854,4920 2943,4920 3033,4914 3123,4914 3212,4908"/>
                <TextEquiv>
                    <Unicode>er zu off.</Unicode>
                </TextEquiv>
            </TextLine>
        </TextRegion>
    </Page>
</PcGts>
