4216 5396
1558 345 1835 519 -33-
579 579 1863 745 als des ihr beschiedenen.
3302 599 3607 813 Décembre
1090 674 3571 896 Ein offener Einspänner trottete vorbei, der Kutscher
567 868 3563 1050 Schwang grüssend die Peitsche. Robert lud seine Begleiterin zu
563 1007 3552 1197 einer kleinen Spazierfahrt ein, sie stiegenein, fuhren durch die
551 1173 3492 1356 Vorstadt weiter und dann unter dem Bahnviadukt hinaus auf die
539 1324 3540 1506 Laxenburgerstrasse,mit dem Blick auf die im Abend verdämmernde
535 1478 3631 1657 Hügelkette. Allmählich rückten sie näher aneinander. Als auf dem
515 1645 3607 1815 nahen Geleise ein Eisenbahnzug an ihnen vorbeisauste,nahm Robert
507 1807 3456 2049 Anlass von seiner eben verflossenen Reise zu erzählen,später
515 1942 3504 2144 brachte er das Gespräch auf die Musik, worauf sie ohne tieferes
492 2109 3520 2295 Interesse earsing, da sie in ihrer Eigenschaft als Klavierlehre-
495 2251 3528 2426 rin eben nur von den zufälligen Kenntnissen Gebrauch machte,die
460 2410 3536 2604 sie sich früher einmal in besseren Lebensumständen als heute, zu
484 2576 2136 2846 erwerben Gelegenheit gehabt hatte.
983 2743 3488 2925 Die Sonne war gesunken und es wurde empfindlich kühl.
456 2890 3369 3068 Robert liess den Wagen der Stadt zuwenden. Sie redeten beide
432 3040 3409 3207 nichts mehr und als er ihre Hand fasste, gab sie ihm den Druck
424 3199 3552 3385 mit unerwarteter Wärme zurück. In ihre müden Züge trat ein Schim-
432 3349 1899 3520 mer von Freude,fast von Glück.
987 3496 3373 3690 In einem kleinen Gasthof, der Robert von ähnlichen
404 3619 3456 3869 Gelegenheiten her bekannt war,stieg er mit ihr ab,nahm ein Zim-
396 3821 3492 4075 mer und bestellte ein Abendessen. Während sie es erwarteten, sass
384 3968 3441 4170 sie mit im Schoss gefalteten Händen auf dem blauen Plüschdivan,
369 4146 3302 4324 und er, eine Zigarette rauchend,ging in dem bescheidenen, aber
361 4261 3476 4483 nicht nett gehaltenen Raum auf und nieder. Ueber den Betten hin-
365 4455 3552 4626 gen zwei schlechte Oeldrucke, italienische Landschaften mit Staffa-
349 4614 3425 4840 ge vorstellend; rechts der Vesuv, über den Gold von Neapel Raush
337 4776 3393 4994 und Feuerschein verbreitend, links eine Osteria in der römischen
