4216 5380
1680 378 1924 590 -78-
527 633 3497 885 dem Schlüsselbund ihrer wartete, um sie über die schmale, durch
523 885 3477 1042 freihängende Glühlampen nur notdürftig erleuchtete Stiege und
515 983 3513 1212 durch den Flur, in dem Bretter und Kacheln herumlagen, ins Freie
496 1176 3466 1341 zu geleiten; und nun gingen sie schweigend weiter,Arm in Arm,
492 1334 3643 1534 durch mässig belebte Strassen einer stilleren Gegend zu,wo kleine
484 1491 3556 1664 Vorgärten den Beginn des Villenviertels ankündigten. Hier blieb
472 1613 3548 1841 der Schnee schon liegen, während er früher unter ihren Schritten
468 1802 3477 1979 in trübes Grau zerflossen war. Endlich begann Paula: "Ich habe
460 1967 3517 2136 deinen Blick dort oben wohl verstanden. Du hast also auch davon
448 2105 1145 2317 reden gehört?"
995 2258 3513 2466 "Wie sollt ich nicht? Die Geschichte war ja fast be-
460 2289 657 2443 Mai
425 2396 783 2620 rühmt."
952 2411 2954 2758 „War sie das?“ Sie lächelte vor sich hin.
952 2667 3560 2911 "Wie lang ist's her, dass er tot ist?" fragte er leise.
932 2883 2423 3088 "Sieben Jahre", erwiederte sie.
940 3041 1994 3214 "Du hast ihn geliebt?"
928 3194 3466 3375 "Er hat mir viel bedeutet. Aber geliebt habe ich ihn
362 3352 3509 3533 nicht. Geliebt hab' ich einen Andern. Davon haben die Leute frei-
362 3521 3340 3690 lich nicht gesprochen, es wäre auch nicht besonders intressant
354 3639 3517 3871 gewesen. Der Andere war nämlich ein ganz unberühmter junger Advo-
338 3831 3367 3946 kat. Vielleicht hast du ihn gekannt." Und sie nannte den Namen
1990 3898 2404 4008 flüchtig
338 3997 3454 4182 eines jungen Mannes, dem Robert zuweilen in Gesellschaft begegnet
327 4134 563 4339 war.
909 4158 3340 4496 „Ein ganz hübscher Mensch,“ bemerkte er beiläufig.
1865 4386 2101 4484 und
893 4449 3458 4626 "Ja, das war er wohl - um swansig Jahre jünger als der
295 4599 684 4787 Andere."
873 4630 3273 4972 "Und wie kommt's, dass auch daraus nichts geworden
