4248 5364
1442 479 1685 636 -56-
597 648 1100 825 und ihm mit
1823 597 2271 829 & überasse
2660 668 3312 856 e Hofrat Palm &
546 778 3563 1018 Veränderung äusserer Lebensformen auszudrücken pflegt und dass
534 927 3548 1183 Paula,- selbst wenn sie in diesem Augenblick im eigentlichsten
526 1096 3536 1332 Sinn viel ärmer sein mochte, als jene Klavierlehrerin, die sich
503 1273 3461 1481 nach einem dürftigen Liebesabenteuer die Restedes Abendessens
487 1434 3552 1646 mit nach Hause genommen,- gewiss noch längere Zeit hindurch ein
491 1568 3497 1776 behagliches Heim bewohnen, schöne Kleider tragen und keineswegs
468 1756 3501 1953 öffniger leiden würde. Er sah Schatten sich hin und her bewegen,
452 1854 3614 2106 beobachtete dann, dass Lichter verlöschten und in einem benachbar-
456 2004 3540 2247 ten Raum aufflammten; später fuhr ein Wagen vor, ein vornehm aus-
440 2192 3449 2412 sehender Herr stieg aus, der dann im Haustor verschwand. Robert
436 2353 3461 2554 begann sein Hin uid Herwandern vor dem Hause,in das er ja doch
405 2491 3477 2754 nicht eintreten wollte, als zwecklos und lächerlich zu empfinden
413 2652 1980 2899 und machte sich auf den Heimweg.
448 2864 703 3005 te 3e
805 2884 1128 3064 tet ae
432 2994 613 3155 Nt.
884 3045 1198 3229 G.H. de
401 3194 574 3324 28:
939 3206 3512 3504 Die Zeitungen des nächsten Tages behandelten den Fall
381 3300 695 3473 Ralf
330 3422 3367 3630 Kastner mit auffallender Zurickhaltung: die Angelegenheit sei
338 3607 3414 3807 zwar noch nicht völlig klagestellt, von einer Flucht könne aber
326 3736 3442 3996 gewiss nicht die Rede sein, da der Aufenthalt des Advokaten nicht
314 3909 3339 4141 nur der Familie, sondern auch den Behörden keineswegs unbekannt
299 4078 3355 4290 sei. Robert schloss daraus, dass die Absicht und Möglichkeit be-
291 4212 3332 4455 stehe,die Verbindlichkeiten des Abwesenden auf aussergerichtli-
271 4400 3265 4616 chem Wege zu lösen. Doch fühlte er sich durch diese Vermutung
259 4549 3296 4758 durchaus nicht so angenehm berührt, als natürlich gewesen wäre.
876 4722 3233 4911 In swiespältiger Stimmung begab er sich ins Amt,
248 4868 3284 5048 wo ihn der Sektionschef, Baron Prantner, sehr freundlich empfing
