4248 5396
1687 353 1924 635 -78-
574 602 795 755 G.H.F.P.
578 771 3723 956 verpflichtet glauben könnte. Um seine plötzlich verdüsterte Stim-
562 900 3631 1113 mung zu entschuldigen, hielt er es für angezeigt, Paula mitzutei-
554 1080 3534 1285 len, dass er seit einigen Wochen von ernstlichen Sorgen um den
546 1221 3655 1382 Gesundheitszustand seines Bruders gequält werde, der sich in sei-
538 1325 3659 1554 nem Beruf immer mehr zugemutet habe, als auch die angespanntesten
526 1542 3430 1739 Kräfte dauernd zu leisten vermöchten. Er sprach von ihm mit
534 1715 3623 1916 Liebe, ja mit Schwärmerei und fühlte dabei sein Herz von schmerz-
522 1847 2197 2056 lich brennendem Mitleid schwellen.
1088 1984 3498 2173 Bewegt hörte Paula zu. Sie kannte Otto nur wenig;
502 2137 3591 2301 doch aus der Entfernung hatte sie ihm seit jeher lebhafte Sympa-
502 2285 3442 2474 this entgegengebracht,die sie bei einer zufälligen Begegnung
502 2450 3643 2691 voriges Jahr am Krankenbett einer Freundin bestätigt und gerecht-
486 2607 3430 2815 fertigt fand. Roberts Aeusserungen steigerten ihre Teianahme
474 2803 3498 2972 weiter; sie bat ihn den gemeinsamen,dort längst erwarteten Be-
474 2880 3582 3197 such nicht länger hinauszuschieben und so setzten sie ihn gleich
462 3076 1755 3305 für den nächsten Tag fest,
1691 3402 1888 3570 13.
1056 3715 3587 3904 Dieser erste Besuch im Hause des Bruders liess sich
365 3852 3591 4113 vortrefflich an. Die Kinder waren von der neuen Tante, die Bilder-
418 4052 3410 4205 bücher und Näschereien mitbrachte, sofort entzückt; Mariannens
402 4181 3595 4390 kühle Liebenswürdigkeit erwärmte sich allmählich; und Ottos Wesen
406 4354 3522 4546 wirkte auf Paula gerade durch den freundlich-spöttischen Ton, der
382 4490 3470 4683 ihm in oberflächlicher Unterhaltung eigen war, von ersten Augen-
390 4683 3522 4828 blick an wie längst vertraut. In diesem Dunstkreis wechselseiti-
382 4799 3570 5060 ger Herzlichkeit und Sympathie, darin Robert sich bewegte, verloren
