4712 5604
4013 348 4187 530 re
2019 455 2276 666 -16-
906 720 4001 1039 leeren und von bewohnten Räumen, störte irgendwo eine junge Dame
923 828 4150 1179 beim Klavierspiel, unterbrach anderswo einen Lehrer beim Unterricht
906 964 4109 1320 zweier Knaben, unterhandelte mit zuvorkommenden, gleichgültigen und
902 1163 4001 1427 mürrischen Vermietern und Hausbesorgern und konnte sich bei all
910 1324 4088 1634 dem niemals vorstellen, dass sein ganzes Unternehmen ernst gemeint
910 1444 4046 1754 sei und zu einem bestimmten Ziel führen sollte. Einmal geriet er
910 1622 4096 1945 in eine Strasse,wo Erinnerungen einer längst vergangenen Zeit ihn
898 1742 4146 2073 umschwebten; hinter jenem Eckfenster im zweiten Stock hatte er vor
910 1928 4146 2267 vielen Jahren glückliche, oder doch zum mindesten angenehme Stunden
910 2081 4154 2367 verlebt; und, nicht eben schmerzlich, sondern eher wie einer kleinen
894 2238 4133 2536 Unannehmlichkeit wurde er sich des Umstandes bewusst, dass er heute
894 2387 4013 2685 so einsam in der Welt stand, wie kaum je zuvor. Flüchtig zog ihm
910 2528 4046 2826 wieder Alberta im den Sinn; gleich darauf aber, farbig und scharf
1585 2627 1837 2739 du reh,
898 2722 4055 2987 umrissen, tauchte sehr lebendig das Bild des Fräulein Käntner vor
894 2888 3955 3161 ihm auf, der er sich durch den Abschiedsblick von gestern näher
906 3020 4075 3306 verbunden fühlte. Er versuchte sich ihren Vornamen ins Gedächtnis
898 3165 4042 3492 zu rufen, was ihm vorerst nicht gelang. Uebrigens wusste er wenig
890 3327 4026 3633 von ihr und ihrer Familie; es war ihm kaum mehr bekannt, als dass
894 3500 4133 3794 Mutter und Tochter sowohl daheim als auf Reisen meist ohne den Va-
890 3624 4096 3918 ter zu sehen waren, der, ein gesuchter,fast berühmter Advokat, wegen
885 3765 4171 4088 seiner unglücklichen Neigung zum Börsenspiel doch eines zwiespälti-
881 3968 4001 4257 gen Rufes genoss. Hiemit mochte es auch zusammenhängen, dass die
902 4055 4146 4435 einzige Tochter, die gewiss schon in der zweiten Hälfte der swanzi-
885 4266 4175 4572 ger Jahre stand, bisher unvermählt geblieben war; und dunkel glaubte
902 4394 4233 4721 sich Robert eines Gerüchtes zu erinnern, das sie mit einem berühmten,
894 4605 4051 4899 seither verstorbenen Musiker verlobt gesagt hatte. Während er so
873 4737 3955 5102 über sie nachdachte, wurde ihm ihre Gestalt immer rührender, und
