<?xml version="1.0" encoding="UTF-8" standalone="yes"?>
<PcGts xmlns="http://schema.primaresearch.org/PAGE/gts/pagecontent/2013-07-15" xmlns:xsi="http://www.w3.org/2001/XMLSchema-instance" xsi:schemaLocation="http://schema.primaresearch.org/PAGE/gts/pagecontent/2013-07-15 http://schema.primaresearch.org/PAGE/gts/pagecontent/2013-07-15/pagecontent.xsd">
    <Metadata>
        <Creator>prov=READ-COOP:name=TrHtr:version=2.1.0:model_id=51170:date=15_08_2023_05:31</Creator>
        <Created>2023-05-10T15:06:57.770+02:00</Created>
        <LastChange>2023-08-15T05:31:40.972+02:00</LastChange>
        <TranskribusMetadata docId="1428799" pageId="55430799" pageNr="102" tsid="132839513" status="IN_PROGRESS" userId="64420" imgUrl="https://files.transkribus.eu/Get?id=NZUWSBMTWRFDFSICTMNYCAJY&amp;fileType=view" xmlUrl="https://files.transkribus.eu/Get?id=UCGKIIDXVIFHMYZWYZQNOOAT" imageId="44704871"/>
    </Metadata>
    <Page imageFilename="1428799_0102.jpg" imageWidth="5048" imageHeight="5460">
        <ReadingOrder>
            <OrderedGroup id="ro_1711805450031" caption="Regions reading order">
                <RegionRefIndexed index="0" regionRef="tr_2"/>
                <RegionRefIndexed index="1" regionRef="tr_1"/>
            </OrderedGroup>
        </ReadingOrder>
        <TextRegion id="tr_2" custom="readingOrder {index:0;}">
            <Coords points="1362,409 4647,409 4647,1831 1362,1831"/>
            <TextLine id="tr_2_tl_1" custom="readingOrder {index:0;}">
                <Coords points="2580,484 2604,488 2617,476 2654,492 2707,480 2727,500 2785,492 2818,504 2875,492 2875,381 2826,381 2813,394 2748,353 2740,361 2703,353 2658,377 2621,345 2580,340"/>
                <Baseline points="2604,459 2694,465 2783,465 2873,459 2885,459"/>
                <TextEquiv>
                    <Unicode>-102-</Unicode>
                </TextEquiv>
            </TextLine>
            <TextLine id="tr_2_tl_2" custom="readingOrder {index:1;}">
                <Coords points="2867,586 2879,586 2904,607 2920,603 2953,627 2982,615 2990,623 3027,623 3027,513 3006,513 2978,529 2916,480 2867,468"/>
                <Baseline points="2891,567 2980,561 3034,567"/>
                <TextEquiv>
                    <Unicode>g</Unicode>
                </TextEquiv>
            </TextLine>
            <TextLine id="tr_2_tl_3" custom="readingOrder {index:2;}">
                <Coords points="1341,792 4548,738 4552,570 2551,652 2305,570 2055,656 1345,558"/>
                <Baseline points="1362,734 1427,728 1517,722 1606,716 1696,716 1786,716 1875,716 1965,716 2054,716 2144,710 2234,710 2323,710 2413,704 2502,704 2592,704 2682,704 2771,704 2861,698 2951,698 3040,698 3130,698 3219,692 3309,692 3399,698 3488,692 3578,692 3667,686 3757,692 3847,686 3936,686 4026,681 4115,681 4205,681 4295,681 4384,675 4474,675 4563,675"/>
                <TextEquiv>
                    <Unicode>ganhliek schon unwiderruflich sein konnte. Darum gab es nur eines</Unicode>
                </TextEquiv>
            </TextLine>
            <TextLine id="tr_2_tl_4" custom="readingOrder {index:3;}">
                <Coords points="1349,886 4565,923 4593,714 1349,783"/>
                <Baseline points="1373,884 1463,884 1553,878 1642,878 1732,872 1821,872 1911,872 2001,872 2090,872 2180,866 2270,866 2359,866 2449,866 2538,860 2628,866 2718,860 2807,860 2897,860 2986,854 3076,854 3166,854 3255,854 3345,854 3434,854 3524,854 3614,848 3703,848 3793,848 3882,842 3972,842 4062,842 4151,842 4241,842 4330,842 4420,836 4510,836 4599,836"/>
                <TextEquiv>
                    <Unicode>mehr-Flucht. Flucht noch am heutigen Tage. Denn das Morgen schon</Unicode>
                </TextEquiv>
            </TextLine>
            <TextLine id="tr_2_tl_5" custom="readingOrder {index:4;}">
                <Coords points="1358,1058 4237,1054 4392,1025 4392,906 1358,923"/>
                <Baseline points="1379,1039 1445,1033 1535,1033 1624,1033 1714,1033 1804,1027 1893,1027 1983,1027 2072,1027 2162,1027 2252,1021 2341,1021 2431,1021 2520,1021 2610,1021 2700,1015 2789,1015 2879,1015 2968,1015 3058,1009 3148,1009 3237,1009 3327,1009 3416,1009 3506,1009 3596,1009 3685,1009 3775,1003 3865,1003 3954,1003 4044,1003 4133,997 4223,997 4313,997 4402,997"/>
                <TextEquiv>
                    <Unicode>konnte Verderben bringen. Wohin? Das war am Ende gleichgültig.</Unicode>
                </TextEquiv>
            </TextLine>
            <TextLine id="tr_2_tl_6" custom="readingOrder {index:5;}">
                <Coords points="1345,1247 4577,1226 4643,1050 1345,1116"/>
                <Baseline points="1367,1200 1421,1194 1511,1194 1600,1194 1690,1188 1780,1188 1869,1188 1959,1182 2048,1182 2138,1182 2228,1176 2317,1176 2407,1176 2497,1176 2586,1176 2676,1176 2765,1170 2855,1176 2945,1170 3034,1170 3124,1164 3213,1170 3303,1164 3393,1158 3482,1164 3572,1158 3661,1164 3751,1158 3841,1158 3930,1158 4020,1152 4109,1152 4199,1152 4289,1152 4378,1152 4468,1152 4557,1146 4647,1146"/>
                <TextEquiv>
                    <Unicode>Alles übrige würde sich finden, wenn er erst mit Paula die Stadt ver-</Unicode>
                </TextEquiv>
            </TextLine>
            <TextLine id="tr_2_tl_7" custom="readingOrder {index:6;}">
                <Coords points="1349,1358 4454,1353 4483,1222 1349,1284"/>
                <Baseline points="1373,1356 1445,1350 1535,1350 1624,1350 1714,1344 1804,1344 1893,1344 1983,1338 2072,1338 2162,1338 2252,1338 2341,1338 2431,1332 2520,1332 2610,1332 2700,1326 2789,1326 2879,1326 2968,1320 3058,1320 3148,1320 3237,1320 3327,1320 3416,1320 3506,1320 3596,1314 3685,1320 3775,1314 3865,1308 3954,1308 4044,1308 4133,1308 4223,1308 4313,1302 4402,1302 4492,1308"/>
                <TextEquiv>
                    <Unicode>lassen hätte. Seine Miene gehorchte ihm so sehr, dass sie von den</Unicode>
                </TextEquiv>
            </TextLine>
            <TextLine id="tr_2_tl_8" custom="readingOrder {index:7;}">
                <Coords points="1349,1526 4388,1542 4491,1509 4495,1341 1353,1403"/>
                <Baseline points="1373,1505 1457,1511 1547,1511 1636,1505 1726,1505 1816,1499 1905,1499 1995,1499 2084,1499 2174,1493 2264,1493 2353,1493 2443,1487 2532,1487 2622,1487 2712,1487 2801,1481 2891,1481 2980,1481 3070,1475 3160,1481 3249,1475 3339,1475 3428,1475 3518,1469 3608,1469 3697,1469 3787,1469 3876,1469 3966,1469 4056,1463 4145,1463 4235,1469 4324,1463 4414,1469 4504,1469"/>
                <TextEquiv>
                    <Unicode>Vorgängen in seinem Innern nicht das Mindeste verriet. Den Brief,</Unicode>
                </TextEquiv>
            </TextLine>
            <TextLine id="tr_2_tl_9" custom="readingOrder {index:8;}">
                <Coords points="1345,1686 4433,1669 4479,1534 1345,1567"/>
                <Baseline points="1367,1660 1439,1666 1529,1660 1618,1660 1708,1660 1798,1654 1887,1654 1977,1654 2066,1654 2156,1654 2246,1654 2335,1654 2425,1648 2514,1648 2604,1642 2694,1642 2783,1642 2873,1636 2962,1636 3052,1636 3142,1636 3231,1630 3321,1630 3411,1630 3500,1630 3590,1630 3679,1630 3769,1630 3859,1624 3948,1624 4038,1624 4127,1624 4217,1624 4307,1618 4396,1618 4486,1618"/>
                <TextEquiv>
                    <Unicode>den Otto ihm gegeben, hielt er in der Hand, sah ihn flüchtig durch,</Unicode>
                </TextEquiv>
            </TextLine>
            <TextLine id="tr_2_tl_10" custom="readingOrder {index:9;}">
                <Coords points="1341,1833 4200,1862 4425,1825 4429,1657 1345,1723"/>
                <Baseline points="1362,1816 1391,1821 1481,1821 1571,1816 1660,1816 1750,1810 1839,1810 1929,1810 2019,1804 2108,1804 2198,1804 2287,1804 2377,1798 2467,1804 2556,1798 2646,1798 2735,1798 2825,1798 2915,1798 3004,1798 3094,1798 3184,1792 3273,1792 3363,1792 3452,1792 3542,1786 3632,1786 3721,1780 3811,1780 3900,1780 3990,1774 4080,1774 4169,1774 4259,1774 4348,1774 4438,1774"/>
                <TextEquiv>
                    <Unicode>ohne ihn eigentlich wieder zu lesen, zerriss ihn in kleine Stück-</Unicode>
                </TextEquiv>
            </TextLine>
        </TextRegion>
        <TextRegion id="tr_1" custom="readingOrder {index:1;}">
            <Coords points="215,1879 4414,1879 4414,4950 215,4950"/>
            <TextLine id="tr_1_tl_1" custom="readingOrder {index:0;}">
                <Coords points="1325,2001 4343,1993 4343,1854 4122,1829 1329,1858"/>
                <Baseline points="1350,1977 1397,1977 1487,1971 1577,1971 1666,1965 1756,1965 1845,1965 1935,1965 2025,1965 2114,1965 2204,1959 2293,1959 2383,1959 2473,1953 2562,1953 2652,1953 2741,1953 2831,1947 2921,1953 3010,1953 3100,1947 3189,1947 3279,1947 3369,1947 3458,1947 3548,1947 3638,1941 3727,1941 3817,1941 3906,1935 3996,1935 4086,1935 4175,1935 4265,1935 4354,1929"/>
                <TextEquiv>
                    <Unicode>chen und mit einem humoristischen Lächeln zu seinem Bruder hin</Unicode>
                </TextEquiv>
            </TextLine>
            <TextLine id="tr_1_tl_2" custom="readingOrder {index:1;}">
                <Coords points="1341,2137 3880,2161 4372,2116 4372,2006 1341,2010"/>
                <Baseline points="1362,2132 1427,2126 1517,2126 1606,2120 1696,2120 1786,2120 1875,2120 1965,2120 2054,2120 2144,2120 2234,2120 2323,2114 2413,2114 2502,2108 2592,2108 2682,2114 2771,2108 2861,2108 2951,2108 3040,2102 3130,2102 3219,2102 3309,2102 3399,2102 3488,2102 3578,2096 3667,2096 3757,2096 3847,2096 3936,2090 4026,2090 4115,2090 4205,2090 4295,2084 4384,2078"/>
                <TextEquiv>
                    <Unicode>warf er sie in den Ofen. "Und nun wird es Asche“, sagte Otto be-</Unicode>
                </TextEquiv>
            </TextLine>
            <TextLine id="tr_1_tl_3" custom="readingOrder {index:2;}">
                <Coords points="1317,2288 4027,2313 4347,2293 4413,2194 1321,2182"/>
                <Baseline points="1338,2281 1367,2275 1457,2281 1547,2281 1636,2275 1726,2275 1816,2275 1905,2275 1995,2275 2084,2270 2174,2270 2264,2270 2353,2270 2443,2270 2532,2264 2622,2264 2712,2264 2801,2264 2891,2264 2980,2264 3070,2258 3160,2258 3249,2258 3339,2258 3428,2258 3518,2252 3608,2252 3697,2252 3787,2252 3876,2252 3966,2246 4056,2246 4145,2246 4235,2246 4324,2246 4414,2246"/>
                <TextEquiv>
                    <Unicode>deutungsvoll und mit einem Pathos, das sonst seine Art nicht war.</Unicode>
                </TextEquiv>
            </TextLine>
            <TextLine id="tr_1_tl_4" custom="readingOrder {index:3;}">
                <Coords points="1800,2448 2202,2518 2826,2428 4142,2461 4319,2440 4323,2301 1800,2321"/>
                <Baseline points="1821,2425 1905,2431 1995,2425 2084,2431 2174,2425 2264,2425 2353,2425 2443,2419 2532,2425 2622,2419 2712,2419 2801,2419 2891,2419 2980,2419 3070,2413 3160,2413 3249,2413 3339,2413 3428,2413 3518,2407 3608,2407 3697,2407 3787,2407 3876,2407 3966,2407 4056,2401 4145,2401 4235,2401 4324,2407"/>
                <TextEquiv>
                    <Unicode>Wie ungeschickt, dachte Robert und stiess mit dem Fuss</Unicode>
                </TextEquiv>
            </TextLine>
            <TextLine id="tr_1_tl_5" custom="readingOrder {index:4;}">
                <Coords points="1321,2440 1353,2440 1366,2453 1382,2440 1435,2440 1448,2453 1460,2440 1493,2453 1526,2432 1563,2457 1583,2440 1624,2448 1624,2317 1591,2317 1579,2330 1526,2317 1460,2371 1444,2371 1390,2313 1358,2330 1321,2330"/>
                <Baseline points="1344,2425 1367,2419 1457,2419 1547,2413 1636,2419"/>
                <TextEquiv>
                    <Unicode>Mijne</Unicode>
                </TextEquiv>
            </TextLine>
            <TextLine id="tr_1_tl_6" custom="readingOrder {index:5;}">
                <Coords points="1308,2654 1386,2674 1419,2641 1542,2629 1653,2686 1772,2617 1882,2617 1936,2621 1989,2674 2096,2670 2096,2510 2014,2469 1907,2514 1764,2494 1673,2436 1308,2485"/>
                <Baseline points="1332,2592 1391,2586 1481,2586 1571,2586 1660,2586 1750,2586 1839,2580 1929,2580 2019,2586 2108,2586"/>
                <TextEquiv>
                    <Unicode>die Ofentüre su.</Unicode>
                </TextEquiv>
            </TextLine>
            <TextLine id="tr_1_tl_7" custom="readingOrder {index:6;}">
                <Coords points="1805,2764 4392,2764 4392,2629 1805,2637"/>
                <Baseline points="1827,2741 1893,2741 1983,2735 2072,2735 2162,2735 2252,2735 2341,2735 2431,2735 2520,2730 2610,2730 2700,2730 2789,2730 2879,2730 2968,2724 3058,2730 3148,2724 3237,2724 3327,2724 3416,2724 3506,2724 3596,2718 3685,2718 3775,2718 3865,2718 3954,2718 4044,2718 4133,2718 4223,2712 4313,2712 4402,2706"/>
                <TextEquiv>
                    <Unicode>"Aber du solltest wohl längst im Amt sein“,meinte Otto</Unicode>
                </TextEquiv>
            </TextLine>
            <TextLine id="tr_1_tl_8" custom="readingOrder {index:7;}">
                <Coords points="1296,2920 4224,2924 4331,2912 4335,2764 1296,2818"/>
                <Baseline points="1320,2897 1385,2897 1475,2897 1565,2897 1654,2891 1744,2891 1833,2891 1923,2891 2013,2891 2102,2891 2192,2891 2281,2891 2371,2891 2461,2885 2550,2885 2640,2885 2730,2885 2819,2879 2909,2879 2998,2885 3088,2879 3178,2879 3267,2879 3357,2879 3446,2879 3536,2873 3626,2873 3715,2873 3805,2873 3894,2873 3984,2873 4074,2873 4163,2873 4253,2867 4342,2867"/>
                <TextEquiv>
                    <Unicode>in übertrieben frischem Tone. "Darf ich dich nicht hinbringen?"</Unicode>
                </TextEquiv>
            </TextLine>
            <TextLine id="tr_1_tl_9" custom="readingOrder {index:8;}">
                <Coords points="1304,3060 4265,3051 4265,2945 3753,2895 1304,2941"/>
                <Baseline points="1326,3046 1409,3052 1499,3052 1589,3052 1678,3052 1768,3052 1857,3052 1947,3046 2037,3046 2126,3046 2216,3046 2305,3046 2395,3040 2485,3040 2574,3040 2664,3040 2753,3040 2843,3040 2933,3040 3022,3040 3112,3034 3201,3034 3291,3034 3381,3034 3470,3034 3560,3034 3649,3028 3739,3028 3829,3028 3918,3028 4008,3028 4097,3028 4187,3022 4277,3028"/>
                <TextEquiv>
                    <Unicode>"Danke. Ich gehe vor der Arbeit in der klaren Winterluft gern</Unicode>
                </TextEquiv>
            </TextLine>
            <TextLine id="tr_1_tl_10" custom="readingOrder {index:9;}">
                <Coords points="189,3211 209,3211 242,3187 258,3195 275,3183 291,3199 312,3187 324,3195 340,3178 365,3178 365,3113 345,3113 308,3092 279,3092 262,3076 238,3076 221,3064 213,3072 193,3072"/>
                <Baseline points="215,3178 286,3172 376,3172"/>
                <TextEquiv>
                    <Unicode>0/10</Unicode>
                </TextEquiv>
            </TextLine>
            <TextLine id="tr_1_tl_11" custom="readingOrder {index:10;}">
                <Coords points="1280,3244 4290,3240 4290,3051 1280,3125"/>
                <Baseline points="1302,3207 1338,3207 1427,3207 1517,3207 1606,3207 1696,3207 1786,3207 1875,3201 1965,3207 2054,3201 2144,3201 2234,3201 2323,3201 2413,3195 2502,3195 2592,3195 2682,3189 2771,3189 2861,3189 2951,3189 3040,3189 3130,3184 3219,3184 3309,3189 3399,3189 3488,3184 3578,3184 3667,3184 3757,3184 3847,3184 3936,3184 4026,3184 4115,3184 4205,3178 4295,3172"/>
                <TextEquiv>
                    <Unicode>ein paar Schritte zu Fuss." Er öffnete das Fenster,wie er sich</Unicode>
                </TextEquiv>
            </TextLine>
            <TextLine id="tr_1_tl_12" custom="readingOrder {index:11;}">
                <Coords points="1280,3408 3744,3388 4077,3355 4077,3265 1280,3293"/>
                <Baseline points="1302,3363 1308,3363 1397,3369 1487,3369 1577,3363 1666,3357 1756,3357 1845,3357 1935,3357 2025,3357 2114,3357 2204,3357 2293,3351 2383,3351 2473,3351 2562,3351 2652,3345 2741,3345 2831,3345 2921,3345 3010,3345 3100,3339 3189,3345 3279,3339 3369,3339 3458,3339 3548,3339 3638,3339 3727,3339 3817,3333 3906,3333 3996,3333 4086,3333"/>
                <TextEquiv>
                    <Unicode>vorgenommen, dann verliess er mit seinem Bruder das Zimmer.</Unicode>
                </TextEquiv>
            </TextLine>
            <TextLine id="tr_1_tl_13" custom="readingOrder {index:12;}">
                <Coords points="1776,3535 4220,3519 4220,3404 3769,3371 2895,3441 1776,3384"/>
                <Baseline points="1798,3506 1810,3506 1899,3512 1989,3512 2078,3512 2168,3512 2258,3512 2347,3506 2437,3506 2526,3506 2616,3506 2706,3500 2795,3500 2885,3500 2974,3500 3064,3494 3154,3494 3243,3494 3333,3500 3422,3494 3512,3494 3602,3494 3691,3494 3781,3494 3870,3494 3960,3488 4050,3488 4139,3488 4229,3488"/>
                <TextEquiv>
                    <Unicode>"Also wir rechnen zuversichtlich darauf", sagte Otto</Unicode>
                </TextEquiv>
            </TextLine>
            <TextLine id="tr_1_tl_14" custom="readingOrder {index:13;}">
                <Coords points="1251,3716 4237,3716 4306,3515 1251,3589"/>
                <Baseline points="1272,3685 1350,3679 1439,3679 1529,3673 1618,3667 1708,3667 1798,3667 1887,3673 1977,3667 2066,3661 2156,3661 2246,3661 2335,3661 2425,3661 2514,3661 2604,3661 2694,3655 2783,3655 2873,3655 2962,3655 3052,3655 3142,3649 3231,3649 3321,3649 3411,3649 3500,3649 3590,3649 3679,3649 3769,3643 3859,3643 3948,3643 4038,3643 4127,3643 4217,3643 4307,3638"/>
                <TextEquiv>
                    <Unicode>auf der Stiege, „Euch heute Abend bei uns zu sehen. Nicht wahr?“</Unicode>
                </TextEquiv>
            </TextLine>
            <TextLine id="tr_1_tl_15" custom="readingOrder {index:14;}">
                <Coords points="1243,3851 3552,3892 4191,3847 4237,3716 1243,3728"/>
                <Baseline points="1266,3835 1290,3835 1379,3835 1469,3829 1559,3829 1648,3829 1738,3829 1827,3823 1917,3823 2007,3823 2096,3823 2186,3823 2275,3817 2365,3817 2455,3817 2544,3817 2634,3811 2724,3811 2813,3811 2903,3811 2992,3811 3082,3811 3172,3805 3261,3805 3351,3805 3440,3805 3530,3805 3620,3805 3709,3799 3799,3799 3888,3799 3978,3799 4068,3799 4157,3793 4247,3799"/>
                <TextEquiv>
                    <Unicode>Robert nickte. Nun war es ihm völlig klar. Heute Abend sollte</Unicode>
                </TextEquiv>
            </TextLine>
            <TextLine id="tr_1_tl_16" custom="readingOrder {index:15;}">
                <Coords points="1251,4036 4265,3999 4265,3863 4134,3822 1255,3876"/>
                <Baseline points="1272,3996 1314,3996 1403,3996 1493,3990 1583,3984 1672,3984 1762,3984 1851,3984 1941,3984 2031,3978 2120,3978 2210,3978 2299,3972 2389,3972 2479,3972 2568,3972 2658,3972 2747,3966 2837,3966 2927,3966 3016,3966 3106,3960 3195,3960 3285,3960 3375,3960 3464,3960 3554,3954 3643,3954 3733,3954 3823,3954 3912,3948 4002,3954 4092,3960 4181,3960 4271,3966"/>
                <TextEquiv>
                    <Unicode>es geschehen. Ein Pülverschen in den Wein oder in den Kaffee...</Unicode>
                </TextEquiv>
            </TextLine>
            <TextLine id="tr_1_tl_17" custom="readingOrder {index:16;}">
                <Coords points="1226,4159 4327,4146 4327,4003 4204,3982 1230,4032"/>
                <Baseline points="1254,4151 1290,4151 1379,4151 1469,4145 1559,4145 1648,4139 1738,4139 1827,4139 1917,4139 2007,4139 2096,4139 2186,4133 2275,4133 2365,4127 2455,4127 2544,4127 2634,4121 2724,4121 2813,4121 2903,4121 2992,4121 3082,4121 3172,4115 3261,4115 3351,4115 3440,4115 3530,4115 3620,4115 3709,4109 3799,4109 3888,4109 3978,4109 4068,4109 4157,4115 4247,4109 4336,4103"/>
                <TextEquiv>
                    <Unicode>alles ist vorbei - und dann heiest es: es ist ein Herzschlag ge-</Unicode>
                </TextEquiv>
            </TextLine>
            <TextLine id="tr_1_tl_18" custom="readingOrder {index:17;}">
                <Coords points="1226,4319 4003,4368 4278,4323 4282,4155 1230,4212"/>
                <Baseline points="1248,4301 1332,4307 1421,4307 1511,4301 1600,4301 1690,4295 1780,4295 1869,4295 1959,4295 2048,4289 2138,4289 2228,4289 2317,4289 2407,4283 2497,4283 2586,4283 2676,4283 2765,4283 2855,4283 2945,4283 3034,4277 3124,4277 3213,4277 3303,4277 3393,4277 3482,4277 3572,4271 3661,4271 3751,4277 3841,4271 3930,4271 4020,4265 4109,4271 4199,4271 4289,4271"/>
                <TextEquiv>
                    <Unicode>wesen. Die einfachste Sache von der Welt. Wie oft mag sich der-</Unicode>
                </TextEquiv>
            </TextLine>
            <TextLine id="tr_1_tl_19" custom="readingOrder {index:18;}">
                <Coords points="1218,4511 3527,4507 3634,4479 3638,4339 1222,4335"/>
                <Baseline points="1242,4468 1308,4468 1397,4462 1487,4462 1577,4456 1666,4456 1756,4456 1845,4450 1935,4456 2025,4450 2114,4450 2204,4450 2293,4450 2383,4444 2473,4444 2562,4444 2652,4438 2741,4438 2831,4438 2921,4438 3010,4432 3100,4432 3189,4432 3279,4432 3369,4432 3458,4432 3548,4438 3638,4444"/>
                <TextEquiv>
                    <Unicode>gleichen zutragen und kein Mensch erfährt davon.</Unicode>
                </TextEquiv>
            </TextLine>
            <TextLine id="tr_1_tl_20" custom="readingOrder {index:19;}">
                <Coords points="1694,4659 4237,4614 4237,4474 1698,4499"/>
                <Baseline points="1720,4611 1738,4611 1827,4611 1917,4611 2007,4611 2096,4611 2186,4605 2275,4605 2365,4599 2455,4599 2544,4599 2634,4599 2724,4599 2813,4599 2903,4593 2992,4593 3082,4593 3172,4593 3261,4593 3351,4593 3440,4587 3530,4587 3620,4587 3709,4587 3799,4587 3888,4587 3978,4587 4068,4587 4157,4581 4247,4581"/>
                <TextEquiv>
                    <Unicode>Am Tor reichte Otto den Bruder nochmals die Hand, bat</Unicode>
                </TextEquiv>
            </TextLine>
            <TextLine id="tr_1_tl_21" custom="readingOrder {index:20;}">
                <Coords points="1185,4815 4323,4766 4282,4618 1189,4659"/>
                <Baseline points="1212,4784 1284,4778 1373,4778 1463,4773 1553,4767 1642,4773 1732,4773 1821,4767 1911,4767 2001,4767 2090,4767 2180,4767 2270,4767 2359,4761 2449,4761 2538,4761 2628,4761 2718,4761 2807,4761 2897,4755 2986,4755 3076,4749 3166,4749 3255,4749 3345,4749 3434,4749 3524,4749 3614,4749 3703,4743 3793,4737 3882,4737 3972,4737 4062,4737 4151,4737 4241,4737 4330,4737"/>
                <TextEquiv>
                    <Unicode>ihn pünktlich zu sein, dann stieg er in den Wagen, nahm eilig eine</Unicode>
                </TextEquiv>
            </TextLine>
            <TextLine id="tr_1_tl_22" custom="readingOrder {index:21;}">
                <Coords points="1185,4971 4315,4963 4315,4823 4175,4782 1189,4815"/>
                <Baseline points="1212,4934 1278,4940 1367,4940 1457,4934 1547,4934 1636,4934 1726,4934 1816,4934 1905,4928 1995,4934 2084,4928 2174,4928 2264,4922 2353,4922 2443,4922 2532,4922 2622,4922 2712,4922 2801,4922 2891,4916 2980,4916 3070,4916 3160,4910 3249,4910 3339,4910 3428,4910 3518,4910 3608,4910 3697,4904 3787,4898 3876,4898 3966,4898 4056,4898 4145,4898 4235,4898 4324,4898"/>
                <TextEquiv>
                    <Unicode>Zeitung vor und war scheinbar schon tief ins Lesen versunken, als</Unicode>
                </TextEquiv>
            </TextLine>
        </TextRegion>
    </Page>
</PcGts>
