4760 5540
1008 637 4171 873 aufdrängte; und es war das richtige. Denn von Jugend auf hatte er
1004 763 4154 1025 sich dem älteren Bruder gegenüber bei äusserlich glänzenderen Ei-
1004 915 4175 1194 genschaften als einen Menschen von geringerem Wert betrachtet, und
1012 1088 4184 1337 er verhehlte sich nicht, dass sein eigener bürgerlicher Wandel von
1004 1236 4175 1523 Otto selten mit Nachsicht,öfter mit Ungeduld und Aerger begleitet
995 1426 4083 1662 wurde. Und Robert begriff das sehr gut. Ottos pflichtenschweres
995 1480 4192 1826 Dasein, der Ernst seines Berufes,bei dessen Uebung es um so wesent-
991 1708 4023 1953 liche Dinge, wie um Leben und Gesundheit ging, sein sicheres und
987 1843 4209 2155 zugleich opfervolles Ruhen in der Familie,all das stellte sich für
978 2016 4369 2299 Robert in so hehrem Lichte dar, dass ihm dagegen seine eigene Existens,
991 2176 4154 2412 wenn sie auch in den Rahmen eines Amts gespannt war,oft genug wie
991 2353 4289 2577 ohne rechte Würde und ohne tieferen Sinn erschien. Von seinem Bruder
983 2455 4158 2733 als ein Genesener, ja als ein Gebesserter vielleicht, mit Herzlich-
983 2615 4074 2885 keit begrüsst zu werden, dünkte ihn das Beste, was die Heimat zun
987 2771 4116 3045 Empfang ihm bieten konnte. Und dass die freudige Erwartung eines
995 2927 4175 3222 guten Wiedersehens sich allmählich in eine immer unruhvollere Ban-
978 3058 4205 3353 gigkeit gewandelt hatte, das musste verborgene Ursachen haben, denen
978 3218 4264 3513 Robert zwar zögernd,aber widerstandslos nachgrübelte. Und er fühlte
983 3425 4095 3711 wie aus den Gründen seiner Seele dumpf, doch unverscheuchbar, eins
966 3560 4150 3829 Erinnerung emportauchte, als wollte sie sich nicht länger in ihrem
983 3703 4057 3998 jahrelangen trügerischen Schlummer halten lassen; ein Wort fing
966 3884 4057 4196 an in ihm zu klingen, das sich vorerst seinen eigenen Sinn nicht
962 3977 4192 4281 einzugestehen wagte; und mit Absicht flüsterte er dieses Wort ein-
962 4201 4125 4466 mal, sehnmal, fünfzigmal vor sich hin, als vermöchte er es auf diese
962 4344 4142 4597 Weise seiner Bedeutung wie seiner Kraft zu berauben. Und wirklich
978 4525 4045 4800 begann es allmählich leerer und nichtiger zu werden, war am Ende
962 4694 4142 4926 nichts als ein zufälliges Nacheinander von Buchstaben,willkürl ich
966 4850 4011 5192 ansinandergereiht, nicht sinnvoller als unter dem heimrasenden
