4168 5380
1711 378 1948 631 -67-
564 568 3619 840 gen ist eine Menge dummes und unwahres Zeug gestanden." Robert
544 804 3714 978 wollte abwehren. Paula aber fuhr fort: "Richtig ist eigentlich nur,
544 954 3481 1139 dass der Vater abgereist ist und wahrscheinlich nicht mehr in
528 1112 3521 1277 die Stadt zurückkommen wird. Aber eine zwingende Notwendigkeit
528 1273 3465 1443 dazu besteht keineswegs. Es wäre ihm eben nur peinlich gerade
505 1423 3556 1601 hier in anderen, gegen früher erheblich geänderten Verhältnissen
509 1573 3446 1786 weiter existieren zu müssen. Er gehört nun einmal zu den Men-
509 1750 3485 1912 schen, die ein neues Leben nur in einer neuen Umgebung beginnen
485 1892 3607 2093 können. Bei mir ist das anders; bei uns, „fügte sie mit einem lie-
473 2050 2224 2251 bevollen Blick auf die Mutter hinzu.
1053 2208 3627 2381 "Ich danke für Ihr Vertrauen", entgegnete Robert leise.
2306 2318 2641 2409 im Ton
1049 2366 3603 2535 „Und jetzt“, sagte Paula mit einer Gebärde endgültiger
438 2500 3560 2677 Erledigung: "Genug von uns. Wie geht's denn Ihnen?" Sie erkundig-
430 2673 3485 2831 te sich, wie er sich nach einer so langen Urlaubspause wieder in
430 2819 3560 3028 Gebundenheit und Beruf hineingefunden. Ihm war es willkommen sich
418 2965 3513 3166 aussprechen zu dürfen, und er berichtete lebhaft von seiner neuen
394 3130 3529 3308 Arbeit, die sich mit Fragen des musikalischen Unterrichtswesen
402 3292 3379 3454 beschäftigte. Unwillkürlich fiel hiebei sein Blick auf das ge-
394 3438 3458 3639 schlossene Piano,und als Paula bemerkte,es sei darauf schen lan-
386 3611 3462 3805 ge nicht gespielt worden, schlug Robert, vorerst ohne sich nieder-
378 3757 3383 3923 susetzen, ein paar Töne an; sie klangen etwas dumpf und das For-
347 3903 3458 4096 zellan zitterte leise mit. Paula begann die Gegenstände von dem
343 4092 3454 4254 Klavierdeckel wegsuräumen, und unter Roberta Beihilfe stellte sie
331 4222 3324 4412 Tassen, Teller, Uhr, Armleuchter und Vasen auf den Boden hin. Dann
323 4380 3469 4554 setzte sich Robert an den geöffneten Flügel und lb in seiner xxx
319 4483 497 4581 Art
319 4538 3450 4727 zu phantasieren an,bis er aus einer Tansweise,in die er un-
319 4692 3410 4889 versehens geraten war, und die er den Moment nicht recht angemes-
308 4857 2945 5082 sen fand, sich in eine malancholische, in Ohepin'sche Mo-
3103 4857 3379 5098 tionen
