4296 5396
1625 448 1845 624 -39-
620 580 1384 816 Anzahl solsber:
2173 628 2993 844 der Vergessenheit
3089 620 3317 840 gerue
620 800 3553 976 wie schon die einfache Tatsache ihres Vorhandenseins ihn oft
608 964 3617 1120 mit einer hilflosen,mühselig verhehlten,bösen Ungeduld erfüllt
604 1092 3709 1308 hatte. Doch das Schlimmste für ihn war ihr Klavierspiel gewesen.
604 1244 3785 1432 Ohne zureichende Begabung,aber mit der ihr eigenen Beharrlichkeit,
580 1400 3689 1572 hatte sie die Gewohnheit ihrer Mädchenjahre beibehalten täglich
580 1580 3681 1753 eine Stunde lang zu üben; und ihre Art Moart'sche und Beethoven-
568 1729 3521 1917 sche Sonaten mit kindischen dicken Fingern herunterzuspielen,
548 1881 3497 2069 hatte den Gatten, während er nach dem Abendessen rauchend und
536 2041 3617 2233 lesend im Nebenzimmer sass, manchmal in einen Zustand wahrer Ver-
528 2201 3569 2385 zweiflung versetzt. Wie oft, wenn aufflammende Begier nach ande-
516 2353 3517 2545 ren Frauen ihn zu neuen Abenteuern lookte, hatte er sich gegen
1420 2437 1917 2549 Brigittens
500 2509 3529 2705 den stillen Zwang, den rührende Anhänglichkeit auf ihn ausübte,
504 2657 3509 2869 vergeblich aufgelehnt; mit welcher Inbrunst hatte er sich nach
480 2821 3473 3009 seinem pflichtenlosen Junggesellenleben zurückgesehnt; dessen
464 2937 3645 3177 holde Freiheit er einer swar milden, aber unentrinnbaren Sklaverei
456 3141 3457 3313 aufgeopfert hatte. Und wenn diese Sehnsucht, diese Ungeduld so
456 3269 3557 3473 übermächtig in ihm angewachsen war,wie er sie heute,jetst,in un-
444 3433 3505 3657 trüglicher Erinnerung neu zu empfinden vermeinte, wo war der Be-
432 3609 3641 3753 weis, dass Unge duld und Sehnsucht nicht in irgend einem Augenblicke
420 3761 3513 3961 Wille, dass der Wille nicht endlich Tat geworden war? Wo der Be-
384 3889 3393 4085 weis, dass Brigitte wirklich einen Herzschlag erlegen, das sie
372 4069 3509 4197 nicht vielmehr an einem tückisch ihr eingegebenen Gift verschie-
388 4221 3417 4385 den war? Wie er sich ein solches Gift verschafft, wie er es ihr
368 4365 3393 4565 beigebracht, ob er es ihr abends in einen Trank gemischt,ob er
360 4489 3345 4733 sie gezwungen hatte es einzuschlürfen - von all dem konnte er
348 4693 3333 4874 sich freilich heute keine Rechenschaft mehr geben; aber da es
328 4862 3469 5102 sich zum einmal herausgestellt hatte, dass sein Dasein eine ganze
