4296 5380
1622 412 1840 642 -81-
634 686 3822 956 seit zwanzig Jahren erhobenen Hauptes in die Zukunft schauen durf-
634 916 3727 1142 te,war er seinem Bruder immer nur verdächtiger geworden. Aber ob
626 1090 3565 1245 die Gründe für dieses wachsende Misstrauen nicht ebenso sehr,
626 1257 3565 1419 ja eher noch bei Otto gelegen sein konnten als bei ihm? Ob es
611 1356 3691 1586 sich nicht so verhielt, dass Otto, der in seiner eigenen Seele die
615 1546 3553 1741 ersten Zeichen einer Verstörung zu erkennen glaubte und davor
603 1709 3600 1879 zurückscheute sie sich einzugestehen, das Unheil in satanischer
595 1864 3624 2030 Weise von sich abzuwenden versuchte, indem er es in eine andere,
595 2022 3644 2181 seiner Ansicht längst dafür vorbestimmten Seele,in diendes eige-
583 2173 3561 2355 nen Bruders hinüberdeutete? Wie oft schon hatte man gehört und
575 2320 3509 2502 gelesen, dass ein Wahnsinniger die Gesunden in seiner Umgebung
559 2490 3469 2645 für wahnsinnig hielt, dass ein geistig völlig normaler Mensch
559 2605 3668 2799 fälheblich als irrsinnig erklärt und ins Marrenhaus gesperrt wur-
547 2764 3497 2950 de? Und nichts erweist sich schwerer, als einen Irrtum solcher
519 2958 3561 3148 Art auch für Aussenstehende aufzuklären,wenn die Aufmerksamkeit
932 3061 1209 3160 auf die
515 3073 3624 3263 einmal  falsche Bahn gelenkt worden ist. Robert dachte an
519 3239 3596 3422 Gerichtsfälle,an Zeitungsnotizen, die von zufälligen.leichtferti-
508 3390 3509 3588 gen oder verbrecherischen Irrtümern solcher Art erzählten. Und
492 3565 3501 3767 wie nahe lag ein solcher Irrtum gerade in seinem eigehen Fall.
484 3715 3362 3898 Sein Leben lang,mindestens seit Höhnburgs Erkrankung,war er
472 3870 3323 4036 selbst von allerlei Zwangsvorstellungen und schlimmeren Wahr
456 4044 3529 4207 gequält worden und hatte das seinem Bruder nicht nur eingestan-
412 4187 3521 4405 den, sondern ihn geradezu gebeten mit ihm ein Ende zu machen, wenn
448 4362 3446 4508 das Furchtbare Wahrheit würde; nicht gebeten nur,er hatte ihm
420 4496 3529 4671 ein Dokument übergeben, das Otto dazu verpflichstet und sogleich
396 4667 3529 4853 jeder Verantwortung entband. War es nicht vielleicht gerade die-
412 4829 3402 5036 ses unglückselige Schriftstück gewesen, das in die Seele Otten
