4232 5380
1680 346 1962 541 -63—
589 617 3534 868 woher weiss er, dass ich nicht wahnsinnig bin? Ich habe ihn ja
569 808 3598 995 schon wieder angelogen. Von meinen neuesten Wahnideen habe ich
557 991 3590 1182 ihm nichts gesagt. Aber er ahnt sie vielleicht. Ich darf nicht
561 1170 3634 1341 so lange stumm bleiben. Er sieht zwar durch das Wagenfenster auf
533 1297 3586 1481 die Strasse hinaus,aber mein Schweigen fällt ihm auf. Er fühlt,
545 1465 3546 1616 dass ich ihm etwas verberge. So geht es nicht weiter. Ich muss
525 1604 3674 1787 ihm die Wahrheit sagen. Wenn nicht heute, so morgen. Es muss Klar-
521 1747 2149 1930 heit werden zwischen mir und ihm.
983 1910 3662 2101 "Im übrigen", meinte Otto, indem er sich plötzlich wieder
486 2066 3634 2273 zu seinem Bruder wandte, "wir sind da etwas weit abgekommen. Haat
474 2221 2683 2388 du mir nicht noch irgend ein Leid zu klagen?“
561 2372 828 2519 bere i
975 2384 3614 2587 "Wozu?" erwiederte Robert gleichfalls leichteren Tons,-
450 2519 3618 2722 "da du mich ja doch für einen elenden Komödianten hältst,weil ich
390 2647 3522 2878 nicht sämtliche Hotelstubenmädchen der Schweiz wegen versuchten
430 2838 2117 3053 Giftmordes habe verhaften lassen."
370 2981 704 3152 Besser
963 3009 3502 3228 Otto ging auf den Scherz nicht ein. "Weisst du,was
318 3172 3479 3375 ich glaube,“ sagte er in dem ernsthaften, etwas strengen Ton, der
310 3295 3514 3550 ihm manchmal eigen war,“dass dir nach der langen Paulenzerei die
318 3486 3482 3634 zog regelmässige Arbeit sehr heilsam sein wird. Und was dein sucken-
390 3634 3399 3825 des Augenlid anbelangt, so brauchst du dir nicht die geringsten
390 3777 1282 3968 Sorgen zu machen."
919 3924 3383 4171 Erschrocken wandte Robert sich ihm zu. "Du hast es
334 4064 836 4251 bemerkt?“
2507 4099 2667 4310 Bn
549 4231 712 4398 3 1
899 4155 3482 4478 Otto seufste auf, "Was magst da dir alles schon wie-
306 4386 1827 4621 der eingebildet haben....“
2109 4418 3295 4629 wie diese einmal darüber
784 4573 3407 4768 „Du sagst, dass mein Augenlid zuckt. Das - das wusst
247 4716 3339 5015 ich eigentlich gar nicht. Ich hatte den Eindruck einer - einer
