4264 5380
1759 358 2046 589 -73-
605 525 3717 780 sah sie ihm, die Geige noch in der Hand, ernst und wie fragend ins
589 724 3757 963 Auge, worauf er, wie zur Antwort, einen Kuss auf ihre Stirn und dann
597 864 3697 1059 auf ihre Lippen drückte. Sie schwiegen lange. Als er endlich et-
3005 1047 3172 1150 a Votre
585 1027 3534 1226 was sagen wollte, wehrte sie leise ab. "Heute nichts mehr, ich
573 1182 1425 1365 bitte dich darum.
549 1341 1071 1481 eigenen Be¬
1083 1321 3713 1552 Er ging. Als er aus dem Haustor trat,wurde ein Fenster
545 1473 3574 1680 über ihm geöffnet. Er blickte hinauf, Paula, einen weissen Schal
545 1656 3570 1918 dicht um den Hals geschlungen,stand oben in der Dunkelheit und
521 1803 2062 2050 winkte ihm ihren Nachtgruss zu.
1007 2026 3554 2157 Beim Nachhausekommen fand er einen Brief vor. Er kam
517 2093 3574 2292 aus Amerika,die Adresse verriet Albertens Schriftzüge. Also, sie
509 2281 3590 2452 lebte. Das Gefühl von Freude, ja von Befreiung, das ihn plötzlich
490 2444 3693 2655 durchströmte,brachte ihm zum Bewusstsein.dass auf dem Grund seiner
470 2587 3586 2806 Seele jener überwunden geglaubte Wahn immer noch gelauert hatte.
474 2746 3598 2945 Albertens Brief war kurz, sachlich und zeigte wieder jene Unfähig-
442 2913 3534 3088 keit auch anlässlich der sonderbarsten Schickungen in Erstaunen
454 3061 3475 3248 zu geraten, die ihr in noch höherem Grade als so vielen anderen
430 3208 3411 3399 Frauen eigen war. Sie lebte,wie aus ihrem Brief hervorging,in
442 3323 3578 3566 Ohioogo und war verheiratet, aber nicht mit dem Amerikaner,in des-
422 3530 3578 3709 sen Begleitung sie hinübergereist war, sondern mit einem deutschen
402 3693 3482 3873 Kaufmann, den sie erst drüben kennen gelernt hatte. "Im nächsten
390 3825 3471 4020 Sommer“, hiess es weiter, „wollen wir nach Europa reisen und wenn
374 3996 3558 4207 wir nach Wien kommen und du noch an mich denkst, und du mich sehen
362 4143 3387 4346 willet, werde ich dir viel zu erzählen haben." Dann fragte sie,
346 4286 3387 4493 wie es ihm ergangen sei und ob er nicht, was sie ihm vom Herzen
354 4442 3343 4645 wünsche, eine liebe kleine Frau gefunden habe, die ihn nicht so
314 4605 3331 4800 nervös mache, wie es ihr, freilich ganz ohne ihre Schuld, leider
322 4780 1337 5007 öfters begegnet sei.
