4728 5556
2003 443 2243 618 -12-
987 642 4088 955 sondern - wie er tief erschauernd fühlte - vielleicht schon sein
427 666 727 979 a été
975 894 4027 1150 eigenes Schicksal geheimnisvoll sich angekündigt hatte. Und er
963 1093 1918 1292 erlebte ihn wieder.
1479 1191 4230 1402 Mit seinem Bruder Otto, dem Leutnant Höhnburg und anderen
951 1337 4088 1593 guten Bekannten war er nach einem Wettrennen in der Freudenau in
951 1479 4039 1723 einem menschenüberfüllten Pratergarten eingekehrt. Höhnburg war
947 1630 4084 1890 unter ihnen allen der lauteste und lustigste gewesen, noch lauter
939 1804 4169 2024 und übermütiger als er sonst zu sein pflegte und es war nicht son-
951 1975 4214 2198 derlich aufgefallen, als er dem Kellner ein Trinkgeld in ungewöhnli-
313 2064 610 2223 ara
951 2121 4145 2369 cher Höhe überreichte. Auf dem Heimweg aber hatte Otto den Bruder
943 2247 4064 2532 beiseite genommen und ihm anvertraut, dass ihr gemeinsamer Freund
935 2410 3970 2658 Höhnburg - was die Andern noch nicht ahnten,er selbst als Arzt
931 2544 3970 2849 aber seit etlichen Tagen mit Bestimmtheit wusste - unheilbaren
935 2735 3991 2971 Wahnsinn verfallen sei und in spätestens drei Jahren unter der
918 2902 4019 3129 Erde liegen werde. Robert lehnte sich zuerst gegen die Zukutung
927 2962 4190 3255 auf in dem jungen Kavallerieoffizier, der ein solches Bild ungetrüb-
922 3198 4080 3454 ter, ja gesteigerter Gesundheit bot, und der zudem sein Freund war,
935 3373 4031 3613 einen Gezeichneten, einen Verurteilten zu erblicken. Als er sich
922 3503 4141 3771 aber endlich den Fachkenntnissen seines Bruders gegenüber beschei-
918 3674 4064 3893 den musste, begann ihm Wesen und Benehmen, ja die ganze Ärscheinung
935 3824 4076 4100 des Freundes, unheimlich und immer unheimlicher zu werden; er ver-
914 3999 3987 4214 mied es das Wort an ihn zu richten, ja hatte geradezu Angst, dass
914 4125 4052 4352 jener sich wieder zu ihm wenden und vielleicht den Arm unter den
914 4299 3889 4539 seinen schieben würde, und ohne Abschied verschwand er aus der
910 4474 4076 4718 Gesellschaft. Schon wenige Tage darauf erlitt Höhnburg einen Tob-
902 4641 3621 4868 suchtsanfall und musste einer Anstalt übergeben werden.
3694 4616 4015 4783 dagezeich
1337 4795 4238 5063 Bei der nächsten Begegnung mit Otto, ohne vorherige Absicht.
