4216 5364
1669 382 1925 634 -65—
551 756 3680 972 benützte Robert gerne die Gelegenheit dem Bruder wegen einer sol-
559 933 3676 1079 chen, auch nicht eben vernünftig zu nennenden Lebensweise freund-
547 1067 3590 1267 schaftliche Ratschläge zu erteilen, die zwar geduldig angehört,
524 1244 2503 1429 aber nicht im geringsten befolgt wurden.
2559 1264 2834 1429 Dien en
551 1417 3716 1602 Eines Abends im Kaffeehaus wurde in Roberts Gegenwart
508 1539 3554 1724 zufällig der Affaire Kostner Erwähnung getan. Man sprach davon,
480 1689 3515 1913 dass gegen den flüchtigen Anwalt tatsächlich eine gerichtliche
480 1854 3369 2070 Anzeige nicht vorgelegen, oder dass sie zurückgezogen worden
390 2007 3417 2236 war; die prächtige Wohnung sei freilich unter der Hund schon
484 2157 3393 2334 für die allernächste Zeit weitervermistet worden. Bei dieser
366 2334 3413 2570 Nachricht wurde Robert von einem unverhältnismässigen Mitleid
437 2511 3484 2673 erfasst, und er sohien sich mit einem Male hart, ja geradezu ver-
461 2629 3456 2862 worfen, weil er sich um die beiden Damen, die gewiss ein Lebens-
437 2799 3566 2992 seichen von ihm zu erwarten berechtigt waren, überhaupt nicht mehr
421 2933 3436 3137 gekümmert hatte. Das Gefühl seiner Versäumnis verfolgte ihn in
413 3078 3456 3283 den Schlaf, und am nächsten Morgen fragte er telefonisch an, wann
413 3240 3535 3428 er sich persönlich nach dem Befinden der Damen erkundigten dürfe.
386 3409 3440 3629 Er erkannte die Stimme Paulas erst, als ihn mit völliger Un-
366 3610 3428 3810 befangahheit für den Abend desselben Tags um seinen Besuch bat.
945 3736 3468 3901 Der grosse Salon, in den er um die sechste Stunde
303 3854 3295 4109 eintrat, sah unwirthlich, beinahe traurig aus. Die Möbel waren
358 4054 3342 4228 grauen Leinen überzogen, der Luster mit weissen Orgentinstoff
346 4196 2909 4409 verhängt, wodurch Robert sich an jenen verflossenen Trä-
335 4346 3381 4519 der Sedanschlacht erinnert fühlte. Auf dem geschlossenen Flügel
335 4499 3405 4720 standen allerlei Kunstgegenstände aus Glas, Porzellan und Bronse,
311 4672 3377 4846 offenbar zum Verpacktwerden hergerichtet; aus den Wänden regten
283 4857 3236 5062 Nägel hervor und Bilder lehnten verkehrt an den Wänden. Pauls
