4232 5396
2324 128 2480 320 1 7
1546 316 1805 587 -32.—
543 551 2784 831 richtete er unbefangen das erste Wort an sie.
1110 655 3726 935 „Würden Sie mir’s übel nehmen, Fräulein, wenn ich um die
535 819 3554 1062 Erlaubnis bäte, mich Ihrem Spaziergang anzuschliessen?"- Sie
531 1038 3702 1234 darauf mit einer angenehmen Stimme, weder erstaunt noch beleidigt:
543 1210 3578 1362 "Es ist kein Spaziergang,ich gehe nachhause." Sie sah ihn kaum
507 1354 3546 1546 an.- „Aber die Erlaubnis“, meinte er,“garf ich wohl als erteilt
507 1494 1062 1693 annehmen?“
499 1645 3459 1821 Sie zuckte die Achseln, etwa, als wollte sie sagen:
483 1817 3455 2017 Mit mir muss man wirklich nicht so viele Geschichten machen;-
483 1993 3606 2133 dann erst sah sie ihn von der Seite an. Er sprach davon, dass sie
479 2125 3550 2304 ihm schon auf der Ringstrasse aufgefallen sei;- wie sie aus der
459 2272 3511 2488 Bank gesessen war, die Hände in den Manteltaschen, die Rolle auf
467 2424 3471 2596 dem Schoss, den Blick vor sich hin gerichtet,- das sei ein hüb-
447 2600 3351 2772 sches Bild gewesen.- "Sie sind doch kein Maler?" fragte sie.-
459 2760 3479 2963 "Leider nicht",erwiederte er. Und da er keinen Grund hatte ihr
423 2923 3499 3103 seinen Namen zu verhehlen, so stellte er sich in aller Form vor.
411 3083 3622 3239 Sie nannte den ihren ganz beiläufig,und in dem leicht weiterflies-
411 3235 3534 3427 senden Gespräch, ohne sich erst eindringlich fragen zu lassen,er-
407 3379 3479 3570 zählte sie ihm allerlei von ihrem Leben. Sie gab Klavierlektio-
395 3534 3459 3714 nen; ihr Mann, ein Magistratsbeamter, war vor drei Jahren gestor-
387 3750 3439 3918 ben; und nun, verwitwet und kinderlos, wohnte sie in einer nahen
359 3850 3423 4046 Seitengasse, bei einer besseren Handwerkersfamilie. Im vergangs-
351 4014 3427 4201 nen Sommer hatte sie sich zum ersten Mal nach ihres Mannes Tod
359 4177 3391 4341 drei Wochen Urlaub gegönnt, die sie in einer kleinen wohlfeilen
347 4313 3479 4513 Sommerfrische nahe von Wien verbrachte. "Dort habe ich mich auch
343 4477 3455 4629 wieder verlobt“, setzte sie hinzu. „Es ist aber nichts draus ge-
343 4617 3399 4804 worden. Besser so,“ schloss eie schselsuckend, als sei sie kein
335 4804 3387 5016 besseres Schicksal gewohnt und nie eines besseren wert gewesen
