4264 5364
967 57 1150 288 xx
1775 349 2003 605 -57-
569 670 3644 906 und ihn mit der Mitteilung überraschte, dass Hofrat Palm aus Ge-
569 784 3559 1064 sundheitsrücksichten zu Beginn des nächsten Jahres in Pension
557 1020 3685 1227 gehen dürfte. "Sie werden, lieber Herr Sektionsrat", fügte er hin-
540 1202 3526 1381 zu, "schon in nächster Zeit dem Herrn Hofrat einen Teil seiner
532 1280 3644 1532 Agenden abzunehmen haben, und Doktor Renthal, der sich während Ih-
512 1471 3603 1678 rer Abwesenheit wirklich famos eingearbeitet hat, wird Sie in Ih-
504 1605 3656 1857 rem Referat vorläufig weiter vertreten." Sollte man damit gerech-
483 1751 3429 2003 net haben, dachte Robert flüchtig, dass ich nicht wiederkomme?
483 1901 3453 2149 Dann fiel ihm ein, dass Baron Prantner,der in Trauer gekleidet
488 2117 3636 2320 war, im Laufe des Sommers seine Frau verloren hatte. Obwohl Robert
467 2279 3579 2462 ihm schon von der Reise aus sein Beileid kundgegeben hatte,hielt
467 2429 3526 2624 er es doch für angebracht, auch jetzt einige Worte der Teilnahme
447 2604 3555 2775 zu äussern, Der Baron drückte ihm die Hand und sah zu Boden. Hm,
431 2758 3542 2974 dachte Robert, sollte er sie auch umgebracht haben? Das ist viel-
414 2884 3388 3096 leicht viel häufiger als man ahnt. Es wäre interessant diesen
414 3051 3421 3238 Dingen nachzugehen. Vielleicht ahnt er das Gleiche von mir und
382 3213 3473 3421 ist darum so auffallend liebenswürdig. Gibt es am Ende eine Art
366 3335 3417 3571 Freimaurerzeichen für uns Mörder? Sonderbar,er hält noch immer
349 3522 1263 3717 meine Hand fest...
837 3608 3563 3896 In diesem Augenblick trat Hofrat Palm ein. Robert erwie-
353 3802 3616 4014 derte den Willkommgruss des Hofrats mit Unbefangenheit und bald war
321 3989 3514 4152 zwischen den drei Herrn ein berufliches Gespräch im Gang, im Ver-
305 4140 3473 4306 lauf dessen Robert Gelegenheit nahm, seine Ideen zur Ungestaltung
301 4298 3384 4542 des musikalischen Unterrichtswesens vorzubringen. Man hörte ihn
292 4383 3287 4648 mit Interesse an. Nachher stattete er einigen Amtskollegen in
272 4538 3311 4830 ihren Kanzleien Besuche ab und manche beglückwünschten ihn zu
276 4773 3331 5046 seiner Genesung in so scherzhaften Ton, als hätten sie seine Er¬
