4440 5460
1721 305 2031 587 -101-
1202 579 1920 750 schon unwiderre
1226 698 3883 892 Robert atmete tief auf, wie wenn ihm ein Gnadengeschenk
754 765 1059 908 G.C.H.F.K
746 865 3903 1071 geworden wäre. Seine Augen feuchteten sich,er konnte seiner Thrä-
738 1015 3851 1210 nen nicht Herr werden, und unwiderstehlich hingezogen sank er dem
738 1154 3883 1376 Bruder schluchzend an die Brust. Eine Weile lag er so und spürte,
718 1337 3804 1503 wie gute, etwas schüchterne Hände ihm leise über die Haare stri-
730 1503 3871 1682 chen, so dass er ferner Kinderzeiten und längst vergessener elter-
726 1646 3740 1824 licher Zärtlichkeiten gedenken musste. Plötzlich aber - er war
726 1797 3907 1963 dieses wundersamen Gefühls von Geborgenheit sich kaum erst bewusst
718 1920 3800 2122 geworden - fuhr ihnder Gedanke durch den Kopf: Was bedeutet das?
710 2118 3748 2292 Warum hat er den Brief herausgesucht? Warum hat or ihn mir wie-
702 2249 3689 2455 dergebracht? Will er mich in Sicherheit wiegen? Ja. Das ist's.
682 2411 3736 2554 Er nimmt es auch ohne Brief auf sich. Diesen Brief haben gewiss
694 2515 3689 2745 schon Andere gesehen. Otto hat eine Abschrift genommen und sie
682 2725 3772 2907 sich vom Notar beglaubigen lassen. Er bedarf des Origitals nicht
670 2879 3645 3066 mehr. Nun denkt er, dass ich ihm nicht mehr entgehen kann. Nun
670 3010 3677 3232 bricht er den =Stab über mich. Seine Hände streicheln Über mein
654 3173 3760 3367 Haarj nicht Segen bedeutet das,-sondern Abschied und Urteil. Zu-
646 3351 3780 3526 gleich wusste er, dass alles darauf ankam sich jetzt nicht zu ver-
646 3478 3701 3704 raten. Und er blieb so lange am Halse seines Bruders hängen, bis
643 3661 3752 3839 er sich innen ich gefasst und seine Züge zum Ausdruck beruhigten
635 3808 3736 4010 Ernstes geordnet hatte. Dann machte er sich los und blickte sei-
607 3982 3641 4161 nem Bruder heiter ins Antlitz, das nun ein blasses, maskenhaftes
607 4109 3681 4319 Lächeln zeigte. War Otto in diesem Augenblick schon völlig ent-
611 4240 3768 4478 schlossen zu tun,wosu ihm jener Brief, den er hinterhältiger Weise
607 4371 3724 4648 zurückgebracht, Vollmacht erteilte? Darüber war sich Robert nicht
603 4577 3776 4787 im Klaren. Er wusste nur, dass dieser Entschluss, auch wenn er viel-
579 4756 3657 5005 leicht für den Augenblick ins Schwanken geraten, im nächsten xxx
