4856 5508
3003 240 3198 413 11
2409 487 2599 657 -2-
1871 818 2351 1016 reinstion
1496 748 1681 1016 it.
1619 991 4437 1210 Es klopfte; der Sektionsrat erwachte,und auf sein unwill-
1136 1194 4392 1388 kürliches "Herein" erschien ohneweiters der Kellner mit dem regel-
1136 1367 4462 1537 mässig für acht Uhr bestellten Frühstück in der Türe. Roberts erster
1140 1529 4363 1698 Gedanke war, dass er gestern Abend nun doch wieder vergessen hätte,
1136 1652 4259 1851 die Türe zu versperren; aber er hatte kaum Zeit einer Verstimmung
1128 1834 4247 2008 über dieses neuerliche Zeichen von Zesstreutheit nachzugeben, da
1124 1995 4309 2161 seine Aufmerksamkeit sofort durch die auf der Frühstückstasse ne-
1124 2148 4396 2359 ben Thee, Butter und Honig bereitliegenden Briefschaften in Anspruch
1111 2334 4334 2483 genommen wurde. Unter anderen,gleichgültigeren fand er ein Schrei-
1120 2437 4218 2636 ben seines Bruders vor, in dem dieser seiner Freude über das nahe
1107 2594 4259 2784 bevorstehende Wiedersehen Ausdruck gab und nach Mitteilung unwe-
1095 2735 4367 2958 sentlicher Familienneuigkeiten mit einer nicht unabsichtlichen Bei-
1087 2917 4309 3094 läufigkeit seiner kürzlich erfolgten Ernennung zum ausserordentli-
1091 3074 4288 3251 chen Professor Erwähnung tat. Robert setzte eine herzliche Glück-
1087 3247 4164 3408 wunschdepesche auf und liess sie ohne Verzug zum Amt befördern.
1087 3388 4292 3574 Wenn auch Berufspflichten und andere Lebensumstände den persönli-
1078 3540 4383 3747 chen Verkehr zwischen den Brüdern oft für Tage und Wochen zu unter-
1070 3710 4235 3883 brechen pflegten,es kam doch immer wieder ein Ereignis,das - oft
1066 3859 4305 4057 gerade in seiner Geringfügigkeit - sie beide ihre Zusammengehörig-
1066 4016 4259 4210 keit als unzweifelhaft und unauflöslich empfinden liess. Dem jün-
1053 4164 4259 4371 geren Bruder zumal wollten bei solchen Gelegenheiten alle anderen
1053 4317 4276 4520 abgelaufenen und noch bestehenden Beziehungen seines Lebens, Sogar
1053 4495 4338 4689 seine frühe Ehe mit einer trefflichen, nun längst verstorbenen Frau,
1053 4656 4214 4858 als solche von geringeren Rang erscheinen, und immer mehr glaubte
1049 4788 4317 5015 er das Verhältnis von Bruder zu Bruder nicht nur für sich als
