4120 5976
616 352 790 542 23
631 638 3539 913 Gil: I did not. I only copied them before mailing. I did'nt
909 805 3513 1035 want to lose them. There are some in my book which you
905 976 3580 1191 did'nt oven get. They were, in my opinion, too beautiful
924 1135 3313 1350 for you. You would'nt have understood them at all.
646 1269 3625 1517 Marg: Merciful Heavens; If this is so--(turning the leaves of
976 1451 3380 1610 Gilbert's book) Yes, Yes, it is so. Why, it's just
991 1614 3510 1781 like tolling the world that we two--Merciful Heavens!
1013 1755 3391 1963 (feverishly turning the leaves ) Is the letter you
1005 1922 3476 2078 sent me on the morning after the first night also....
994 2100 2456 2245 Surely. That one was—dazzling.
672 2118 876 2256 Gil:
998 2181 3254 2378 This is herrbile. Why this is going to create a
672 2300 950 2408 Marg:
998 2315 3665 2530 European sensation. And Clement--My God; I'm beginning
1013 2527 3536 2656 to hope that he will not come back. I am ruinedj And
1017 2701 3543 2857 you along with me. Wherever you are, he'll be sure to
1013 2808 3294 2990 find you and blow your brain out like a mad dog.
1024 2994 2979 3150 (packeting his book) Insipid comparison;
690 2961 879 3172 Gil,
1002 3090 3480 3291 How did you hit upon such an insane idea? To published
683 3209 942 3339 Marg:
1017 3287 3484 3447 the correspondence of a woman whom, in all Sincerity,
1072 3406 3543 3595 you professed to have loved! Oh, you’re a gentleman.
1083 3569 3076 3755 Quite charming. Have'nt you done the same?
694 3547 909 3780 Gil:
1072 3758 1651 3955 1’m a woman,
694 3803 953 3936 Marg:
1017 3873 2508 4051 Do you take refuse in that now?
701 3947 909 4077 Gil:
1031 4033 3599 4203 Oh, it's true. I have nothing to repmbach you with. We
694 4122 968 4248 Marg:
1035 4189 3714 4367 were made for one another. Yes, Clement was right. We're
1028 4341 3743 4519 worse tham those women who appear in flesh-colored tights.
1031 4485 3487 4682 Our most sacred feelings, our pangs -- everything--
1046 4678 3758 4804 we make copy of everything: P.Fui1 Pfuil It's sickening.
1043 4801 3758 4964 We two belong to one another. Clement would only be doing
1046 4934 3595 5116 the right thing if he drève me away. (suddenly) Came
1046 5175 1458 5287 Amandus.
1054 5328 1610 5446 What is it?
731 5331 935 5461 Gil.
1065 5342 2178 5595 1 accept your proposal.
727 5502 987 5654 Marg:
1061 5561 1766 5754 What proposal?
735 5632 957 5769 Gil:
