4040 5208
904 984 3757 1253 CIMOMS: certainly; do you believe there is no specialating
827 1235 3352 1377 among us? For some, life itself is only a business.
816 1355 3680 1570 Do you believe that a fellow like Saigrati has the elightest
823 1552 3494 1745 interest in the sport? He might just as well be on the
820 1665 3454 1887 stock exchange. As far as that is concerned, one could
823 1847 2919 1979 safely bet one hundred to one on Badekgast.
900 1964 3341 2157 MARGAPET: I found him looking wonderfully fit this
805 2164 1210 2303 morning.
904 2288 2696 2514 CLEMENS: Then she saw Badekgast too!
885 2463 3779 2605 MARGARET: Of course; did'nt Butters trot him around behind
787 2624 1552 2773 Busserl today?
900 2722 3658 2941 CLMENS: But Butters does'nt ride for Saigrati - that was
798 2944 3556 3086 a stable boy. In spite of his looks Badergast is a bluff.
798 3112 3728 3247 With your talent, Margaret, you will soon learn to distinguish
787 3236 3571 3385 between the genuine and the sham. It is indeed surpriseing
780 3381 3680 3571 how quickly pou have familiarised yourself with these things;
772 3556 2572 3702 it surpasses my wildestexpectations.
853 3717 3545 3848 MARGARET: (Angrily): Why does it purposes your expecta¬
791 3884 3465 4023 tions? You know very well that these things are not at
769 4026 3662 4179 all new to me. The very nicest people visited at my parents'
751 4190 3545 4354 home. The Prince Libonski and various others -- and then,
754 4307 1651 4493 with my husband —
853 4456 3695 4653 CLEMENS: Of course. personally I have nothing against the
