3864 5160
3322 335 3480 540 -4-
579 745 3440 939 I only thought, because she hasn't been out for three weeks.
1515 907 1792 1069 Haus.
590 1047 3476 1202 Let be. She is dead. Thank you very much for your sympathy.
597 1177 1933 1378 The Frau Councillor is dead.
835 1346 1526 1580 (He sit sits down)
1497 1497 1799 1666 Borr.
824 1648 2685 1871 (Very much overcome; takes off his cap)
579 1706 763 1925 On?
824 1940 1202 2102 (Pause)
1504 2109 1778 2292 Haus.
572 2242 3293 2404 Yes. She will never come to see us again, the Frau Coun-
569 2426 928 2638 cillor.
1497 2584 1781 2746 Borr.
569 2728 3221 2883 To think of her dying — Oh, my Lord! I never had an
569 2883 1547 3048 idea she was so ill.
810 3019 1637 3199 (Shakes his head)
565 3181 2462 3397 And she was still quite a young woman.
1475 3347 1763 3498 Haus.
547 3476 3250 3628 Young -- ah, dear old Borromaus -- well, she was seven
551 3638 3275 3815 years younger than I am, -- but I'm nearly sixty myself,
1475 3822 1745 3955 Borr.
536 3919 1116 4088 To be sure.
1465 4092 1760 4286 Haus.
500 4182 3138 4426 But people live to be a great deal older than the Frau
525 4390 1990 4624 Councillor -- that is a fact.
1472 4570 1760 4729 Borr.
522 4660 3318 4898 You know, sir, that I have seen the Frau Counciller nearly
