3592 5208
2957 463 3171 595 -25-
324 695 2554 919 tells the truth, I do not doubt it any longer.
570 898 1717 1051 (After someesitation)
314 1030 2202 1247 May I call your attention to one point?
1240 1229 1550 1357 Haus.
321 1354 602 1550 What?
1250 1510 1557 1699 Hein.
314 1635 2052 1845 This. Where my mother implores you
566 1803 1835 1974 (Pointing with his finger)
338 1956 2964 2134 'I entreat you,' -- not to let me know the contents of
328 2134 3025 2287 this letter: believe that she died a natural death. This
310 2280 3167 2437 letter was intended for your eyes alone -- not for mine, in
321 2447 812 2622 any event.
1236 2579 1546 2772 Haus.
314 2725 3035 2878 I intended it for you! I intended it fer you? I let you
289 2900 1820 3082 read it -- you 'll get over it.
1222 3050 1532 3224 Hein.
299 3196 3156 3381 And by your intreference you have destroyed the whole effect
314 3345 2982 3513 of this oftontaneous sacrifice. She did not intend me to
289 3530 3060 3716 feel that I had murdered her, to go through the world with
292 3684 3017 3805 her blood on my head! Perhaps you will come to feel that
292 3833 2978 3983 you have done not only me but her a vrong that outweighs
278 3983 552 4165 mine.
1176 4115 1575 4321 Haus.
2447 4172 2715 4311 were in
278 4275 3035 4450 I accept the personality - Heinrich. I have told you,
292 4446 3007 4678 You will get over it. It will not last long -- no, you
278 4578 1860 4841 will recover, live, create again.
