4152 5992
624 565 3122 748 Marg: It is not past, I have'nt given up my writing.
647 722 1051 920 Clem Ek?
976 871 3376 1021 I'm still going on with my writing or, rather, I've
651 897 938 1058 Marg:
968 983 3380 1163 finished writing another book. Yes, the impulse is
976 1122 3410 1335 stronger than most people realize. I really believe
983 1320 3511 1510 I should have gone to pieces, if it had'nt been for my
983 1481 1395 1675 uriting.
987 1619 2236 1817 What have you written now?
654 1630 953 1821 Clem:
654 1806 3402 1933 Marg: a novel. The weight was too heavy to be borno. It
987 1888 3522 2101 might have dragged me down--down. Until today I tried
998 2075 3428 2266 to hid it from you; but it had to come out at last.
1036 2243 2692 2419 Kunigel is immensely taken with it.
998 2419 1686 2598 Who's Kunigel?
677 2434 927 2561 Clem:
991 2580 1619 2744 My publisher.
673 2587 931 2755 Marg:
998 2707 2326 2849 Then it’s been read already.
673 2748 931 2909 Clem:
995 2838 3612 3036 Yes, and many more will read it. Clement, you will have
673 2916 950 3055 Marg:
1013 3051 2430 3159 cause to be proved, believe me.
1006 3137 3645 3327 You are mistaken, my dear. I think-but, tell me, what's
688 3163 957 3350 Clem:
1017 3313 1454 3492 it about?
1006 3428 3436 3619 I can’t tell you right off. The novel contains the
673 3481 950 3634 Marg:
1006 3630 3585 3780 greatest part, so to speak, and all than can be said of
1013 3769 1884 3959 the greatest part.
1017 3918 1765 4094 My compliment &
684 3926 968 4101 Clem:
688 3971 3477 4229 Marg: That's why I'm going to promise you never to piek up
1028 4225 2621 4468 a pen anymore. I don’t need.
688 4348 2333 4595 Clem: Margaretto, de you love me?
703 4472 3705 4685 Marg: What a question! r u and you only. though I have seen a
1009 4629 3567 4842 great deal, though I have added about a great deal, I
1013 4834 3522 5017 have experienced comparatively little. I have recited
1017 4984 2359 5189 all my life for your coming.
1024 5137 2314 5339 Well, let me have the book.
703 5115 987 5346 Clem:
1028 5275 2430 5485 Why – – why, what do you mean?
703 5302 950 5500 Marg:
1032 5335 3716 5616 I grant you, there was some excuse in your having written
714 5451 976 5657 Clem:
1036 5548 3668 5769 it; but it does'nt follow that it's got to be read. Lot
789 5702 3148 5859 me have it, and we'll know it into the fire.
