4152 5976
551 387 3696 583 Marg: (chagrined) Pray, why do I go beyond your expectations? All
935 544 3551 712 this, as you know, is not so new to me. At our house we
915 696 3551 892 entertained very good people--Count Libowski--and people
923 864 2621 1040 of that sort; and at my husband's--
579 978 849 1169 Clem:
915 1005 3767 1173 quite so. No question about that, As a matter of principle,
927 1142 3548 1342 you realize, I've no grædge against the ootton industry.
911 1299 3763 1459 Even if my husband happened to be the orner of a co:tton-mill,
575 1259 876 1482 Marg:
923 1467 3696 1658 that did'nt have to affect my personal outlook on life, did
911 1615 3716 1780 it? I always sought self-eulture in my own way. Now, don’t
911 1756 3708 1948 let's talk of that period of my life. It's dead and buried,
935 1901 1576 2100 thank Heaven;
911 2065 3317 2241 Yes. But there’s another period which lies nearer.
591 2065 860 2229 Clem:
927 2229 2257 2437 I know. But why mention it?
579 2261 841 2405 Marg:
923 2358 3602 2538 Well, I simply mean that you could'nt possibly have heard
587 2374 845 2542 Clem:
923 2554 3806 2710 much about sportmanship from your friends in Munich—at least,
915 2714 2300 2859 as far as I am able to judge.
911 2824 3591 3000 I do hope you will stop tormenting me about those friends
575 2855 845 2976 Marg:
911 2961 3070 3125 in whos company you first made mydesquaintance.
911 3137 3626 3321 Tormenting you? Nensensei Only, it’s incomprehensible to
591 3145 849 3270 Clem:
915 3289 2836 3493 me how you ever got amongst those people.
575 3454 845 3610 Marg:
935 3438 3454 3634 You speak of them as if they were a gang of criminals.
587 3598 880 3786 Clem:
915 3571 3630 3751 Dearest, I'd take my honor on it, some of them looked the
923 3735 3618 3927 very picture of pick-packets. Tell me, how did you manage
915 3864 3551 4064 to do it? I can’t understand how you, with your ‘refined
923 4048 3641 4224 taste--let alone your purity and the scent you used--could
896 4189 3716 4373 have tolerated their society: how you could have sat at the
915 4365 1932 4549 same table with them.
935 4490 2538 4654 (laughing) Did'nt you do the same?
563 4474 837 4662 Marg:
896 4623 3680 4846 next to them--not with them. And for your sake-merely for
587 4701 845 4877 Clem:
915 4815 3739 4991 your sake, as you know. To do them justice, however, I will
911 4948 3833 5139 admit that many bettered upon eloser aequaintance, There were
903 5108 3696 5300 some interesting individuals among them. You must'nt for a
903 5241 3841 5460 moment believe, dearest, that I hold myself superior to felks
915 5413 3907 5613 who happen to be shabbily dressed. That's nothing against them.
896 5550 3708 5761 ###t there was something in their conduct, in their manners,
892 5707 2390 5828 which was besitively Laevolting.
