3640 5096
3056 247 3243 454 16.
484 431 2557 576 For him your whole existence is naught else
487 606 2819 742 Than his art’s spur: for when his traitorous kiis
496 686 2397 873 Calls up the flow of love upon your face
511 849 2426 1048 'Tis but to paint a picture in its guide.
484 1048 2462 1227 And trust me, when this last completed is
487 1209 2664 1396 That still imperfect wants your Lord's return
478 1378 1859 1547 Then dies his love for you –
1218 1512 1544 1648 PAOLA
472 1613 2228 1815 I know it! I myself am nothing more:
460 1791 2225 1984 Am all exhaavsted: and the thing I was
457 1978 1859 2121 Now pulses in this picture –
621 2121 2141 2317 (She stands before the picture)
457 2272 2189 2438 It is a rddle here for me to solve.
460 2421 2364 2575 I look at mine own face and know it, yet
448 2602 2334 2732 I know it not. I no'er look so and yet
466 2747 2575 2869 I might look so. Some fate that is before me
460 2899 2320 3056 Might cast a I hadow on me like to this,
448 3032 2614 3166 Better or worse than all the past can show – –
448 3184 2349 3329 Than all l ever thought or felt or was-
443 3356 2617 3522 Some possibility with half-closed lids
437 3519 2685 3662 Lies here for life athirst. World he but come!
431 3665 2816 3805 Whence this fierce longing? Is it from my heart?
437 3790 2364 3986 Or from that woman's on the easel there?
425 3977 2346 4108 Thon art long away--too long Remigio--
425 4084 1328 4324 A year is endless.
413 4274 1705 4434 LIONARDO
407 4357 2346 4636 You dream, my Paola! Hardly three months
395 4565 1268 4716 Has he been gone.
