4072 5224
869 839 1663 1009 cetton business.
946 987 3681 1138 MARGAITET: What has the fact that my husband had a Cotton
894 1135 3711 1320 mill, to do with my own personal outlock? In my own way
861 1290 3730 1504 I have always furthered myself. But we won't speak of those
861 1442 2632 1600 days; they are long past, thank God.
939 1623 3282 1796 CLEMENS: But there are others which are nearer.
957 1752 2306 1952 MARGARET: certainly; why?
954 1937 3593 2085 CLEMENS: I only mean that you could'nt have heard much
846 2059 3800 2225 about sport from your friends in Munich, as far as I can judge.
954 2251 3648 2388 MARGARET: Wen't you stop reproaching me with the company
876 2373 1870 2562 which you met me?
939 2539 3652 2743 CLÉBENS: Reproaches? nothing of the sort. But I never
846 2695 3803 2887 will be able to comprehend how you came to be with such people.
924 2813 3463 3020 MARGARET: You talk just as if they had been a lot of
839 3001 1345 3171 ordinalea.
935 3138 3508 3308 CLBONS: Child, I give pou my word, some of them did
828 3308 3489 3471 clook likeÕgway robbers, It is incomprehensible to me
809 3460 3375 3648 how you, with your _refined taste, say for nothing but
832 3637 3460 3803 cleanliness and good aromas, could blndure to sit at the
828 3748 1867 3948 same table with them.
906 3940 2916 4118 MARGARET: (Laughing), Did'nt you do it?
917 4073 3667 4291 CLEMENTS: near them, my dear, not with them - yes, and for
817 4221 3541 4436 your sake, entirely for your sake, as you know very well.
806 4399 3781 4576 But I can’t deny that some of them improved on diser acquaint-
