3640 5160
477 967 3048 1169 by no more than the memory of a few wild nighta a few
487 1135 3079 1382 dous conversations in the walks of the English garden
483 1272 2040 1464 le I have made an art-work of it.
470 1433 1533 1618 ARGARET: I have, too.
459 1584 2085 1786 LIBERT: How? What do you mean?
463 1749 3017 1975 ARGARET: What you have achieved, I too have achieved.
459 1893 3103 2071 ave written a novel in which our former relations play a
453 2061 2805 2270 it, and our love - or what we called love - I have
459 2205 1416 2410 selved for eternity.
453 2366 2894 2578 ILBERT: were I in your place, I should'nt speak of
435 2527 2421 2702 nity before the second edition appeared.
439 2681 3178 2842 MARGARET: Well, it is different when I write a novel than
435 2890 898 3014 on you do.
435 2993 1632 3168 ILBERT: Oh, undoubtedly.
439 3168 3041 3326 MARGARET: For you are a man, free - you need not count
459 3309 3206 3487 bours in which you dare be an artist, and you don’t take
435 3460 1179 3634 future on it.
405 3610 1365 3775 SILBERT: and you?
411 3775 2973 3960 MARGARET: I have done so. Lese than half an hour ago
422 3919 2853 4125 mens left me because I confessed to him that I had
398 4080 1090 4262 ditten a novel.
387 4190 1783 4437 OILBERT: Left you for good?
415 4406 3172 4619 MARGARET: I don't know. It is possible. He went away in
