3656 5096
2928 450 3083 598 41
1562 916 1795 1086 Mag.
351 975 3249 1230 How could you have such a crazy idea. The letters of a woman
362 1230 3194 1399 whom you professed to love - - it’s easy to see that you are
336 1355 990 1580 no gentleman.
1518 1499 1780 1662 Gilb.
347 1603 1488 1813 It’s rich, upon my word.
1551 1662 2921 1898 Didn't you do the same thing?
1543 1861 1761 2031 Mag.
332 1887 986 2149 I am a woman.
1543 2131 1806 2271 Gilb.
336 2267 1728 2448 You Con behind that, do you?
1529 2419 1758 2581 Mag.
325 2544 3020 2732 It is true. I have nothing to repversch you with. We are
343 2792 3105 2884 worthy of each other. Yes Clement is right. We are worse
336 2895 3157 3091 than the women in the living Victures at Ponacher. Our most
325 3076 3128 3194 sacred feelings, our θriefs, we lay everything bare. Laugh.
321 3224 3283 3364 Laugh. My sehavier sickens me. We belong together, you and I
325 3401 2116 3567 Clement will do right to drive me out.
576 3500 1063 3711 (Suddenly)
325 3659 960 3822 Come Amandus.
1555 3800 1820 4029 Gilb.
303 3958 1123 4147 What do you mean,
1503 4058 1724 4272 Mag.
303 4317 1525 4464 I accept your proposition.
1499 4346 1772 4649 Gilb.
303 4545 1145 4797 What proposition.
