3848 5144
3150 335 3373 537 -18-
1405 901 1694 1092 Haus.
487 1045 3117 1229 You answer for yourself alone. When I say 'all of you,
487 1200 3117 1362 I know what I mean, and I mean what I say. -- There was
483 1355 3056 1535 a young fellow at the office once, the story is nearly
494 1521 3211 1694 ten years old now; he played a little in his &dds moments,
494 1651 3179 1860 the choral society brought out something of his – Franz
501 1809 3128 2007 Thomas, his name was. Well, his only child died, a boy
501 1993 2869 2133 seven years old, bright and handsome as a picture.
487 2115 3319 2278 I knew him, for he sometimes came with his mother to get his
483 2292 3301 2458 father home from the office. The child died, of diphtheria,
501 2418 3391 2638 in one night, and I went to offer my sympathy. He, the father
494 2591 3179 2750 I mean, was sitting at the piano and playing -- playing?
487 2724 3269 2933 The dead child was laid out in the same room, I saw it; and
483 2915 3272 3085 he didn’t even stop playing when I came in, but just nodded
494 3045 3269 3207 to me, and when I stood behind him he said Oftly, "Listen,
483 3204 3301 3395 Herr Hausdorfer, that is for my poor little son. The malody
483 3380 3272 3510 pleases me very much.” And the dead child was lying right
494 3521 3265 3719 there in its should -- it gave me shivers, I can tell you.
1420 3679 1679 3856 Hein.
739 3759 3355 4007 (Has been listening with visible interest and gratifica-
775 3982 1060 4112 tion)
494 4105 3337 4252 Yes, I can well understand how many very good men might feel
487 4267 2061 4494 a sort of horror at such a thing.
1409 4440 1683 4570 Haus.
458 4530 2400 4818 Herrer -- yes, that's the word for it!
