3368 5144
1203 243 1513 496 P.M.
257 869 2701 1048 Clemens valks in - a little strange - very cool and
257 1024 2448 1249 ghty). Ah, Mr.Gilbert, if I am not mistaken?
243 1171 2775 1340 SILBERT: You are right, Baron. I am on a trip to the
236 1337 2814 1558 th, and I could not deny myself the pleasure of paying
232 1477 1551 1674 respects to this dear lady.
218 1650 2772 1861 Levens: So? (Pause). I seem to have inturrupted a
218 1815 2758 2033 nversation - I am sorry. Please do not let me disturb
186 2107 1899 2297 GILBERT: Of what were we speaking?
190 2272 2856 2480 CLEMENS: perhaps I can help you to remember. In Munich
197 2399 1657 2606 by always spoke of their books.
179 2575 2800 2761 GILBERT: very good! I was actually speaking of my new
169 2730 355 2891 vel.
151 2916 2691 3078 CLEMENS: Please go ahead. One can speak to me about
172 3032 2832 3222 terature now; is it not so, Margaret? Is it a natural-
165 3226 2554 3366 tic novel - symbolical? Does it contain your own
155 3338 1928 3528 periences, or i. it an exaggeration?
127 3542 2951 3693 GILBERT: Well, in a certain sense, we all write of our own
130 3672 637 3838 periences.
120 3802 1766 4031 CLEMENS: Ah, that is interesting.
109 3989 2821 4172 GILBERT: Just as when one writes of a Nero, it is essen-
130 4140 2733 4355 al that one should, in his soul, have set fire to Rome.
106 4277 1090 4450 CLIMMENS: Naturally.
106 4481 2708 4626 GILBERT: Where else could one get hispiration, except
102 4622 2617 4833 om within? Where get character except from life?
