3928 5176
3525 303 3690 539 3.
1678 509 2135 686 LEONHARD
734 648 3671 985 More than that. The resemblance is remarkable—apart from the
746 832 1570 1049 dagger naturally.
1660 914 2064 1203 PAULINE
727 1075 3589 1341 Why naturally? (Smiling) One never can tell. (Looking in her
727 1300 3671 1566 caralogue) Number 726--Lady with Dagger--Unknown Artist, died
716 1409 1330 1645 about 1530--
1596 1570 2004 1832 LEONHARD
689 1652 1671 2004 These are your eyes
2435 1836 2881 2064 eestume I
1626 1824 2012 2105 PAULINE
686 2019 3570 2311 They might be at least. Let us stay here a while. I feel at
678 2214 1566 2446 home in this room.
1558 2319 2000 2600 LEONHARD
674 2469 1131 2630 Pauline -
1525 2604 1757 2716 did in
2727 2619 3147 2798 getten it.
1498 2690 1881 2873 PAULINE
648 2802 3548 3061 Not altogether on your account, in there, where the old Dutch
648 2993 3454 3199 and German  wasters hang I was not so happy – I have a sort
637 3132 3424 3360 of feeling of being at home here. I really believe I must
633 3263 3596 3473 have seen all these people somewhere. Lock at that old gentle-
618 3454 3428 3709 man (She points to a picture on the Right wall) He certainly
614 3589 3589 3889 looks as if he thought he knew me. I should not be at all sur-
599 3713 2109 3990 prised if he were to bow to me.
1450 3922 1869 4110 LEONHARD
678 3949 1326 4102 four husband's
2049 3862 2705 4140 my tonge todæs
573 3866 3585 4241 He may have been a guess at your house in the early days of the
562 4147 1229 4432 16th century.
1285 4316 2978 4492 to the present) Yes I can imagine it.
1409 4391 1802 4559 PAULINE
1858 4447 2117 4585 N. HARD
577 4432 3338 4720 Why not? My mother came from Florence. Well, they were
547 4672 3495 4953 prettier clothes then than now,--but this is not intended for
