4120 5976
611 245 783 359 24.
607 384 2440 702 Gil: Eh? What do you mean?
604 622 3531 874 Marg: (very much excited, put her hat on tightly) Everything
995 823 3703 981 can be as it once was. You've said it. It need'nt be the
988 962 2038 1153 Isar-well, I'm ready.
626 1142 3333 1303 Gil: Sheer madness! Out it--what's the meaning of this?
900 1270 3417 1434 Did 'nt you yourself say a minute ago that he'd find me
900 1438 3425 1577 anywhere. If you're with me, he’ll have no difficulty
911 1555 3436 1727 in finding you too. I would'nt it be better if each....
948 1705 3465 1888 Wirdch! Now you want to leave me in the a lurchj Why,
626 1687 896 1895 Marg:
915 1855 3512 2064 only a few minutes ago you were on your knew before me.
904 2056 2001 2217 I have you no conscience?
637 2151 3351 2349 Gil: What's the use? I am a sick nervous man added to
959 2353 3516 2492 hypochondria – –(Margarett at the window utters a cry)
640 2477 3168 2642 Gil: What's up? What will the general's widow think?
959 2653 2239 2821 It's ho. He's coming back.
637 2675 900 2832 Marg:
955 2817 1650 2989 Well, then--
633 2821 845 2967 Gil:
977 2938 2100 3117 What? You intend to go?
629 2971 893 3128 Marg:
970 3073 3037 3264 I didn't come here to pay the baron a visit.
655 3106 863 3297 Gil:
637 3242 3575 3421 Marg: He'll encounter you on the Guirs. That would be worse.
937 3392 2766 3564 ta. I refuse to be saorified alone.
918 3501 3633 3714 Now don’t lese your senses. Why do you themble like that?
640 3531 893 3747 Gil-
940 3710 3692 3834 It's quite absurd to believe that he’s already gone through
926 3831 3560 4039 both novels. Calm yourself. Remove your hat. Off with
929 4010 3410 4186 yourrsloak. (assists her) If he catches you in this
937 4164 2857 4339 faame of mind, he can't help but suspect.
977 4306 3637 4493 It's all the same to me. Better new than later. I can’t
637 4310 911 4478 Marg:
940 4445 3644 4625 bear waiting and waiting for the terrible event. I'm going
918 4581 2565 4764 to tell him everything right away.
655 4745 878 4932 Gil:
922 4760 1485 4954 Everything?
981 4906 3516 5082 Yes. And while you are still here. If I make a clear
644 4939 904 5108 Marg:
937 5038 3201 5250 breast of everything now maybe he’ll forgive me.
937 5214 3476 5382 And me--what about me? I have a higher mission in the
648 5184 874 5411 Gil:
918 5331 3425 5554 world, I think, than to suffer myself to be shet down
929 5521 3377 5667 like a mad  by a jealous baron. (the bell rings)
640 5656 1851 5854 Marg: It’s he! It's hei
