3608 5064
2785 528 2953 721 27
1264 870 1673 1108 e Gilb.
242 1127 3068 1309 Indeed - - may be - - They are often kind to a pretty woman.
1383 1268 1614 1413 Mag.
231 1406 3101 1592 Kind. Did they apreise my points from kindness of heart. What
260 1577 1580 1778 about hour own opinion -?
1413 1744 1662 1863 Gilb.
242 1882 3031 2016 by opinion, I do not have to take it back. I may remember
242 1993 3232 2205 however that the couple of pretty versus you wrote were writteni¬
260 2187 937 2391 innour da- - -
1350 2332 1580 2514 Mag.
242 2492 1811 2659 So you think it was owing to you.
1402 2622 1677 2748 Gilb.
264 2715 3127 2979 would you have written them if I had not been there: Weren't
264 2953 1183 3154 they written to me.
1402 3101 1629 3276 Mag.
242 3232 424 3403 No.
1372 3384 1647 3559 Gilb.
264 3477 1945 3741 What, not to me. This is lmonstrous.
1450 3700 1673 3886 Mag.
260 3804 1804 4050 No, they were not written to you.
1417 4009 1692 4113 Gilb.
260 4072 3087 4321 I am going mad' Shall I recall, Mag, preciseements which
271 4332 1714 4537 were the occasion of the poens.
1409 4459 1621 4630 Mag.
279 4492 1673 4842 They were written to an ideal.
