3683 5272
449 890 1293 1075 vou have ever had.
509 990 3194 1293 MARGARET: To think that I tolerated such nonsense for a
438 1254 712 1446 year!
506 1307 3219 1542 GILBERT: Tolerated? You revellod in it. Don't be un-
434 1542 3152 1695 grateful; I'm not. The despicable way you Inhaved in the
445 1663 3241 1859 end cannot spoil the memory of it. I will say more; it was
445 1863 1079 2073 a part of it.
516 2023 1795 2169 MARGARET: You don't say!
513 2172 3365 2297 GILBERT: I still owe you this confession: Just at the time
434 2333 3148 2475 you began to turn from me, as you became housesick for the
424 2418 3113 2685 stables, la nostalgie de l'ecurie - just then, as far as
434 2578 3230 2756 any deeper feelings were concerned, I was through with you.
427 2735 3294 2927 It is characteristic of you that you did'nt notice it in the
434 2913 3241 3070 least. I was through with you - yes, I simply did not need
434 3088 3009 3291 you any more. All that you could give, you had given.
424 3212 3148 3462 Your mission was donnfilled, and you knew it in the 18pths
424 3369 2390 3615 of your soul - you knew it unconsciously.
559 3572 2742 3725 MARGARET: I beg of you, do not be so bitter.
531 3700 3244 3875 GILBERT: (Undaunted) Your time was up; our intimacy had
434 3818 2910 4088 run its course... I am not sorry to have lived you.
531 4060 1410 4202 MARGARET: But I?
516 4074 3283 4323 GILBERT: It is in these little remarks that a connoisseur
442 4295 3024 4555 discerns the fundamental difference between the artist
442 4427 3166 4697 and the dilectant. For you,jearet, ou asseciation is
