3848 5176
3221 375 3386 518 -7-
1448 704 1737 883 Haus,
529 854 3403 1022 Oh yes, — you mean, Borromaus, that I used to do more than
536 1044 3260 1226 that, and so I did, -- but nothing better. I used to go
529 1223 3350 1323 in town every day, and sit at a desk from eight to two, and
529 1405 2570 1552 something as late as three or four o’clock.
1455 1519 1730 1698 Borr.
533 1634 3207 1791 It must be pretty bad, to sit in one place for six hours
529 1855 3243 1966 every day, -- I used to City you, sir, when you got back
529 1956 2957 2170 out in the country so late. And then in winter –
1444 2138 1734 2270 Haus.
508 2267 2999 2435 But what's a man to do, Borromaus? There's another
522 2435 3253 2592 fællow in my place now, and if he outlives his usefulness,
511 2592 3225 2724 like me, he'll get a pension too, and there’11 be another
518 2738 3167 2885 new man at the desk. It doesn’t matter who fits there,
522 2892 3275 3042 though, it's all the same thing. But ah, that's a differ¬
518 3071 3214 3207 ent kind of man from us, Borromaus,! Is pensioned of, the
508 3203 3207 3346 place is pretty certain to wait a long time to be filled.
511 3360 3225 3514 Yes, yes, a man like that has to consider what he owes to
529 3518 1727 3686 the world, eh, Borromaus?
1659 3672 1877 3818 Bor.
500 3807 1051 3990 To be sure.
1652 3961 1952 4126 Haus.
493 4115 3107 4265 You don't think so at all, you simply don't understand,
493 4261 2928 4426 not in the least. Didn’t you ever notice Heinrich?
486 4397 3289 4565 never saw the halo round his head, eh? There, you see! – –!
