3544 5080
153 424 2441 614 Ah gratious Heav 'n that brought this thing to me
149 587 2076 803 grant me one hour of calm within my soul,
289 756 2013 955 power for my hands to work my will.
527 879 3014 1124 (He goes to door and looks it, then comes down to his
531 1045 2991 1200 easel. Paola remains in her position until a sudden
501 1200 3117 1393 darkness falls upon the stage again and the bell begins
511 1343 3174 1535 to toll again. In a few oments the little gallery room
514 1539 3127 1715 is revealed again, and the bell stopes when the stage is
501 1651 3157 1890 light once more. Pauline and Leonhard are meated on the
501 1850 3150 2020 divan with their faces towards the picture on the centre
511 1990 832 2146 wall.)
1157 2106 1535 2348 PAULINE
123 2146 1101 2527 Dost thou remember —.
1151 2401 1605 2607 LEONHARD
116 2497 1177 2789 Pauline where are you?
1247 2563 2026 2772 You're dreaning?
1134 2726 1549 2951 PAULINE
136 2825 988 3101 (As if in a dream)
955 3005 3034 3313 It comes again, all that we once have lived,
955 3187 2152 3396 Lionardo—must it be so--
1098 3353 1525 3545 LEONHARD
136 3402 1486 3771 Pauline-Pauline what is it?
1084 3664 1482 3837 PAULINE
126 3714 849 4086 (As if awaking)
799 3953 2166 4192 Leonhard! (She looks around)
93 4261 2205 4484 You seem to have lost yourself for a moment?
1002 4474 1366 4643 PAULINE
295 4593 594 4805 ment or
