3496 5096
2908 316 3069 551 33
1450 903 1696 1101 Mag.
213 1057 3146 1204 I forbid you to speak so about him. You don’t understand him
213 1241 576 1428 at all.
1307 1325 1597 1509 Gilb.
202 1487 382 1663 Ha!
1402 1604 1634 1825 Mag.
213 1751 3157 1979 You donÕt know why he doesn’t want me to write points. He lives
213 1993 3146 2137 me. He feels that I move in a world from which he is excluded;
202 2159 2988 2265 he is deshamed that I should bare my soul to the gaze of the
217 2324 2985 2452 curious; he wants me for himself alone; all to himself, and
217 2478 3058 2603 that is why he blustered out - no he did not bluster, Clement
217 2629 1755 2775 isn’t the kind of man to bluster.
1413 2783 1678 2897 Gilb.
206 2908 3014 3073 Well observed. But he is gone; we will not quarrel over the
195 3088 2926 3253 method of his departure. And he's gone because he cannot
213 3231 3080 3436 endure that you should give your creative faculties full play.
1388 3356 1604 3568 Mag.
187 3513 3128 3679 If he only understood it so. But on the surface it isn't that.
195 3682 2786 3811 I could be the best and most royal and noblest woman in
213 3855 2328 3991 the world if I could only meet the right man.
1454 3976 1725 4108 Gilb.
187 4090 2908 4347 Well, at any rate, you admit that he is not the right man.
1373 4248 1604 4435 Mag.
176 4369 1032 4600 I didn't say so.
