<?xml version="1.0" encoding="UTF-8" standalone="yes"?>
<PcGts xmlns="http://schema.primaresearch.org/PAGE/gts/pagecontent/2013-07-15" xmlns:xsi="http://www.w3.org/2001/XMLSchema-instance" xsi:schemaLocation="http://schema.primaresearch.org/PAGE/gts/pagecontent/2013-07-15 http://schema.primaresearch.org/PAGE/gts/pagecontent/2013-07-15/pagecontent.xsd">
    <Metadata>
        <Creator>prov=READ-COOP:name=TrHtr:version=2.1.0:model_id=51170:date=14_08_2023_19:59</Creator>
        <Created>2023-05-10T15:29:58.369+02:00</Created>
        <LastChange>2023-08-14T19:59:51.953+02:00</LastChange>
        <TranskribusMetadata docId="1429072" pageId="55436553" pageNr="68" tsid="132824011" status="IN_PROGRESS" userId="64420" imgUrl="https://files.transkribus.eu/Get?id=HILAVJIAYEFCQLOGMXZEJTTC&amp;fileType=view" xmlUrl="https://files.transkribus.eu/Get?id=AGIGUTIFIUFJBIEGTXHWDETV" imageId="44710542"/>
    </Metadata>
    <Page imageFilename="1429072_0068.jpg" imageWidth="3624" imageHeight="5064">
        <ReadingOrder>
            <OrderedGroup id="ro_1711797599577" caption="Regions reading order">
                <RegionRefIndexed index="0" regionRef="tr_1"/>
                <RegionRefIndexed index="1" regionRef="tr_2"/>
            </OrderedGroup>
        </ReadingOrder>
        <TextRegion id="tr_1" custom="readingOrder {index:0;}">
            <Coords points="274,445 3170,445 3170,2512 274,2512"/>
            <TextLine id="tr_1_tl_1" custom="readingOrder {index:0;}">
                <Coords points="2840,545 2862,545 2876,531 2902,545 2927,545 2938,535 2964,545 2974,535 2993,535 2993,404 2967,400 2960,407 2949,396 2916,389 2880,422 2840,422"/>
                <Baseline points="2860,495 2950,495 3003,495"/>
                <TextEquiv>
                    <Unicode>28</Unicode>
                </TextEquiv>
            </TextLine>
            <TextLine id="tr_1_tl_2" custom="readingOrder {index:1;}">
                <Coords points="1364,1018 1400,1018 1462,996 1527,1015 1549,1004 1571,1011 1600,989 1625,989 1625,840 1556,844 1542,833 1491,869 1454,855 1411,876 1364,865"/>
                <Baseline points="1385,979 1475,979 1564,973 1636,985"/>
                <TextEquiv>
                    <Unicode>Gilb.</Unicode>
                </TextEquiv>
            </TextLine>
            <TextLine id="tr_1_tl_3" custom="readingOrder {index:2;}">
                <Coords points="495,1171 647,1204 691,1178 742,1218 1167,1175 1233,1207 1273,1175 1335,1196 1400,1167 1400,1040 1287,1018 1193,1055 1080,1004 1000,1047 825,996 709,1044 618,1011 495,1058"/>
                <Baseline points="513,1146 603,1134 692,1140 782,1140 871,1134 961,1134 1051,1134 1140,1134 1230,1134 1319,1134 1409,1134"/>
                <TextEquiv>
                    <Unicode>(Points to himself)</Unicode>
                </TextEquiv>
            </TextLine>
            <TextLine id="tr_1_tl_4" custom="readingOrder {index:3;}">
                <Coords points="1411,1302 1440,1309 1462,1302 1491,1331 1531,1327 1542,1338 1578,1309 1589,1320 1618,1316 1611,1193 1556,1200 1520,1185 1494,1204 1440,1175 1400,1185"/>
                <Baseline points="1427,1277 1516,1283 1606,1289 1624,1289"/>
                <TextEquiv>
                    <Unicode>Mag.</Unicode>
                </TextEquiv>
            </TextLine>
            <TextLine id="tr_1_tl_5" custom="readingOrder {index:4;}">
                <Coords points="262,1484 2887,1476 2887,1375 2647,1320 262,1371"/>
                <Baseline points="280,1439 298,1439 388,1451 477,1451 567,1445 656,1445 746,1445 836,1439 925,1439 1015,1439 1104,1439 1194,1439 1283,1439 1373,1433 1463,1433 1552,1439 1642,1433 1731,1433 1821,1433 1910,1433 2000,1433 2090,1427 2179,1427 2269,1427 2358,1427 2448,1421 2537,1421 2627,1421 2717,1421 2806,1421 2896,1427"/>
                <TextEquiv>
                    <Unicode>Whose chance fepresentation on earth you happened to be.</Unicode>
                </TextEquiv>
            </TextLine>
            <TextLine id="tr_1_tl_6" custom="readingOrder {index:5;}">
                <Coords points="1429,1633 1462,1644 1531,1596 1545,1607 1585,1607 1596,1596 1651,1614 1694,1607 1694,1505 1640,1487 1633,1498 1618,1491 1589,1516 1574,1509 1545,1527 1516,1516 1487,1524 1462,1505 1425,1516"/>
                <Baseline points="1445,1582 1534,1582 1624,1582 1701,1588"/>
                <TextEquiv>
                    <Unicode>Gilb.</Unicode>
                </TextEquiv>
            </TextLine>
            <TextLine id="tr_1_tl_7" custom="readingOrder {index:6;}">
                <Coords points="255,1778 2680,1789 3036,1749 3040,1589 2156,1680 258,1618"/>
                <Baseline points="274,1755 358,1755 447,1755 537,1749 627,1749 716,1749 806,1749 895,1743 985,1743 1074,1743 1164,1737 1254,1737 1343,1737 1433,1737 1522,1737 1612,1737 1701,1737 1791,1737 1881,1737 1970,1731 2060,1731 2149,1737 2239,1731 2328,1731 2418,1725 2508,1725 2597,1725 2687,1725 2776,1725 2866,1719 2955,1719 3045,1725"/>
                <TextEquiv>
                    <Unicode>Ha, that’s rich? Where did you get it. A Frenchman would</Unicode>
                </TextEquiv>
            </TextLine>
            <TextLine id="tr_1_tl_8" custom="readingOrder {index:7;}">
                <Coords points="262,1945 1305,1909 1498,1985 1578,1964 1578,1818 1494,1793 262,1825"/>
                <Baseline points="280,1904 334,1904 423,1899 513,1899 603,1899 692,1899 782,1899 871,1899 961,1899 1051,1899 1140,1899 1230,1893 1319,1893 1409,1893 1498,1887 1588,1881"/>
                <TextEquiv>
                    <Unicode>say "C'est de la literature"</Unicode>
                </TextEquiv>
            </TextLine>
            <TextLine id="tr_1_tl_9" custom="readingOrder {index:8;}">
                <Coords points="1364,2087 1429,2102 1480,2145 1534,2138 1545,2124 1589,2138 1585,1985 1560,1982 1538,1996 1527,1985 1498,1985 1433,1934 1404,1949 1360,1945"/>
                <Baseline points="1379,2042 1469,2036 1558,2042 1594,2042"/>
                <TextEquiv>
                    <Unicode>Mar.</Unicode>
                </TextEquiv>
            </TextLine>
            <TextLine id="tr_1_tl_10" custom="readingOrder {index:9;}">
                <Coords points="498,2254 593,2280 658,2247 742,2284 825,2251 876,2273 905,2244 935,2262 1040,2236 1080,2258 1175,2229 1175,2116 1084,2138 1015,2116 895,2153 785,2113 684,2145 498,2087"/>
                <Baseline points="519,2203 555,2203 644,2203 734,2203 824,2197 913,2197 1003,2197 1092,2197 1182,2191"/>
                <TextEquiv>
                    <Unicode>(Macking him.)</Unicode>
                </TextEquiv>
            </TextLine>
            <TextLine id="tr_1_tl_11" custom="readingOrder {index:10;}">
                <Coords points="284,2382 3000,2374 3029,2233 284,2236"/>
                <Baseline points="304,2340 346,2346 435,2352 525,2352 615,2352 704,2352 794,2346 883,2346 973,2346 1062,2346 1152,2340 1242,2340 1331,2334 1421,2334 1510,2334 1600,2334 1689,2328 1779,2328 1869,2328 1958,2328 2048,2322 2137,2322 2227,2322 2317,2328 2406,2322 2496,2322 2585,2322 2675,2322 2764,2322 2854,2317 2944,2317 3033,2322"/>
                <TextEquiv>
                    <Unicode>"Ce Nöest pas de la literature“. It's true, it’s perfectly</Unicode>
                </TextEquiv>
            </TextLine>
            <TextLine id="tr_1_tl_12" custom="readingOrder {index:11;}">
                <Coords points="269,2534 3160,2484 3160,2378 273,2422"/>
                <Baseline points="292,2502 304,2502 394,2502 483,2502 573,2496 662,2502 752,2496 842,2496 931,2496 1021,2496 1110,2496 1200,2496 1289,2496 1379,2490 1469,2490 1558,2490 1648,2484 1737,2484 1827,2478 1916,2478 2006,2478 2096,2478 2185,2478 2275,2472 2364,2472 2454,2472 2543,2466 2633,2466 2723,2466 2812,2466 2902,2466 2991,2466 3081,2466 3170,2466"/>
                <TextEquiv>
                    <Unicode>true - or do you really think that thẽ slender youth' was meant</Unicode>
                </TextEquiv>
            </TextLine>
        </TextRegion>
        <TextRegion id="tr_2" custom="readingOrder {index:1;}">
            <Coords points="280,2565 3218,2565 3218,4805 280,4805"/>
            <TextLine id="tr_2_tl_1" custom="readingOrder {index:0;}">
                <Coords points="265,2676 2658,2691 3120,2651 3171,2531 265,2604"/>
                <Baseline points="286,2663 310,2657 400,2657 489,2651 579,2651 668,2651 758,2645 847,2645 937,2645 1027,2645 1116,2645 1206,2645 1295,2639 1385,2639 1475,2633 1564,2633 1654,2633 1743,2633 1833,2633 1922,2633 2012,2627 2102,2627 2191,2627 2281,2621 2370,2621 2460,2621 2549,2621 2639,2621 2729,2615 2818,2615 2908,2615 2997,2615 3087,2615 3176,2621"/>
                <TextEquiv>
                    <Unicode>for you - that I sang of your curls? You were about even then</Unicode>
                </TextEquiv>
            </TextLine>
            <TextLine id="tr_2_tl_2" custom="readingOrder {index:1;}">
                <Coords points="262,2825 615,2825 687,2887 1494,2785 2022,2844 2171,2804 2174,2731 265,2745"/>
                <Baseline points="280,2812 298,2812 388,2806 477,2806 567,2806 656,2800 746,2800 836,2800 925,2800 1015,2794 1104,2794 1194,2788 1283,2788 1373,2788 1463,2782 1552,2782 1642,2782 1731,2782 1821,2782 1910,2776 2000,2776 2090,2776 2179,2782"/>
                <TextEquiv>
                    <Unicode>and those things there were never curls.</Unicode>
                </TextEquiv>
            </TextLine>
            <TextLine id="tr_2_tl_3" custom="readingOrder {index:2;}">
                <Coords points="495,3007 1389,3044 1516,2974 1593,3029 1931,2960 1931,2840 1836,2891 1785,2851 1622,2894 1182,2858 745,2927 498,2844"/>
                <Baseline points="519,2955 597,2955 686,2955 776,2950 865,2950 955,2950 1045,2944 1134,2950 1224,2944 1313,2944 1403,2938 1492,2938 1582,2938 1672,2938 1761,2932 1851,2938 1940,2944"/>
                <TextEquiv>
                    <Unicode>(She catches him by the hair.)</Unicode>
                </TextEquiv>
            </TextLine>
            <TextLine id="tr_2_tl_4" custom="readingOrder {index:3;}">
                <Coords points="498,3156 2469,3124 2749,3211 2840,3185 2844,2989 1909,2964 847,3062 502,2996"/>
                <Baseline points="519,3111 609,3111 698,3111 788,3105 877,3105 967,3099 1056,3099 1146,3099 1236,3093 1325,3093 1415,3093 1504,3087 1594,3087 1684,3087 1773,3087 1863,3087 1952,3087 2042,3087 2131,3081 2221,3081 2311,3081 2400,3075 2490,3075 2579,3075 2669,3075 2758,3075 2848,3081"/>
                <TextEquiv>
                    <Unicode>(Gilb. takes the opportunity of hissing her hand.)</Unicode>
                </TextEquiv>
            </TextLine>
            <TextLine id="tr_2_tl_5" custom="readingOrder {index:4;}">
                <Coords points="1422,3360 1473,3353 1542,3327 1593,3345 1622,3334 1644,3338 1640,3189 1600,3193 1571,3182 1538,3193 1509,3167 1498,3174 1473,3153 1415,3160"/>
                <Baseline points="1439,3242 1528,3242 1618,3248 1648,3242"/>
                <TextEquiv>
                    <Unicode>Mag.</Unicode>
                </TextEquiv>
            </TextLine>
            <TextLine id="tr_2_tl_6" custom="readingOrder {index:5;}">
                <Coords points="498,3473 575,3509 625,3487 800,3527 920,3440 1015,3469 1084,3418 1156,3433 1156,3349 1109,3327 756,3349 698,3338 618,3273 498,3269"/>
                <Baseline points="519,3415 537,3415 627,3415 716,3415 806,3409 895,3409 985,3409 1074,3409 1164,3409"/>
                <TextEquiv>
                    <Unicode>(more gently)</Unicode>
                </TextEquiv>
            </TextLine>
            <TextLine id="tr_2_tl_7" custom="readingOrder {index:6;}">
                <Coords points="269,3662 560,3687 811,3578 967,3567 1349,3665 1476,3622 1480,3469 1255,3509 898,3476 796,3527 273,3480"/>
                <Baseline points="292,3571 322,3565 412,3577 501,3571 591,3565 680,3565 770,3565 859,3565 949,3559 1039,3559 1128,3553 1218,3553 1307,3553 1397,3547 1486,3553"/>
                <TextEquiv>
                    <Unicode>What's the matter any way?</Unicode>
                </TextEquiv>
            </TextLine>
            <TextLine id="tr_2_tl_8" custom="readingOrder {index:7;}">
                <Coords points="1447,3753 1476,3745 1513,3753 1549,3734 1604,3738 1636,3716 1698,3738 1698,3654 1658,3651 1611,3636 1593,3618 1574,3622 1556,3611 1516,3618 1494,3640 1447,3647"/>
                <Baseline points="1469,3696 1558,3696 1648,3696 1707,3702"/>
                <TextEquiv>
                    <Unicode>Gilb.</Unicode>
                </TextEquiv>
            </TextLine>
            <TextLine id="tr_2_tl_9" custom="readingOrder {index:8;}">
                <Coords points="276,3945 2789,3880 2971,3858 2971,3731 280,3814"/>
                <Baseline points="298,3887 382,3881 471,3875 561,3875 650,3875 740,3869 830,3869 919,3869 1009,3863 1098,3863 1188,3857 1277,3857 1367,3857 1457,3857 1546,3851 1636,3851 1725,3851 1815,3851 1904,3845 1994,3845 2084,3845 2173,3845 2263,3845 2352,3839 2442,3839 2532,3839 2621,3839 2711,3833 2800,3833 2890,3833 2979,3833"/>
                <TextEquiv>
                    <Unicode>You thought them so then. At all events, you called them</Unicode>
                </TextEquiv>
            </TextLine>
            <TextLine id="tr_2_tl_10" custom="readingOrder {index:9;}">
                <Coords points="287,4124 1335,4014 2982,4054 3207,4022 3211,3920 291,3945"/>
                <Baseline points="310,4042 352,4042 441,4036 531,4036 621,4036 710,4030 800,4024 889,4024 979,4024 1068,4018 1158,4018 1248,4018 1337,4012 1427,4012 1516,4012 1606,4007 1695,4007 1785,4001 1875,4001 1964,4007 2054,4001 2143,4001 2233,4001 2322,3995 2412,3995 2502,3995 2591,3995 2681,3995 2770,3989 2860,3989 2950,3989 3039,3983 3129,3983 3218,3989"/>
                <TextEquiv>
                    <Unicode>curls. Well, yes, one says anything for exphony, for the sake</Unicode>
                </TextEquiv>
            </TextLine>
            <TextLine id="tr_2_tl_11" custom="readingOrder {index:10;}">
                <Coords points="273,4247 807,4262 1258,4156 2731,4182 2891,4149 2891,4058 1218,4014 953,4156 276,4116"/>
                <Baseline points="292,4198 298,4198 388,4186 477,4186 567,4186 656,4180 746,4174 836,4174 925,4186 1015,4180 1104,4162 1194,4156 1283,4156 1373,4156 1463,4156 1552,4150 1642,4150 1731,4156 1821,4150 1910,4150 2000,4150 2090,4150 2179,4150 2269,4144 2358,4144 2448,4138 2537,4138 2627,4138 2717,4138 2806,4138 2896,4138"/>
                <TextEquiv>
                    <Unicode>of the rhyme. Didn’t I once call you “My Clever Madrid”</Unicode>
                </TextEquiv>
            </TextLine>
            <TextLine id="tr_2_tl_12" custom="readingOrder {index:11;}">
                <Coords points="295,4367 2898,4324 2931,4225 295,4258"/>
                <Baseline points="316,4341 334,4341 423,4341 513,4335 603,4335 692,4329 782,4323 871,4323 961,4317 1051,4317 1140,4317 1230,4311 1319,4311 1409,4311 1498,4305 1588,4305 1678,4305 1767,4305 1857,4305 1946,4305 2036,4305 2125,4305 2215,4305 2305,4299 2394,4299 2484,4293 2573,4287 2663,4287 2752,4287 2842,4287 2932,4293"/>
                <TextEquiv>
                    <Unicode>a sonnet? And you weren't really - - No, no, I won't be</Unicode>
                </TextEquiv>
            </TextLine>
            <TextLine id="tr_2_tl_13" custom="readingOrder {index:12;}">
                <Coords points="280,4538 2654,4513 2956,4454 2960,4309 284,4418"/>
                <Baseline points="304,4496 370,4490 459,4490 549,4490 638,4484 728,4478 818,4472 907,4472 997,4472 1086,4466 1176,4460 1266,4460 1355,4460 1445,4460 1534,4454 1624,4454 1713,4454 1803,4454 1893,4454 1982,4454 2072,4454 2161,4448 2251,4448 2340,4448 2430,4448 2520,4448 2609,4442 2699,4442 2788,4436 2878,4442 2967,4448"/>
                <TextEquiv>
                    <Unicode>unfair, - - you certainly were olever, congressly olyver,</Unicode>
                </TextEquiv>
            </TextLine>
            <TextLine id="tr_2_tl_14" custom="readingOrder {index:13;}">
                <Coords points="284,4669 2934,4636 3105,4531 1494,4462 1127,4585 284,4534"/>
                <Baseline points="304,4645 334,4645 423,4640 513,4640 603,4640 692,4634 782,4628 871,4622 961,4622 1051,4616 1140,4616 1230,4610 1319,4610 1409,4604 1498,4610 1588,4604 1678,4604 1767,4604 1857,4604 1946,4604 2036,4604 2125,4598 2215,4598 2305,4598 2394,4598 2484,4598 2573,4592 2663,4592 2752,4592 2842,4586 2932,4586 3021,4586 3111,4586"/>
                <TextEquiv>
                    <Unicode>odiously olever. And you have prospered - Besides it's not</Unicode>
                </TextEquiv>
            </TextLine>
            <TextLine id="tr_2_tl_15" custom="readingOrder {index:14;}">
                <Coords points="298,4887 775,4807 1305,4869 1549,4771 3047,4793 3171,4782 3174,4651 302,4713"/>
                <Baseline points="322,4795 400,4789 489,4789 579,4789 668,4789 758,4789 847,4783 937,4777 1027,4771 1116,4771 1206,4765 1295,4771 1385,4765 1475,4759 1564,4759 1654,4759 1743,4759 1833,4759 1922,4759 2012,4759 2102,4753 2191,4753 2281,4753 2370,4753 2460,4747 2549,4747 2639,4747 2729,4741 2818,4735 2908,4735 2997,4735 3087,4735 3176,4735"/>
                <TextEquiv>
                    <Unicode>surprising. You always were a snob. Vell, you have your wish</Unicode>
                </TextEquiv>
            </TextLine>
        </TextRegion>
    </Page>
</PcGts>
