3800 5096
1648 767 1896 955 Cle.
501 895 2582 1140 And the race doesn't come off for six weeks.
1648 1087 1875 1286 Mag.
483 1200 2433 1460 He evidently thinks it a dead sure thing.
1641 1385 1868 1587 cle.
483 1509 2770 1758 How quick she’s picked up the slang? Well done!
1623 1729 1872 1886 Mag.
483 1836 3313 2056 I knew some slang before I knew you! But is it settled that
469 2017 1495 2170 you ride "Lord Byron"
1634 2131 1854 2301 cle.
494 2312 3143 2472 What a question! Why it's for the Ladies Cup! Who else
483 2489 3310 2596 could ride him. And if Horner didn’t know that I was niding
476 2624 3171 2795 he would not have taken one half to one, let me tell you.
1634 2749 1854 2926 Mag.
483 2880 3239 3058 I am sure of it. You look so splendid on horse-back. You
476 3058 3331 3239 bowled me over. I shall never forget you at Munich, the very
476 3264 1023 3416 day we met.
1619 3285 1854 3541 cle.
469 3491 3129 3676 Don't remind me of that day. I was on Peck-Windish would
465 3676 3285 3864 never have won if he hadn’t had a start of ten lengths. But
469 3871 3313 4027 this time! Well - and the following day we begin our journey.
1609 3956 1847 4155 Mag.
465 4056 1207 4272 In the evening.
1626 4233 1872 4428 Cle
458 4372 1065 4613 Heally, why?
