3720 5112
395 547 1641 754 PAULINE
1660 536 2647 795 self to take me away.
299 728 3016 924 (As if dazed) What is the matter with me? Where am I? I
288 924 3116 1090 stepped – – (as if slowly awakening) Well – I stopped because
277 1024 1704 1238 I had no more to say--goodtye,
366 1179 569 1349 me.
998 1198 1697 1382 LEONHARD
281 1334 1844 1582 (As if hurt) What does that mean?
314 1464 625 1634 Alwaye d
1223 1523 1634 1682 PAULINE
255 1612 2107 1863 It means that this is our last meeting.
510 1778 950 1981 the first
1223 1804 2983 2037 LEONHARD  life I promised to
1101 1992 2972 2159 motion, every lightesttshade of feeling.
248 1944 732 2125 The last?
839 1963 1031 2140 G.C.H.F.S
266 2088 1016 2266 gave him this pr
1168 2122 2957 2277 PAULINE change to do the same.
240 2244 2994 2502 Yes. I leave for Italy tomorrow morning with my husband.
266 2384 1050 2595 And this morning
1153 2428 1589 2606 LEONHARD
237 2536 1493 2750 And when do you return?
266 2709 466 2887 This
695 2724 1072 2913 ing I to
1135 2728 1549 2920 PAULINE
225 2894 1704 3075 I do not know.—never for you.
248 3009 1090 3219 And what did he sa
1198 3049 1623 3242 LEONHARD
203 3153 3053 3460 Pauline, you are j Eking surely--that was not in our compaot.
233 3301 1057 3500 Did I not tell you
1190 3327 2576 3537 PAULINE
214 3445 2720 3689 It could not be. I knew it only this morning myself.
370 3622 1020 3807 line, do von s
1127 3652 2443 3837 LEONHARD- over forgive you?
189 3759 3127 3988 Then what has happened? ——tell me....I cannot understand-
314 3933 599 4136 G:C:H:F:D:T:
643 3937 2118 4155 I have forPAULINEin much more.
181 4125 3016 4343 It is simply that I do not care to imperil my peace of mind,
181 4265 3083 4480 my life’s happiness, my life itself perhaps, for- what is it
181 4399 3064 4687 they call it?--”For one short hour of bliss--“ will make you
189 4569 1896 4768 Bepent it for the rasLEONHARD life.
170 4661 3142 4957 And your husband? What does he think of this sudden decision?
