3768 5096
512 683 3320 900 he’s no through-bred. Well, Margaret, with your Cbilities,
502 861 3335 1028 you’ll soon know a good thing from a bad one. It wattes me
516 1032 3331 1217 how quickly you’ve picked up all these things. It surpasses
495 1149 1708 1327 my greatest expectations.
1648 1306 1886 1491 Mg.
744 1459 1189 1676 (Crossly)
498 1648 3107 1826 Why should it intpass your expectations. You know very
498 1762 3114 1982 well that these things aren’t perfectly new to me. Mary
488 1929 3206 2103 people of high standing visited my father - Count Libowski
498 2075 2552 2249 and many others, and at my husband’s house –
1644 2256 1858 2406 Cle.
477 2413 3203 2623 Of course, - of course, I have nothing against the woollen
480 2559 932 2708 business.
1616 2740 1847 2858 Mag.
466 2815 3335 3061 What has the woollen business to do with my personal point of
466 3028 3085 3185 view. I developed along my own lines. But don’t let us
477 3142 2897 3345 talk of those days  They are far off, thank heaven.
1619 3335 1851 3473 Cle.
441 3416 2562 3605 Yes but there is another time not so far off.
1601 3662 1822 3769 Mag.
445 3719 1046 3929 Which - how.
1605 3883 1833 4068 cle.
445 4036 3246 4238 You surely heard little sporting news in your set at Munich.
1584 4203 1822 4381 Mag.
431 4342 3164 4527 Are you going to repversch me with knowing the people I did
427 4512 2402 4680 at Munioh, when you met me there yourself,
