3784 5176
628 968 3171 1143 -u were as enraged as I. We agreed that Neuman was an
624 1119 3272 1301 liot. "How can that nothing dare"; those were your very
617 1252 3202 1456 rds - "to define your limits? How dare he venue to
628 1414 3311 1606 rangle your next book in smbryo?" And today you identify
614 1557 2189 1754 Jurself with those story peddlers.
614 1736 3174 1922 MARGARET: I beg of you, don't yeti so - my landlady -
607 1859 3294 2059 GILBERT: It is not my business to brother about Generals'
589 2034 2133 2217 dows when my nerves are on odge.
596 2196 3350 2389 MARGARET: What did I say? I can't understand your being
624 2332 1136 2518 sensitive.
589 2483 3136 2641 GILBERT: Sensitive! You call me sensitive? You? A
579 2655 3202 2827 man who would get the worst chills if the smallest chap
547 2827 3209 2978 on anyalele sheet would dare to say an ill word of her.
565 2992 3353 3150 MARGARET: I don't remember that an ill word ever appeared
558 3143 933 3297 bout me.
572 3272 3392 3416 GILBERT: No? Well, in a way you may be right. A man is
526 3472 2841 3665 always gallant where a pretty woman is concerned -
565 3606 3374 3781 MARGARET: Gallant? Was it out of gallantry that my points
530 3767 2262 3939 praised - and your own opinion?
565 3893 3304 4083 GILBERT: Mine? I don't have to take that back. Let me
523 4065 3227 4230 femind you that you wrote your two bestSchms in cur time.
