3656 5080
2915 241 3132 435 19.
491 574 2282 744 Of Medici xx o'er-full of passion are
479 747 2309 885 And over-gallant: when an artist comes
485 882 2721 1021 Like him with name and fame from distant parts,
476 1021 2838 1194 They'll wait all night, 'tis said, before his door
482 1165 1821 1371 Gottl their turn shall come.
1262 1321 1694 1500 LIONARDO
479 1494 2477 1674 What is’t to you with whom Remigio sleep?
1262 1641 1541 1803 PAOLA
465 1794 2803 1994 True Lionardo! To live the making hours together
479 1944 2379 2121 That alone has meaning! Yet, 'tis true
462 2118 2465 2250 Experienceussches that some nightly level
462 2262 2291 2427 Though insignifficant it seems will oft
462 2406 2465 2585 Obtrude itself into the day's bright light
462 2553 2503 2738 And plume and pride itself, as it had life.
1256 2712 1665 2909 LIONARDO
438 2871 1897 3044 Paola, yesternight thou were 't
1203 3024 1488 3200 PAOLA
450 3162 1668 3350 Thine thou wilt say?oee--
444 3324 2459 3515 Dare but to speak it now the down is come!
444 3468 2400 3662 Didse hear from me a single word of love?
426 3627 2294 3832 Did'st hear me murmur as the others do
462 3800 2488 3959 "I've waited for these-theo alone I love--?
438 3927 2568 4109 There came no other sound from out these life
424 4121 2244 4294 But only stified cries of wanton lust.
424 4268 2262 4444 It is no more and therefore never was.
729 4382 2285 4588 Will LIONARDO saw Remigie
406 4553 2153 4762 No Paola, it was and therefore is,
429 4680 2297 4877 And always will be as my right to thee.
