3336 5144
2804 155 2970 458 26
119 657 2865 895 GILBERT: From what you say, I take it that he is not the
108 870 1321 1050 ight man for you either?
130 1036 1527 1213 MARGARET: I did'nt say that.
123 1173 2721 1328 GILBERT: Do you realize that he simply enslaves you -
112 1299 2782 1490 salls you to earth; that to satisfy his ego, he weeks to
112 1462 2898 1653 estroy your individuality? Think of thejearet you once
97 1610 2930 1830 here! Think of the freedom in which you mightWelop - with
108 1815 2833 1981 which you leved me. When I think of thoseies tolented people
108 1949 2923 2104 with whom you associated at that time; of the follows who
105 2089 2984 2284 sembled about me, who were also yours. Do you never long to
101 2237 2598 2421 return? Do you never think of the little room, with
101 2375 2959 2566 the balcony under which the Isar marmurs? (He has taken her
115 2587 1505 2757 and and draw a closer to her).
141 2746 1072 2916 MARGARET: Oh God!
159 2865 3031 3039 GILBERT: It can be so again. I will make you a proposition,
112 3039 2891 3233 Margaret. If he comes back, tellhim there are still urgent
101 3212 2844 3399 matters for you to attend to in Munich, and spend that time
112 3327 3017 3515 with me. Margaret, you are so beautiful. We will again be as
108 3504 2930 3699 happy as we once were. Do you remember, (very near), "I hung
112 3688 974 3858 about your neok" -
144 3822 2851 3980 MARGARET: No, no. Go, go, I say, I no longer love you.
159 3973 2858 4161 GILBERT: Oh, ah, I beg your pardon. (Pause). Good bye,
