3320 5144
2480 176 2676 437 11
282 809 1233 1023 ARGARET: (Geta up).
286 1006 2962 1198 LEMENS: All is well - everything in order. I assure you
276 1150 2789 1350 you need to do is to telephone one word to Künigel -
272 1305 2652 1481 ave arranged everything with him. We will have it
255 1460 1736 1629 acD to a pulp. Is that a go?
238 1615 2862 1805 ILBERT: Whom will you have reduced to a pulp, if I may
224 1918 2896 2132 LEMENS: Oh, you already know of it? At any rate, your
203 2056 1605 2269 radeship did'nt get very far.
214 2245 2789 2407 ILBERT: There is nothing left for me but to beg your
207 2376 1450 2559 don ; I really am ashamed.
200 2566 2724 2731 LEMENS: I regret very much that you had to witness a
189 2717 2021 2889 me which I might almost call domestic.
196 2876 2893 3061 ILBERT: I do not wish to intrude further. Madam, Baron,
186 3034 2955 3206 aehow you that any misunderstanding between us has vanähed,
172 3196 2934 3351 a slight proof of my appr ciation to you, Baron, may I now
176 3320 1347 3502 sent you with my novel?
148 3495 2707 3661 OLMMENS: You are very kind, Mr.Gilbert. I must admit
162 3647 2600 3840 at German novels are not a falling of mine. This is
158 3798 2783 4005 last one that I shall read, or rather, the next to the
114 4071 2070 4277 MARGARET and GILBERT: Next to the last?
121 4243 792 4422 OLEMENS: Yes.
103 4411 2004 4615 MARGARET: And which shall be the last?
