3816 5048
2780 417 3121 649 10
522 841 1990 1000 beYond meat and drink and wool.
1664 982 1903 1196 cle.
511 1138 3310 1312 Yes, yes, but that was three years ago, and you wrote these
500 1309 1392 1522 poems after that -
1660 1454 1889 1624 Mag.
529 1591 1577 1769 consider my position -
1682 1787 1881 1921 cle.
511 1928 3426 2084 What was it? You had no privations to relure- In that respect
500 2084 3368 2211 your husband behaved very decently you’ll admit. You did not
500 2237 3016 2403 have to carn your living, and even if they paid you a
500 2385 3136 2577 hundred a poem you weren't obliged to write such a book.
1653 2545 1878 2668 Mag.
500 2632 3237 2856 Dear Clem. When I said "condition " I didn't refer to the
500 2820 3237 2965 physical; I referred to my mental condition. Have you the
500 2998 3378 3136 least idea - - When we met, matters began toürprove - I had
500 3136 3234 3328 made new interests, - but at the first. I was so restless
500 3317 3183 3469 and so helpless - I tried all sorts of things ; I took up
500 3433 3350 3585 painting - I even gave lessond in English at the house where
500 3618 3273 3748 I boarded. think of it - to be a divorced wife at two and
511 3766 1704 3908 twenty with no one - - -
1664 3886 1870 4042 Cle.
504 4031 1932 4216 Vhy didn’t you stay in Vienna.
1628 4205 1907 4386 Mag.
2668 4205 2980 4288 -
493 4346 3281 4524 I had quarrelled with my family. Nobady understood me - Oh
471 4499 3056 4651 those people. Not one of them thought that there was
500 4647 3255 4825 anything more to ask for than a husband, pretty clothes and
