4168 6024
934 496 1356 709 Indeedi.
589 508 868 736 Marg:
922 616 3565 856 I owe you an explanation. This: At the moment when you
612 717 822 876 Gil:
942 802 3565 980 were beginning to Grift away from me, when home-sickness
946 922 3460 1132 for the stables gripped you--la mostalgie de l'ecurie-
946 1089 3298 1302 at that very moment I was forwardly done with you.
942 1275 1500 1472 Impossible.
620 1298 880 1457 Marg:
957 1364 3654 1569 You failed to notice the least sign in your characteristic
628 1461 825 1608 G11
953 1550 3476 1755 way. I was done with you. To be plain, I didn't need
965 1728 3356 1914 you any longer. What you had to give, you gave me.
976 1860 3445 2058 Your uses were donfilled. In the Iepths of your soul
953 2019 2604 2205 you know, unconsciously you knew--
953 2193 2104 2368 Please don't get so hot.
636 2201 903 2379 Marg:
953 2313 3460 2530 (unruffled) That our day was over. Our relations had
651 2379 876 2538 Gil:
969 2406 3530 2658 served their purpose. I don't regret having levied you.
647 2678 1248 2840 Marg: I do;
980 2774 3499 2922 Capital! This measly outburst must revealed to a man of
655 2813 880 2976 Gil:
980 2895 3332 3135 any insight just one thing: the essential line of
988 3026 3418 3274 difference between the artist and the dillotante To
1004 3208 3433 3429 you, Margareton, our lisson means nothing more than
992 3313 3701 3561 the memory of a few abandoned elghts, a few heart-to-heart
1008 3530 3577 3747 taiks in the tortous ways of the English garden. But
1000 3712 2836 3902 I have made it over into a work of art.
1011 3860 1511 4065 So have I;
674 3860 938 4022 Marg:
1004 4026 2058 4204 Eh? What do you mean?
678 4046 911 4228 Gil:
1008 4154 3577 4336 I have done what you have done. I, too, have written a
690 4200 957 4340 Marg:
1004 4262 3542 4483 novel in which our relations are depteted. I too have
1015 4410 3592 4654 embalmed our love-or what we thought was our love--for
1004 4623 1465 4817 all time.
694 4731 3739 4976 Gil: If I were you, I would'nt talk of 'for all time' before the
969 4886 2546 5127 appearance of the secondKdition.
682 5041 3798 5220 Marg: Your writing a novel and my writing & novel are two differ-
984 5231 1534 5421 ent things.
713 5371 1325 5611 Gil: Maybe.
1046 5537 1279 5739 dans une lettre est
589 5688 856 5874 dans le dernier des
