3832 5176
3053 361 3251 480 -13-
459 762 3139 946 You will understand me, And I am so thankful to you for
459 914 3165 1127 my mother's sake -- you were so much to her, you beauti-
459 1080 2193 1304 fied all the last years of her life?
1391 1254 1673 1402 Haus.
719 1380 1311 1546 (Turns away)
488 1517 3154 1691 Yes, yes. But go on, You went to Munich, looked at the
484 1716 1951 1878 ée tures and found consolation.
1405 1850 1691 2012 Hein.
488 1925 3016 2149 Only as long as I stayed in the cool stillness of the
480 2160 3038 2316 gallery. I'd hardly gotten into the street when the
495 2316 3157 2471 effect vanished. And then the evenings -- the endless
499 2449 3071 2637 lonely evening! I tried to work, to think – it was
509 2608 2222 2756 impossible. I was completely upset.
733 2782 1626 2973 (Pause.  He rises)
477 2919 1582 3114 How long will it last?
1420 3081 1712 3248 Haus.
499 3186 2886 3378 It must be Irightful, if one is so used to work –
1423 3407 1716 3522 Hein.
499 3533 3273 3674 Used to work? -- But I'm not, any more. That is just it.
495 3645 3396 3833 For two or three years I have been perfectly unable to accom-
506 3826 2756 3988 plish anything whatever. You know yourself --
1434 3992 1709 4169 Haus
553 4140 1600 4378 Yes, yes, to be sure.
1431 4335 1712 4487 Hein.
488 4433 3370 4624 It was ant utter impossurslity. To see a being one lives, to
499 4624 3320 4808 see one's mother, suffer, suffer like that, and know she is
