4104 5192
1747 923 2715 1056 LITERATURE.
1405 1074 3042 1232 A Comedc In One Act.
1986 1254 2430 1370 Margaret,
1993 1419 2384 1525 Clemons,
1997 1574 2394 1673 Gilbert.
1437 1711 3761 1835 Comfortable, but modestly furnished room in which
1211 1789 3711 1919 Margaret lives. A small fire-place, a table, a small
1197 1870 3627 1986 writing table, an arm chair, a cabinet, two windows
1204 1947 3898 2074 in backward, doors right and left. Clemens reclines in
1197 2032 3627 2148 an easy chair by the fire. He is dressed in a very
1222 2109 3528 2229 spart sack suit. He smokes aselarett and reads
1218 2187 3718 2299 the paper.jearet stands at the window, then walka
1215 2264 3567 2391 back and forth, causes behind Clemens and runs her
1215 2349 3704 2465 fingers through his hair. She seems somewhat oneasy.
1215 2423 3873 2535 Clemens continues reading, takes her hand and kisses it
989 2585 3690 2676 Horner is sure of his game, or rather, my game; Waterloe
982 2740 3761 2852 five to one, Barometer twenty-to- one, Busserl seven to ono,
972 2923 2046 3000 Attila sixteen to one,
1067 3049 2387 3155 MARGARET: Sixteen to one!
1074 3187 3902 3352 CLEMENS: Lord Byron one and a half to one; that is ours, my
989 3394 1243 3483 dear.
1067 3518 1958 3634 MARGARET: I know.
1078 3623 3824 3806 CLEMENS: At that we still have six weeks before the race.
1085 3806 3648 3975 MARGARET: He evidentlyibsiders it a dead certainly.
1085 3947 3792 4113 CLEMENS: How well she knows all the expressions! Bravo!
1067 4113 3796 4243 MARGARET: I know all of those before I knew you. By the
1000 4254 3754 4447 way, has it been decided that you will ride Lord yourself?
