4040 5192
2682 197 2875 424 : 11: 1:
858 886 3627 1103 always had such decided ideas ofulgance; they remind me
852 1048 2200 1255 of those in the Witzblatter.
927 1207 2168 1407 MARGARET: Clem., please!
948 1358 3692 1582 CLIMENS: Well, we shall see. (Reads further): "Badergast
852 1555 1644 1710 fifteen to one."
965 1672 3296 1831 MARGARET: Badergast? But he is not in the race.
948 1824 2258 2024 CLEMENS: How do you know?
958 1986 2679 2182 MARGARET: Szigrati told me himself.
952 2144 2020 2331 CLEMENS: How? where?
948 2310 3678 2468 MARGARET: Why, this morning on the Freudenau, while you
865 2455 1972 2651 were talking to Milner.
948 2624 3651 2792 OLIMENS: Szigrati is notthe right person for you to know.
958 2761 1948 2941 MARGARET: Jealous?
958 2899 3534 3117 CLMENS: Not at all. For that matter, from now on I
865 3072 3579 3265 shall simply present you as my francee. (Margaret kisses
855 3241 1117 3423 him).
952 3330 3299 3575 CLERENS: Tell me, what did Seigrati say to you?
958 3565 3403 3713 MARGARET: That he will not enter Badergast for the
858 3692 1751 3878 lady's price race.
952 3872 3627 4040 CLIMENS: Well, you can't believe all Saigrati says; he
858 4016 3389 4209 spreads the report that Badergast won't enter, simply
858 4168 2062 4358 to make the odds greater.
941 4323 3285 4527 MARGARET: Not really - that's like specialing!
