3608 5096
1358 971 1600 1138 Mag.
253 1138 549 1296 What?
1408 1329 1686 1463 Gilb.
271 1463 2958 1607 Will you have it in paraphrase. Unluckily I cannot find a
253 1640 3117 1784 bettær word. And it was so unnecessary, Margaret. It might
242 1780 3149 1918 have been done fairly with equal case. You weren’t obliged to
260 1921 2355 2091 v anish from Münich in 'the night and the mist.
1398 2062 1607 2199 Mag.
231 2178 3019 2373 It wasn’t night or mist. I left in bright delight at half
217 2355 1838 2535 past eight o'clock in the morning.
1398 2503 1658 2690 Gilb.
217 2636 2820 2860 Meverthelesm, we might have said good-tye, mightn’t we?
488 2806 971 3001 (He sitz.)
1379 2994 1629 3142 Mag.
231 3109 1928 3337 Ths Baron may come in at any moment.
1333 3250 1611 3474 Gilb.
235 3423 3048 3593 my not. You certainly never told him that you once laid in
224 3593 3117 3756 my arms and adored me. I am merely an olddesuaintance from
217 3759 2987 3878 Municht and an olddesuaintance may come to soe you, may he
206 3889 444 4030 not?
1343 4027 1607 4189 Mag.
213 4160 2087 4355 Any other old dcquaintance, but not you,
1361 4312 1632 4492 Gilb.
231 4445 3015 4640 "Thy not. You still understand me. I am really here only as
224 4633 3030 4882 an old﻿acquaintance. everything else is past, long past - -
