3704 5112
1462 712 1698 986 Mag.
236 761 1316 1057 It's he. He's coming.
1462 1072 1747 1308 Gilb.
229 1155 724 1353 Well - -
1432 1361 1653 1582 Mag.
214 1451 1230 1679 What. Are you going.
1421 1698 1702 1837 Gilb.
195 1773 2620 2077 I had no intention of paying the gentleman a visit.
1406 1953 1638 2182 Mag.
180 2126 3190 2347 He'll meet you on the Guirs. That will be worse. I refuse to
180 2238 1252 2444 the the only sacrifice.
1417 2448 1706 2613 Gilb.
165 2500 3179 2812 Don't be crazy. Why are you trembling? He can’t have read both
157 2752 3096 3006 keks yet. Some to your senses. Take off your hat. Off wi th
150 2860 645 3048 your doat.
382 3029 1170 3231 (He help her. E)
135 3153 2568 3419 If he finds heu in this state he'll certainly guess.
1323 3408 1552 3561 Mag.
112 3535 2939 3771 I don't care. letter now than hereafter - I cannot wait for
105 3625 1496 3917 horrers, I will tell him all.
1312 3839 1563 4056 Gilb.
101 3932 371 4127 All.?
1290 4086 1529 4349 Mag.
101 4236 2864 4517 Yes, if you are present. If I confess honorably now he may
94 4461 630 4648 forgive me.
1241 4536 1511 4817 Gilb.
86 4690 2965 4956 And I - and I? I have better things to do in life than to let
