3832 5160
3030 333 3267 542 -10-
1363 828 1650 974 Haus.
446 931 2135 1094 I understand. Where have you been?
1366 1097 1657 1271 Hein.
439 1250 1632 1476 I went to Salzberg first,
1374 1430 1632 1593 Haus.
432 1579 874 1738 Did you?
1363 1738 1657 1897 Hein.
432 1905 3126 2053 Once before I had found the place soothing -- a city of
446 2032 1735 2223 consolation, in very truth.
1366 2195 1653 2386 Haus.
432 2361 3055 2510 Oh, there is such a place? What a wonderful thing it
432 2513 1568 2666 would be if there were.
1366 2634 1650 2818 Hein.
439 2775 3101 2959 Yes, under certain conditions, Salzberg is such a place;
432 3002 3246 3175 and to tell the truth, I did not go there at tandem, Seven
432 3105 3126 3274 or eight years ago I lived through a most distressing and
421 3246 3168 3434 painful experience, -- you will understand me, Herr Haus-
432 3405 3161 3586 dorfer, when I say it was such an experience as I thought
432 3572 3119 3721 could never be converted to good in this world — and I
439 3742 3246 3936 undertook a journey to Salzburg. That very afternoon, as I
439 3855 3087 4050 was soulking alone in the charming rococe garden in Hell-
439 4036 3161 4206 brunn, my distress seemed suddenly alleviated; and when I
432 4181 3278 4347 woke in the morning I was like a personherled of a disease,
428 4354 1558 4542 and able to work again.
