3848 5192
3281 431 3533 643 -23-
1501 732 1784 930 Haus.
589 887 3267 1081 Then you really don't know? Can't imagine? -- When you
585 1048 2093 1264 speke of it yourself, just now?
1515 1228 1759 1432 Hein
607 1386 1034 1594 Of what?
1515 1490 1791 1712 Haus.
596 1648 3400 1867 Why didn't you tell me how it affected you, and you thought
589 1849 1860 2071 your mother didn't see it?
1508 1992 1756 2165 Hein
600 2161 1443 2341 What did she see?
1526 2323 1799 2470 Haus.
596 2448 3105 2606 That her suffering upset you, that you couldn’t work,
600 2603 3181 2761 that you were worried for fear it might be all up with
614 2761 3170 2937 your art, that you -- you? -- were the tortured, the
589 2958 2739 3141 martyred one -- she saw all that, and so – –
1526 3098 1824 3263 Hein.
607 3217 2229 3443 And so --! But it is impossible!
1515 3396 1791 3586 Haus.
592 3529 3249 3708 Impossible? She was your mother, that made it possible.
1522 3719 1809 3877 Hein.
582 3759 3457 4017 No, Herr Hausdorfer, Your grief makes you imagine what could
596 3992 3270 4146 not possibly be true. I grant that the condition of my
600 4132 3486 4330 mind was no secret to my mother, I was so greatly distressed;
592 4269 2628 4527 but that there could be any ground for --
