3624 5176
2877 460 3114 625 -21-
285 721 1264 979 would have known it.
1178 955 1504 1126 Haus.
261 1106 3022 1305 How? Couldn't one "empty a bottle of laudanum and be found
278 1270 2857 1432 dead in bed next morning -- if the family expected it
268 1422 700 1634 already?
1178 1569 1477 1720 Hein.
268 1655 2953 1902 You speak as if you knew -- did my mother express any...
1174 1851 1470 2043 Haus
254 2019 2270 2239 I am not mistaken -- let that
1188 2180 1456 2356 Hein
268 2307 2891 2486 Sinne you have said so much,Herr Hausdorfer, it is only
268 2510 718 2654 natural -
1181 2623 1470 2819 Haus.
251 2730 2459 2991 I am sure of it -- don't question me further!
1181 2939 1456 3152 Hein
261 3090 2455 3286 Ah, yes. The letter, on her writing-table –
1195 3248 1470 3420 Haus.
518 3413 1243 3633 (Nods his head)
251 3561 470 3715 Yes.
505 3702 862 3942 (Pause)
1181 3866 1452 4048 Hein
505 4024 1016 4213 (Overcome)
309 4127 2757 4412 Yes -- yes. And yet, why should I be so surprised?
488 4351 913 4546 (Pause)
275 4502 2881 4653 When I have asked myself, how often, in those terrible
251 4677 2926 4862 nights -- yes, I confess it to you, at the risk of your
