<?xml version="1.0" encoding="UTF-8" standalone="yes"?>
<PcGts xmlns="http://schema.primaresearch.org/PAGE/gts/pagecontent/2013-07-15" xmlns:xsi="http://www.w3.org/2001/XMLSchema-instance" xsi:schemaLocation="http://schema.primaresearch.org/PAGE/gts/pagecontent/2013-07-15 http://schema.primaresearch.org/PAGE/gts/pagecontent/2013-07-15/pagecontent.xsd">
    <Metadata>
        <Creator>prov=READ-COOP:name=TrHtr:version=2.1.0:model_id=51170:date=14_08_2023_20:00</Creator>
        <Created>2023-05-10T15:30:04.396+02:00</Created>
        <LastChange>2023-08-14T20:00:01.731+02:00</LastChange>
        <TranskribusMetadata docId="1429072" pageId="55436732" pageNr="103" tsid="132824049" status="IN_PROGRESS" userId="64420" imgUrl="https://files.transkribus.eu/Get?id=WJHOWLGAIZSDHVXZZRVLJAZE&amp;fileType=view" xmlUrl="https://files.transkribus.eu/Get?id=DGKFIJDFUPSZXETLFDFDOSYU" imageId="44710721"/>
    </Metadata>
    <Page imageFilename="1429072_0103.jpg" imageWidth="4168" imageHeight="6024">
        <ReadingOrder>
            <OrderedGroup id="ro_1711797683036" caption="Regions reading order">
                <RegionRefIndexed index="0" regionRef="tr_1"/>
                <RegionRefIndexed index="1" regionRef="tr_2"/>
                <RegionRefIndexed index="2" regionRef="tr_3"/>
            </OrderedGroup>
        </ReadingOrder>
        <TextRegion id="tr_1" custom="readingOrder {index:0;}">
            <Coords points="549,320 3588,320 3588,3030 549,3030"/>
            <TextLine id="tr_1_tl_1" custom="readingOrder {index:0;}">
                <Coords points="528,397 547,393 577,408 600,408 607,393 645,386 678,412 693,408 705,420 727,416 720,319 682,326 611,292 585,307 562,300 551,311 525,315"/>
                <Baseline points="549,370 638,376 728,382 734,382"/>
                <TextEquiv>
                    <Unicode>15.</Unicode>
                </TextEquiv>
            </TextLine>
            <TextLine id="tr_1_tl_2" custom="readingOrder {index:1;}">
                <Coords points="540,776 3354,735 3549,705 3553,581 2462,502 2087,656 543,675"/>
                <Baseline points="561,764 644,764 734,764 823,758 853,758 871,752 961,752 1050,752 1140,746 1229,752 1319,746 1408,746 1498,740 1588,740 1677,734 1767,728 1856,728 1946,722 2035,722 2125,722 2214,716 2304,710 2394,704 2483,698 2573,698 2662,698 2752,692 2841,686 2931,686 3020,680 3110,674 3200,674 3289,674 3379,668 3468,662 3558,656"/>
                <TextEquiv>
                    <Unicode>Gil: Why? Why do you persist in misunderstanding me? I assure</Unicode>
                </TextEquiv>
            </TextLine>
            <TextLine id="tr_1_tl_3" custom="readingOrder {index:2;}">
                <Coords points="828,941 2597,929 3508,854 3511,727 832,794"/>
                <Baseline points="847,907 919,907 1008,901 1098,901 1188,895 1277,889 1367,889 1456,883 1546,883 1635,877 1725,877 1814,877 1904,877 1994,871 2083,871 2173,865 2262,859 2352,859 2441,853 2531,847 2620,847 2710,841 2800,841 2889,841 2979,841 3068,835 3158,829 3247,829 3337,823 3426,823 3516,817"/>
                <TextEquiv>
                    <Unicode>you, I come only as an olddesuaintance. Everything else</Unicode>
                </TextEquiv>
            </TextLine>
            <TextLine id="tr_1_tl_4" custom="readingOrder {index:3;}">
                <Coords points="828,1106 2874,1008 3185,1076 3511,914 832,971"/>
                <Baseline points="847,1050 919,1050 1008,1050 1098,1044 1188,1044 1277,1038 1367,1038 1456,1032 1546,1032 1635,1032 1725,1032 1814,1026 1904,1026 1994,1020 2083,1020 2173,1014 2262,1014 2352,1008 2441,1003 2531,1003 2620,997 2710,997 2800,991 2889,991 2979,991 3068,985 3158,985 3247,979 3337,979 3426,973 3516,967"/>
                <TextEquiv>
                    <Unicode>is dead and buried, long dead and buried. Here. See for</Unicode>
                </TextEquiv>
            </TextLine>
            <TextLine id="tr_1_tl_5" custom="readingOrder {index:4;}">
                <Coords points="839,1240 1664,1252 1911,1195 2222,1244 2350,1199 2353,1091 1364,1139 1274,1079 1049,1154 843,1135"/>
                <Baseline points="865,1205 925,1205 1014,1200 1104,1200 1194,1194 1283,1194 1373,1194 1462,1194 1552,1188 1641,1182 1731,1182 1820,1176 1910,1176 2000,1176 2089,1170 2179,1170 2268,1170 2358,1170"/>
                <TextEquiv>
                    <Unicode>yourself, (indicates the book).</Unicode>
                </TextEquiv>
            </TextLine>
            <TextLine id="tr_1_tl_6" custom="readingOrder {index:5;}">
                <Coords points="555,1383 682,1417 787,1379 1038,1379 1177,1420 1225,1379 1282,1398 1390,1364 1495,1405 1503,1248 1274,1270 1150,1222 1023,1300 888,1315 558,1285"/>
                <Baseline points="579,1367 614,1367 704,1367 794,1361 883,1355 973,1355 1062,1349 1152,1343 1241,1343 1331,1343 1420,1343 1510,1337"/>
                <TextEquiv>
                    <Unicode>Marg: What's that?</Unicode>
                </TextEquiv>
            </TextLine>
            <TextLine id="tr_1_tl_7" custom="readingOrder {index:6;}">
                <Coords points="888,1555 963,1570 1135,1518 1293,1510 1364,1563 1570,1521 1675,1566 1675,1417 1450,1394 1304,1435 1150,1409 888,1458"/>
                <Baseline points="907,1504 967,1498 1056,1504 1146,1504 1235,1498 1325,1498 1414,1492 1504,1492 1594,1492 1683,1492"/>
                <TextEquiv>
                    <Unicode>My la test novel.</Unicode>
                </TextEquiv>
            </TextLine>
            <TextLine id="tr_1_tl_8" custom="readingOrder {index:7;}">
                <Coords points="566,1555 592,1544 615,1555 656,1544 682,1559 697,1544 731,1551 746,1536 779,1533 776,1454 727,1454 716,1443 686,1465 663,1454 637,1465 615,1458 588,1480 562,1484"/>
                <Baseline points="585,1510 674,1516 764,1516 788,1516"/>
                <TextEquiv>
                    <Unicode>Gil:</Unicode>
                </TextEquiv>
            </TextLine>
            <TextLine id="tr_1_tl_9" custom="readingOrder {index:8;}">
                <Coords points="903,1683 1596,1713 1765,1649 2144,1713 2271,1638 2462,1653 2466,1533 907,1574"/>
                <Baseline points="925,1653 955,1653 1044,1653 1134,1653 1223,1653 1313,1647 1403,1647 1492,1641 1582,1641 1671,1641 1761,1635 1850,1635 1940,1629 2029,1635 2119,1629 2208,1623 2298,1617 2388,1617 2477,1611"/>
                <TextEquiv>
                    <Unicode>You have taken to writing novels?</Unicode>
                </TextEquiv>
            </TextLine>
            <TextLine id="tr_1_tl_10" custom="readingOrder {index:9;}">
                <Coords points="570,1698 603,1698 618,1683 633,1694 693,1698 720,1679 764,1713 821,1701 824,1581 806,1581 772,1615 727,1578 701,1593 686,1578 652,1604 641,1593 573,1596"/>
                <Baseline points="591,1665 650,1671 740,1665 829,1659"/>
                <TextEquiv>
                    <Unicode>Marg:</Unicode>
                </TextEquiv>
            </TextLine>
            <TextLine id="tr_1_tl_11" custom="readingOrder {index:10;}">
                <Coords points="899,1900 952,1904 978,1881 1057,1900 1087,1881 1177,1911 1323,1844 1360,1866 1394,1851 1398,1709 1270,1683 1188,1705 1162,1683 1068,1750 1046,1735 903,1765"/>
                <Baseline points="919,1808 955,1808 1044,1808 1134,1803 1223,1803 1313,1803 1403,1803"/>
                <TextEquiv>
                    <Unicode>certainly.</Unicode>
                </TextEquiv>
            </TextLine>
            <TextLine id="tr_1_tl_12" custom="readingOrder {index:11;}">
                <Coords points="577,1829 600,1829 633,1855 645,1844 671,1848 693,1836 738,1863 753,1855 779,1859 787,1743 753,1724 735,1743 693,1735 667,1758 652,1750 622,1761 596,1784 577,1784"/>
                <Baseline points="597,1814 614,1820 704,1820 794,1808"/>
                <TextEquiv>
                    <Unicode>Gil:</Unicode>
                </TextEquiv>
            </TextLine>
            <TextLine id="tr_1_tl_13" custom="readingOrder {index:12;}">
                <Coords points="899,2020 2069,1960 2323,2001 2440,1934 2706,1930 2706,1821 903,1900"/>
                <Baseline points="919,1958 925,1958 1014,1964 1104,1958 1194,1958 1283,1958 1373,1952 1462,1952 1552,1946 1641,1946 1731,1946 1820,1940 1910,1940 2000,1934 2089,1934 2179,1928 2268,1928 2358,1922 2447,1922 2537,1916 2626,1916 2716,1916"/>
                <TextEquiv>
                    <Unicode>Since when have you learned the trick.</Unicode>
                </TextEquiv>
            </TextLine>
            <TextLine id="tr_1_tl_14" custom="readingOrder {index:13;}">
                <Coords points="581,1994 656,1997 671,2012 716,1990 794,2042 828,2046 836,1885 787,1859 761,1859 663,1896 622,1885 585,1892"/>
                <Baseline points="602,1976 662,1976 752,1976 841,1964"/>
                <TextEquiv>
                    <Unicode>Marg:</Unicode>
                </TextEquiv>
            </TextLine>
            <TextLine id="tr_1_tl_15" custom="readingOrder {index:14;}">
                <Coords points="911,2140 1042,2151 1106,2125 1195,2200 1342,2140 1420,2159 1465,2129 1533,2159 1589,2117 1750,2102 1754,2031 1447,2061 1229,2005 982,2046 914,2012"/>
                <Baseline points="931,2113 949,2113 1038,2113 1128,2107 1217,2107 1307,2101 1397,2101 1486,2101 1576,2095 1665,2095 1755,2083"/>
                <TextEquiv>
                    <Unicode>What do you mean?</Unicode>
                </TextEquiv>
            </TextLine>
            <TextLine id="tr_1_tl_16" custom="readingOrder {index:15;}">
                <Coords points="573,2136 615,2147 633,2166 660,2155 667,2162 701,2136 727,2159 750,2136 787,2140 791,2039 764,2039 746,2054 716,2054 705,2065 667,2035 645,2039 633,2031 611,2046 577,2046"/>
                <Baseline points="597,2125 620,2125 710,2125 800,2119"/>
                <TextEquiv>
                    <Unicode>Gil:</Unicode>
                </TextEquiv>
            </TextLine>
            <TextLine id="tr_1_tl_17" custom="readingOrder {index:16;}">
                <Coords points="914,2290 2912,2275 3575,2207 3579,2076 918,2185"/>
                <Baseline points="937,2268 991,2268 1080,2262 1170,2262 1259,2262 1349,2256 1438,2250 1528,2244 1617,2244 1707,2238 1797,2238 1886,2238 1976,2232 2065,2232 2155,2226 2244,2226 2334,2226 2423,2220 2513,2220 2603,2214 2692,2214 2782,2208 2871,2208 2961,2203 3050,2203 3140,2197 3229,2197 3319,2197 3409,2191 3498,2191 3588,2179"/>
                <TextEquiv>
                    <Unicode>Heavens, can’t I remember? Thumb-nail sketches were your</Unicode>
                </TextEquiv>
            </TextLine>
            <TextLine id="tr_1_tl_18" custom="readingOrder {index:17;}">
                <Coords points="577,2353 656,2361 671,2346 716,2342 757,2376 854,2372 858,2219 817,2215 806,2226 753,2200 727,2219 697,2226 682,2215 667,2226 630,2204 581,2200"/>
                <Baseline points="602,2274 686,2274 776,2274 865,2268"/>
                <TextEquiv>
                    <Unicode>Marg:</Unicode>
                </TextEquiv>
            </TextLine>
            <TextLine id="tr_1_tl_19" custom="readingOrder {index:18;}">
                <Coords points="922,2425 2447,2436 2792,2380 2796,2263 922,2368"/>
                <Baseline points="943,2417 1014,2417 1104,2411 1194,2411 1283,2406 1373,2406 1462,2400 1552,2400 1641,2394 1731,2394 1820,2394 1910,2388 2000,2388 2089,2388 2179,2382 2268,2376 2358,2376 2447,2370 2537,2370 2626,2370 2716,2364 2806,2358"/>
                <TextEquiv>
                    <Unicode>specialty, observations of daily events.</Unicode>
                </TextEquiv>
            </TextLine>
            <TextLine id="tr_1_tl_20" custom="readingOrder {index:19;}">
                <Coords points="896,2608 3317,2560 3444,2541 3448,2402 3313,2342 2841,2466 899,2507"/>
                <Baseline points="919,2579 949,2573 1038,2567 1128,2567 1217,2561 1307,2561 1397,2561 1486,2555 1576,2555 1665,2549 1755,2549 1844,2543 1934,2543 2023,2543 2113,2537 2203,2537 2292,2531 2382,2525 2471,2525 2561,2519 2650,2519 2740,2519 2829,2513 2919,2513 3009,2507 3098,2507 3188,2501 3277,2501 3367,2495 3456,2495"/>
                <TextEquiv>
                    <Unicode>(excitedly) My society? My specialty is life itself.</Unicode>
                </TextEquiv>
            </TextLine>
            <TextLine id="tr_1_tl_21" custom="readingOrder {index:20;}">
                <Coords points="588,2608 656,2623 675,2608 697,2612 768,2657 802,2631 821,2634 828,2447 798,2447 735,2421 716,2432 686,2417 671,2425 656,2410 633,2425 600,2417"/>
                <Baseline points="608,2579 656,2579 746,2579 835,2567"/>
                <TextEquiv>
                    <Unicode>Gil:</Unicode>
                </TextEquiv>
            </TextLine>
            <TextLine id="tr_1_tl_22" custom="readingOrder {index:21;}">
                <Coords points="941,2736 2488,2687 2638,2751 3230,2653 3444,2717 3470,2601 941,2661"/>
                <Baseline points="961,2716 967,2716 1056,2716 1146,2710 1235,2710 1325,2710 1414,2710 1504,2704 1594,2704 1683,2698 1773,2692 1862,2692 1952,2692 2041,2686 2131,2686 2220,2686 2310,2680 2400,2680 2489,2674 2579,2668 2668,2668 2758,2668 2847,2662 2937,2656 3026,2656 3116,2656 3206,2650 3295,2650 3385,2644 3474,2638"/>
                <TextEquiv>
                    <Unicode>write what suite me. I do not allow myself to be cir</Unicode>
                </TextEquiv>
            </TextLine>
            <TextLine id="tr_1_tl_23" custom="readingOrder {index:22;}">
                <Coords points="933,2957 2316,2852 3084,2901 3418,2829 3418,2743 2376,2777 2260,2702 2005,2796 937,2807"/>
                <Baseline points="955,2865 1008,2865 1098,2865 1188,2865 1277,2865 1367,2859 1456,2853 1546,2853 1635,2853 1725,2847 1814,2847 1904,2841 1994,2841 2083,2835 2173,2835 2262,2835 2352,2829 2441,2829 2531,2829 2620,2829 2710,2823 2800,2823 2889,2817 2979,2811 3068,2811 3158,2806 3247,2806 3337,2806 3426,2800"/>
                <TextEquiv>
                    <Unicode>cumscribed. I don't see who’s to prevent my writing a</Unicode>
                </TextEquiv>
            </TextLine>
            <TextLine id="tr_1_tl_24" custom="readingOrder {index:23;}">
                <Coords points="941,3047 971,3054 1016,3043 1027,3054 1064,3035 1087,3047 1132,3035 1192,3065 1237,3054 1237,2957 1203,2964 1180,2949 1143,2972 1098,2957 1079,2972 1046,2946 1016,2972 989,2964 971,2979 941,2968"/>
                <Baseline points="961,3020 979,3014 1068,3014 1158,3020 1247,3014"/>
                <TextEquiv>
                    <Unicode>novel.</Unicode>
                </TextEquiv>
            </TextLine>
        </TextRegion>
        <TextRegion id="tr_2" custom="readingOrder {index:1;}">
            <Coords points="620,3066 3653,3066 3653,4553 620,4553"/>
            <TextLine id="tr_2_tl_1" custom="readingOrder {index:0;}">
                <Coords points="929,3204 2721,3167 2769,3050 2181,3080 2099,3032 1975,3095 1683,3054 1323,3122 933,3077"/>
                <Baseline points="955,3176 979,3176 1068,3176 1158,3170 1247,3170 1337,3164 1426,3164 1516,3164 1606,3158 1695,3158 1785,3152 1874,3152 1964,3146 2053,3146 2143,3146 2232,3140 2322,3134 2411,3134 2501,3128 2591,3122 2680,3122 2770,3116"/>
                <TextEquiv>
                    <Unicode>But the opinion of an authority was – –</Unicode>
                </TextEquiv>
            </TextLine>
            <TextLine id="tr_2_tl_2" custom="readingOrder {index:1;}">
                <Coords points="600,3208 656,3212 757,3197 787,3219 806,3208 821,3219 847,3200 877,3197 881,3114 847,3110 806,3129 753,3129 723,3103 690,3122 663,3107 648,3118 641,3110 603,3118"/>
                <Baseline points="620,3188 704,3188 794,3182 883,3182"/>
                <TextEquiv>
                    <Unicode>Marg:</Unicode>
                </TextEquiv>
            </TextLine>
            <TextLine id="tr_2_tl_3" custom="readingOrder {index:2;}">
                <Coords points="899,3388 1338,3320 2087,3339 2091,3212 2016,3182 1803,3230 1536,3208 1278,3272 903,3264"/>
                <Baseline points="919,3325 937,3325 1026,3325 1116,3325 1205,3325 1295,3319 1385,3319 1474,3313 1564,3313 1653,3307 1743,3301 1832,3301 1922,3295 2011,3295 2101,3295"/>
                <TextEquiv>
                    <Unicode>Pray, who's an authority?</Unicode>
                </TextEquiv>
            </TextLine>
            <TextLine id="tr_2_tl_4" custom="readingOrder {index:3;}">
                <Coords points="615,3391 641,3384 708,3421 731,3410 750,3414 772,3391 787,3399 828,3395 832,3260 764,3264 738,3283 697,3249 678,3249 667,3260 618,3249"/>
                <Baseline points="638,3337 662,3337 752,3337 841,3331"/>
                <TextEquiv>
                    <Unicode>Gil:</Unicode>
                </TextEquiv>
            </TextLine>
            <TextLine id="tr_2_tl_5" custom="readingOrder {index:4;}">
                <Coords points="944,3526 3200,3474 3485,3448 3489,3343 948,3384"/>
                <Baseline points="967,3474 991,3480 1080,3474 1170,3468 1259,3468 1349,3468 1438,3462 1528,3462 1617,3462 1707,3456 1797,3450 1886,3450 1976,3450 2065,3444 2155,3444 2244,3444 2334,3444 2423,3438 2513,3432 2603,3432 2692,3426 2782,3426 2871,3420 2961,3414 3050,3414 3140,3414 3229,3414 3319,3409 3409,3403 3498,3403"/>
                <TextEquiv>
                    <Unicode>I call to mind, for instance, an article by Neumann in</Unicode>
                </TextEquiv>
            </TextLine>
            <TextLine id="tr_2_tl_6" custom="readingOrder {index:5;}">
                <Coords points="611,3560 641,3553 682,3575 701,3556 727,3564 764,3534 824,3571 851,3553 888,3556 888,3403 817,3391 768,3418 757,3406 712,3421 678,3410 633,3448 611,3444"/>
                <Baseline points="632,3486 716,3486 805,3486 895,3480"/>
                <TextEquiv>
                    <Unicode>Marg:</Unicode>
                </TextEquiv>
            </TextLine>
            <TextLine id="tr_2_tl_7" custom="readingOrder {index:6;}">
                <Coords points="959,3658 1102,3669 1184,3620 1244,3661 1357,3639 1484,3673 1581,3620 1686,3669 1690,3515 1473,3560 1398,3541 1252,3571 1177,3541 963,3568"/>
                <Baseline points="979,3617 1068,3629 1158,3617 1247,3617 1337,3617 1426,3612 1516,3612 1606,3606 1695,3594"/>
                <TextEquiv>
                    <Unicode>the "common--"</Unicode>
                </TextEquiv>
            </TextLine>
            <TextLine id="tr_2_tl_8" custom="readingOrder {index:7;}">
                <Coords points="922,3830 2848,3804 3583,3744 3583,3635 2852,3586 2545,3680 922,3718"/>
                <Baseline points="943,3791 991,3785 1080,3779 1170,3779 1259,3779 1349,3779 1438,3773 1528,3767 1617,3767 1707,3761 1797,3761 1886,3761 1976,3755 2065,3755 2155,3755 2244,3749 2334,3743 2423,3743 2513,3743 2603,3737 2692,3737 2782,3737 2871,3731 2961,3725 3050,3725 3140,3719 3229,3719 3319,3713 3409,3713 3498,3713 3588,3701"/>
                <TextEquiv>
                    <Unicode>(angrily) Neumann's a /blamed’idiot! Iicxed hie aare for</Unicode>
                </TextEquiv>
            </TextLine>
            <TextLine id="tr_2_tl_9" custom="readingOrder {index:8;}">
                <Coords points="611,3807 648,3815 705,3849 768,3811 809,3819 851,3807 851,3718 824,3718 783,3736 742,3725 716,3733 690,3721 648,3733 637,3721 611,3721"/>
                <Baseline points="632,3797 680,3797 770,3797 859,3791"/>
                <TextEquiv>
                    <Unicode>Gil:</Unicode>
                </TextEquiv>
            </TextLine>
            <TextLine id="tr_2_tl_10" custom="readingOrder {index:9;}">
                <Coords points="899,3991 967,3995 1001,3965 1091,3946 1184,3980 1255,3946 1368,3969 1368,3860 1342,3852 1312,3879 1263,3879 1240,3856 1222,3867 1143,3834 903,3886"/>
                <Baseline points="925,3934 1014,3934 1104,3928 1194,3928 1283,3928 1373,3922"/>
                <TextEquiv>
                    <Unicode>him once.</Unicode>
                </TextEquiv>
            </TextLine>
            <TextLine id="tr_2_tl_11" custom="readingOrder {index:10;}">
                <Coords points="618,4111 656,4133 742,4115 802,4148 1188,4092 1255,4119 1278,4115 1282,4021 1225,4014 1173,4040 1019,4017 877,4044 776,4040 716,4010 663,4040 622,4029"/>
                <Baseline points="638,4095 686,4101 776,4095 865,4095 955,4089 973,4089 1020,4083 1110,4083 1200,4077 1289,4071"/>
                <TextEquiv>
                    <Unicode>Marg: You—?</Unicode>
                </TextEquiv>
            </TextLine>
            <TextLine id="tr_2_tl_12" custom="readingOrder {index:11;}">
                <Coords points="956,4265 3568,4246 3571,4081 959,4163"/>
                <Baseline points="979,4232 1068,4238 1158,4238 1247,4232 1337,4226 1426,4226 1516,4226 1606,4226 1695,4220 1785,4220 1874,4215 1964,4209 2053,4209 2143,4203 2232,4203 2322,4203 2411,4197 2501,4197 2591,4191 2680,4191 2770,4185 2859,4185 2949,4185 3038,4185 3128,4179 3217,4179 3307,4179 3397,4173 3486,4167 3576,4167"/>
                <TextEquiv>
                    <Unicode>In fauey—. But you were quite as much brought up about</Unicode>
                </TextEquiv>
            </TextLine>
            <TextLine id="tr_2_tl_13" custom="readingOrder {index:12;}">
                <Coords points="630,4257 660,4257 701,4291 735,4276 757,4287 794,4261 843,4265 847,4182 817,4178 802,4163 723,4182 705,4178 682,4156 633,4160"/>
                <Baseline points="650,4250 674,4250 764,4250 853,4244"/>
                <TextEquiv>
                    <Unicode>Gil:</Unicode>
                </TextEquiv>
            </TextLine>
            <TextLine id="tr_2_tl_14" custom="readingOrder {index:13;}">
                <Coords points="963,4456 3605,4362 3646,4220 963,4351"/>
                <Baseline points="985,4388 1056,4394 1146,4388 1235,4388 1325,4382 1414,4382 1504,4376 1594,4376 1683,4370 1773,4370 1862,4370 1952,4370 2041,4364 2131,4364 2220,4358 2310,4352 2400,4352 2489,4352 2579,4352 2668,4346 2758,4340 2847,4340 2937,4340 3026,4334 3116,4334 3206,4334 3295,4334 3385,4334 3474,4328 3564,4316 3653,4310"/>
                <TextEquiv>
                    <Unicode>the business as I, at the time. We were perfectly agreed</Unicode>
                </TextEquiv>
            </TextLine>
            <TextLine id="tr_2_tl_15" custom="readingOrder {index:14;}">
                <Coords points="967,4602 3556,4534 3560,4377 971,4452"/>
                <Baseline points="991,4537 1062,4543 1152,4543 1241,4543 1331,4537 1420,4537 1510,4531 1600,4525 1689,4525 1779,4519 1868,4519 1958,4519 2047,4513 2137,4513 2226,4513 2316,4507 2406,4507 2495,4501 2585,4495 2674,4495 2764,4495 2853,4495 2943,4489 3032,4489 3122,4489 3212,4483 3301,4489 3391,4483 3480,4477 3570,4465"/>
                <TextEquiv>
                    <Unicode>that Neumann was a /blamed’idiot. ”How can such a piece</Unicode>
                </TextEquiv>
            </TextLine>
        </TextRegion>
        <TextRegion id="tr_3" custom="readingOrder {index:2;}">
            <Coords points="674,4570 3659,4570 3659,5789 674,5789"/>
            <TextLine id="tr_3_tl_1" custom="readingOrder {index:0;}">
                <Coords points="986,4718 3272,4699 3594,4643 3598,4561 986,4621"/>
                <Baseline points="1008,4698 1098,4692 1188,4698 1277,4692 1367,4686 1456,4686 1546,4680 1635,4680 1725,4674 1814,4674 1904,4668 1994,4668 2083,4662 2173,4662 2262,4662 2352,4662 2441,4656 2531,4656 2620,4650 2710,4650 2800,4650 2889,4644 2979,4638 3068,4638 3158,4638 3247,4632 3337,4632 3426,4632 3516,4626 3606,4620"/>
                <TextEquiv>
                    <Unicode>of trash dare--" these were your very words, " to set</Unicode>
                </TextEquiv>
            </TextLine>
            <TextLine id="tr_3_tl_2" custom="readingOrder {index:1;}">
                <Coords points="986,4932 1660,4834 3485,4849 3519,4711 989,4733"/>
                <Baseline points="1008,4853 1014,4847 1104,4847 1194,4847 1283,4841 1373,4841 1462,4835 1552,4835 1641,4835 1731,4829 1820,4829 1910,4823 2000,4823 2089,4818 2179,4818 2268,4812 2358,4812 2447,4812 2537,4806 2626,4800 2716,4800 2806,4794 2895,4794 2985,4794 3074,4788 3164,4788 3253,4788 3343,4782 3432,4782 3522,4776"/>
                <TextEquiv>
                    <Unicode>bounds to your genus? How can he date to stifle your</Unicode>
                </TextEquiv>
            </TextLine>
            <TextLine id="tr_3_tl_3" custom="readingOrder {index:2;}">
                <Coords points="978,5040 3189,4999 3470,4962 3474,4831 982,4935"/>
                <Baseline points="997,5003 1056,5003 1146,5003 1235,4997 1325,4997 1414,4997 1504,4991 1594,4991 1683,4991 1773,4991 1862,4985 1952,4979 2041,4973 2131,4973 2220,4967 2310,4967 2400,4967 2489,4961 2579,4955 2668,4955 2758,4949 2847,4949 2937,4943 3026,4937 3116,4943 3206,4943 3295,4937 3385,4937 3474,4931"/>
                <TextEquiv>
                    <Unicode>next work still, so to speak, in the womb?” You said</Unicode>
                </TextEquiv>
            </TextLine>
            <TextLine id="tr_3_tl_4" custom="readingOrder {index:3;}">
                <Coords points="982,5198 1154,5250 1477,5157 1724,5209 2462,5115 3065,5168 3249,5127 3253,4984 986,5100"/>
                <Baseline points="1003,5146 1014,5152 1104,5152 1194,5152 1283,5152 1373,5152 1462,5140 1552,5140 1641,5140 1731,5140 1820,5140 1910,5134 2000,5134 2089,5128 2179,5122 2268,5116 2358,5116 2447,5116 2537,5110 2626,5110 2716,5110 2806,5104 2895,5104 2985,5098 3074,5098 3164,5098 3253,5092"/>
                <TextEquiv>
                    <Unicode>that! And today you quote that literary hauker!</Unicode>
                </TextEquiv>
            </TextLine>
            <TextLine id="tr_3_tl_5" custom="readingOrder {index:4;}">
                <Coords points="652,5348 1061,5408 1372,5314 2470,5336 2923,5276 2927,5183 2406,5202 2241,5130 1818,5232 656,5265"/>
                <Baseline points="674,5325 692,5325 782,5319 871,5319 961,5313 1050,5313 1140,5307 1229,5307 1319,5301 1408,5301 1498,5301 1588,5295 1677,5295 1767,5289 1856,5289 1946,5283 2035,5283 2125,5277 2214,5277 2304,5277 2394,5271 2483,5265 2573,5265 2662,5259 2752,5259 2841,5259 2931,5253"/>
                <TextEquiv>
                    <Unicode>Marg: Plesse do not shout. My house--Koeper--</Unicode>
                </TextEquiv>
            </TextLine>
            <TextLine id="tr_3_tl_6" custom="readingOrder {index:5;}">
                <Coords points="667,5558 1432,5468 3287,5479 3362,5325 671,5370"/>
                <Baseline points="686,5474 770,5474 859,5474 949,5468 1038,5468 1128,5462 1217,5462 1307,5462 1397,5456 1486,5456 1576,5450 1665,5450 1755,5444 1844,5438 1934,5438 2023,5438 2113,5432 2203,5426 2292,5432 2382,5426 2471,5421 2561,5421 2650,5415 2740,5415 2829,5415 2919,5409 3009,5409 3098,5403 3188,5403 3277,5403 3367,5397"/>
                <TextEquiv>
                    <Unicode>Gil: I don't pronse to brother myself about the widow of</Unicode>
                </TextEquiv>
            </TextLine>
            <TextLine id="tr_3_tl_7" custom="readingOrder {index:6;}">
                <Coords points="989,5692 3429,5599 3650,5573 3654,5453 993,5528"/>
                <Baseline points="1014,5612 1062,5612 1152,5612 1241,5606 1331,5606 1420,5606 1510,5606 1600,5600 1689,5600 1779,5594 1868,5594 1958,5588 2047,5588 2137,5588 2226,5582 2316,5582 2406,5576 2495,5570 2585,5570 2674,5570 2764,5564 2853,5564 2943,5564 3032,5558 3122,5558 3212,5552 3301,5552 3391,5552 3480,5546 3570,5546 3659,5546"/>
                <TextEquiv>
                    <Unicode>defunct generale when overy nerve in my body is a-tingle.</Unicode>
                </TextEquiv>
            </TextLine>
            <TextLine id="tr_3_tl_8" custom="readingOrder {index:7;}">
                <Coords points="648,5839 1551,5764 1870,5857 2147,5741 3493,5846 3500,5573 652,5674"/>
                <Baseline points="674,5779 728,5779 817,5773 907,5773 997,5761 1086,5761 1176,5761 1265,5761 1355,5761 1444,5761 1534,5761 1623,5755 1713,5755 1803,5749 1892,5743 1982,5743 2071,5737 2161,5737 2250,5737 2340,5737 2429,5731 2519,5725 2609,5725 2698,5719 2788,5713 2877,5713 2967,5713 3056,5713 3146,5707 3235,5701 3325,5701 3414,5701 3504,5695"/>
                <TextEquiv>
                    <Unicode>Marg: What did I say? I can't account for your touchiness.</Unicode>
                </TextEquiv>
            </TextLine>
        </TextRegion>
    </Page>
</PcGts>
