3368 5144
252 702 1709 915 ARGARET: It is he! He comes!
249 871 1006 1076 ILBERT: Well?
238 1013 1690 1204 ARGARET: What, you are going?
238 1193 2598 1361 I did'nt intend to pay the Baron a visit
216 1332 2868 1526 KARGARET: He will meet you on the Guirs - that will be
216 1485 2404 1657 erse - stay - I will not be the only sacrifice.
198 1654 2773 1833 GILBERT: Don't be crazy. Why do you tremble so? He
198 1807 2865 1990 rennot have read both novel. Came to yourself; take off
194 1979 2718 2159 r hat; off with the niit. (He assiste her). If he
183 2115 2283 2342 es you in this condition he must suspect...
168 2309 2982 2448 MARGARET: It's just the same to me. I can't stand putting
183 2440 2788 2609 of the inevitable; I shall tell him everything at once.
176 2587 1288 2770 GILBERT: Everything?
154 2733 2792 2942 MARGARET: Yes, everything, as long as you remain here.
194 2876 2960 3092 I confess all to him honestly now, perhaps he will lorgive
2887 209 3033 461 32
157 3227 2949 3403 GILBERT: And I? I have other things to do in this world
128 3351 3066 3586 than to aloow myself to be shot down like a mad dog by a jealous
143 3527 373 3703 ron.
183 3666 549 3853 (Bell).
121 3820 1668 4043 MARGARET: It is ha! It is he!
132 3988 1764 4178 GILBERT: You won't say anything?
124 4145 1035 4317 MARGARET: I will.
135 4325 2953 4551 GILBERT: You will! Well, look out; I shall at leaat sell
121 4478 684 4650 skin dear.
