3704 5128
3056 258 3235 480 9.
1254 416 1659 613 PAULINE
315 512 2640 838 My husband? I asked him myself to take me away,
1257 742 1666 903 LEONHARD
290 785 3171 1107 And what excuse did you give for it? you
1232 1050 1637 1214 PAULINE
279 1171 2296 1404 None, I told him the truth, as I always do.
1218 1358 1637 1573 LEONHARD
290 1437 3171 1738 always? He would make a new play of it and be etafal to
1207 1655 1612 1852 RAULINE
301 1648 949 1809 Fou after all
276 1802 3102 2010 From the first day of our married life I promised to confess
276 1909 3110 2121 to him my every Hmotion, every lightest made of feeling. I
262 2117 2934 2271 gave him this promise in exchange for his to do the same.
279 2264 863 2425 when is you
1197 2271 1616 2458 LEONHARD
254 2400 1068 2569 And this morning?
1128 2576 1540 2766 PAULINE
279 2544 1003 2737 ervorow morning
240 2687 2332 2902 This morning I told him that I am in danger.
1071 2884 1494 3074 LEONHARD
824 2902 1007 3056 Tren
233 3020 1447 3221 And what did he say?
1068 3185 1444 3328 PAULINE
236 3153 455 3342 Jou :
211 3357 2594 3536 Did I not tell you that we leave tomorrow morning?
1000 3486 1605 3686 LEONHARD
233 3482 577 3654 I shall
190 3600 2450 3866 Pauline, do you uppose he will ever forgive you?
996 3790 1379 3994 PAULINE
204 3780 838 3955 But you are
197 3926 2110 4159 Why not? I have forgotten him much more.
978 4102 1394 4303 LEONHARD
1476 4138 1702 4292 et de la
179 4252 3042 4453 He is a man and we are all vain. He is a post and therefore
201 4424 3074 4682 a thousand times more vain than other men. He will make you
161 4550 1902 4790 repent it for the rest of your life.
430 4715 1437 4944 die a thousand tim¬
