3816 5048
3059 357 3234 618 11
507 861 3384 1058 angood social position. Great heavens. If I had had a child
507 1015 3374 1208 it might have been different, - but may be not. I am a very
515 1144 3148 1347 complex creature. And mereover what do you complain of.
507 1276 3277 1537 Wasn't it fortunate for you that I went to Munich - would I
511 1487 1651 1647 never have met you else?
1662 1630 1865 1783 cle.
529 1790 3120 2019 ell yes, but you didn't go to Vienna with that in view.
1630 1933 1851 2080 Mag.
472 2098 3045 2234 I wanted my freedom, I mean the freedom of the mind, I
475 2259 3213 2427 wanted to see if my own strength would support me, and you
475 2398 3274 2570 must admit that it seemed likely to do so. I was on my way
475 2555 879 2695 to fame.
1630 2723 1855 2834 cle.
1597 2945 1851 3159 Mag.
457 3095 2155 3320 But you were dearer to me than fame.
1615 3334 1830 3520 cle.
697 3381 1462 3599 (Good naturedly)
447 3584 958 3817 And safer.
1594 3688 1833 3892 Mag.
454 3842 3170 4081 That never crossed my mind. I loved you from the moment I
450 4078 3127 4206 saw you - That was it - I used to dream of such a man - I
425 4196 3113 4374 knew that only such a man could make me happy. Breeding.
425 4342 3241 4535 It's no figment of the brain - nothing is it’s equal. And
429 4481 2030 4649 do you know that I often think -
