3576 5064
1494 823 1733 935 Cle.
348 957 3215 1124 Rep roach?  There isn't the'the shadow of one. It's only a rddle
334 1095 2835 1247 to me how you ever mixed yourself up with such a set.
1479 1287 1707 1464 Mag.
337 1417 1936 1584 You speak as if they were outlaws.
1504 1570 1707 1704 Cle.
330 1675 3241 1852 My dear child, on my word, some of them looked just like pick-
315 1878 3197 2034 packets - I can’t make out how you, with your remarkable mind
337 2023 3136 2157 Well, I’ll only say that it passes belief that you were able
330 2182 3092 2400 to sit at table, with such people, when one considera their
315 2320 1660 2483 cleanliness and savouriness.
1457 2505 1700 2693 Mag.
551 2639 1019 2770 (Smiling)
319 2770 1229 2983 But you did so too.
1468 2954 1675 3060 cle
326 3012 3208 3241 With them, not of them - And only for you as you know, for you
319 3262 3067 3368 only - I don't deny that a few of them improved on acquain-
315 3422 3016 3542 tance, - some were really interesting. You mustn't think,
315 3563 3110 3705 treasure that I think myself superior to people who have had
301 3698 3020 3875 a poor education. It isn't that. But they, in their whole
301 3872 3016 4060 behavier, in their entire personality, there was something
1113 4013 1301 4201 - -
290 4016 1088 4216 most irritating.
1439 4031 1707 4343 Mag.
319 4296 1910 4517 A word doesn't settle that matter.
2208 4346 2650 4578 dans le dernier
1454 4473 1682 4640 Cle.
294 4571 2922 4825 Don't be offered. I've said that some of them were in-
