4072 6056
606 250 768 486 26.
839 441 3289 694 sulted? But I must say, if I were a woman I'd think
839 652 3137 818 twice before I'd let such people know anything--
853 807 3137 962 (sharply) In decent society, sir, that's equal to
857 966 1762 1142 comprising a woman!
938 1093 3144 1311 I don't know whether I belong to decent society
620 1128 839 1315 Gil:
853 1248 3201 1459 or not, but, in my humble opinion, that's equal to
860 1428 1710 1600 ennobling a woman.
955 1569 1311 1766 Indeed.
631 1558 895 1745 Clem:
916 1710 3314 1904 The essential thing is, does it really hit the mark?
624 1755 850 1900 Gil:
902 1858 3338 2044 In a higher sense, what does it matter if the public
931 2027 3373 2186 does know that a woman was happy in this bed or that?
638 2129 3218 2348 Clem: Mr. Gilbert, allow me to remaind you that you are
931 2358 2563 2492 speaking in the presence of a lady.
638 2460 3250 2633 Gil: I am speaking in the presence of a comrade, Baron,
934 2637 3032 2820 who perhaps hares my views xxx these matters.
649 2806 1110 2957 Clem: Ohj
659 2922 3236 3106 Marg: Clement; (throws herself at his feet) Clement!
666 3081 2393 3257 Clem: (staggered) But--Margaret,
652 3254 2224 3426 Marg: You forgiveness, Clement!
673 3349 3430 3557 Clem: But Margarette (To Gilbert) It's veryordful to me,
980 3550 3405 3694 Mr. Gilbert--Now get up, Margarette. Get up, Every-
994 3666 3285 3825 thing is all right. (Margarette looks up at him)
983 3842 3409 3990 Well, --get up. (Margaretto rises) Everything’s all
1005 3997 3483 4138 right; everything's arranged. Yes,yes. You have but
1001 4124 3599 4293 to call up Kunigel. I have already arranged everything
991 4262 3479 4501 with him. We are going to lands. Is that suit-
1001 4463 1607 4625 able to you?
673 4586 3462 4734 Silt: What are you going to lands, if I may be so¬
962 4731 2915 4910 as to ask? The novel madame has written?
684 4868 3493 5083 Clem: ih, se you know already. At all events, Mr. Gilbert,
1019 5027 3416 5252 it seems that your canaraderie is not required any
1001 5252 1421 5393 further.
726 5132 906 5418 ¬
687 5302 3529 5545 Gil: Yes. There's really nothing left for me but to beg to
828 5510 2034 5700 be excused. I'n sorry.
701 5640 3504 5802 Clem: I very much regret, Mr. Gilbert, that you had to wit-
983 5809 3356 5950 ness a seene which might almost be called domestic.
