3624 5048
2861 421 3021 580 26
1472 888 1744 1073 Gilb.
504 972 997 1229 (Furious.)
247 1208 1367 1403 Neuman is a degenerate.
1472 1193 2546 1371 I have boxed his ears.
1407 1363 1646 1519 Mag.
247 1505 707 1664 You have.
1382 1646 1654 1817 Gibl.
254 1770 3155 1969 I boxed his kars in the abstract. Why you were justaas angry
261 1962 3075 2136 as I Maggie - We agreed that Neuman was a Egenerate. "How
261 2096 3057 2266 dafes this trash" those were your words. "Cry to limit your
261 2266 3017 2393 talents. How dare he try to strangle your next book in the
254 2419 2937 2611 womb" You said that, and yet to-day you refer me to this
247 2564 1519 2741 peddler of literary wares.
1403 2720 1654 2908 Mag.
243 2872 2187 3039 Please don't talk so laud, - my landlady.
1363 2999 1661 3216 Gilb.
265 3166 3111 3347 When my nerves are tingling, the widow of a general isenot my
265 3354 671 3521 concern.
1403 3481 1632 3644 Mag.
254 3648 3028 3797 But what have I said. I really cannot understand your sen-
265 3768 809 3996 sitiveness.
1411 3913 1701 4127 Gilb.
232 4000 3122 4261 Sensive, Mag, - you call me sensible - You, the woman who
254 4254 3169 4413 had a severe child whenever the meanest bit of trash –— dared
254 4377 2288 4565 to say a cross word in the last daily - - -
1407 4536 1643 4700 Mag.
247 4602 2919 4848 I cannot remember that an unflattering word was said con-
