3576 5128
2852 326 3028 582 36
1399 732 1629 945 Mag.
209 897 3010 1139 Her first husband is no woollen Manufacturer - but a great
194 1106 2746 1267 promoter - and she didn't fall in love with a tenor- -
1413 1252 1691 1486 Gilb.
194 1413 615 1574 Ha, ha.
1406 1552 1618 1743 Mag.
190 1648 1388 1922 What are you laughing at.
1399 1849 1670 2036 Gilb.
201 1999 2936 2156 Se you fell in love with a tenor, did you? I never knew
194 2178 447 2321 that.
1388 2332 1589 2475 Mag.
201 2482 765 2695 who said so.
1380 2647 1659 2775 Gilb.
187 2779 1702 2966 You have just given me the news.
1325 2947 1563 3097 Mag.
176 3075 3068 3291 How please? I said: My heroine fell in love with a baritone.
1380 3262 1640 3379 Gilb.
183 3376 2607 3584 Why don't you make it a Basso, that's better still -
1314 3559 1574 3727 Mag.
176 3727 3119 3914 And she doesn't go to Munich, but to Dresden, and there she had
165 3892 1406 4101 a liasisor with a sculptor.
1362 4027 1640 4203 Gilb.
165 4115 2160 4386 I'm the soulptor, I suppose - - keguised.
1358 4306 1593 4522 Mag.
150 4445 3061 4679 Entirely lisguised. The sculptor is young and a great genus
150 4620 1483 4826 Nevertheless she leaves him.
