3768 5048
1669 662 1943 897 Mag.
527 794 2039 1053 Aren’t we to be married at loon?
1683 1028 1893 1206 Cle.
495 1110 1488 1320 Yes, indeed, my pet.
1633 1274 1907 1512 Ma 8
502 1445 1199 1626 I am so happy.
719 1609 1448 1762 (They embrace.)
480 1708 1544 1950 And where shall we go?
1630 1900 1911 2078 Cle.
477 2046 2335 2224 I thought we had decided on the Estate
1612 2246 1829 2399 Mag.
466 2335 3327 2591 Yes, later on – But aren’t we going for a little while to the
445 2530 890 2694 Riviera?
1609 2641 1822 2847 cle.
452 2822 2466 3057 That will depend on the race - If I win it.
1594 3014 1815 3174 Wag.
423 3135 1370 3335 Dear sure thing. -
1587 3299 1797 3463 cle.
420 3441 2719 3633 And besides the Riviera isn't the thing in April.
1569 3619 1801 3765 Mag.
413 3733 1516 3961 And on that account - -
1573 3829 1797 4071 cle.
406 4021 2996 4228 Why, my dear child, - of course - You have certain con-
406 4192 3089 4402 ceptions of fashionable life, left over from your earlier
399 4388 3246 4594 days which savour  forgive me, somewhat of the comic papers.
