4168 5976
730 461 3378 814 Marg: But I'm tolling you, no such present over Existed.
751 734 3525 915 Clem: VI can't bring myself to imagine that it did. That's
1087 884 3609 1041 letty for both of us, Margarette. But where did these
1097 1031 3578 1174 visions originate? These glowing passion-poems could
1083 1149 3665 1342 not have been inspired by your first husband. Besides,
1090 1282 3798 1499 he could neverciate you, as you yourself always say.
1108 1478 3609 1635 certainly not. That's way I brought suit for divorce.
758 1544 1031 1705 Marg:
1104 1600 3606 1810 You know the story. I just couldn't bear living with
1108 1743 3682 1946 a man who had no other interest in life than eating and
1104 1950 2065 2114 drlnking and cotten.
1121 2065 3637 2264 I daresay. But that was three years ago. These peems
783 2093 1052 2299 Clem:
1121 2233 2030 2411 were written later.
1128 2383 3613 2568 quite so, But consider the position in which I found
776 2411 1052 2620 Marg:
1115 2606 1572 2739 myself--
1139 2666 3721 2868 What do you mean? You did'nt have to entire any depri¬
779 2732 1055 2882 Clem:
1128 2826 3606 3008 vation? In this respect, you've got to confess, your
1128 2994 3616 3155 husband acted very decently toward you. You were not
1142 3127 3592 3312 under the necessity of earning your own living. And
1090 3298 3763 3501 suppose they did pay you One Hundred gulden for a poem--
1135 3462 3731 3627 they don’t pay more than that--still you were not bound
1146 3606 2536 3791 to write a book of this sort.
1146 3759 3770 3951 I did not refer to position in a material sense. It was
821 3766 1094 3969 Marg:
1149 3910 3703 4070 the state of my soul. Have you a notion how--when you
1149 4056 3553 4213 came to know me, things were considerably improved.
1146 4199 3525 4374 I had in many ways found myself again. But in the
1153 4371 3780 4549 beginning; I was so friendless, so erushod! I tried my
1170 4517 3703 4668 hand at everything: Iattnted, I gave English lessons
1170 4650 3585 4846 in the Pension where I lived. Just think of it! A
1167 4842 2418 5003 divordeet, having nobody...
838 4982 2610 5157 Clem: Why did'nt you stay in Vienna?
825 5122 3634 5328 Marg: because I could'nt get along with my family. He one
1174 5300 3724 5464 appointed me. Oh, what people! Did any one of them
1174 5401 3728 5597 realise that a vonan of my type aske mere of life than
1184 5587 3784 5779 a husband, pretty dresses and social position? My Godg
3263 5698 3483 5887 old März
