3848 5192
3242 424 3466 576 -14-
541 773 3304 948 fighting with death, – and that she longs for it! That
548 948 3207 1159 was the most desightful part of it, I saw the longing in
531 1110 3131 1300 her eyes, elghts when I sat by her bed and read to her,
797 1252 1476 1435 (A long pause)
541 1411 1786 1580 I have given up the house.
1483 1593 1742 1721 Haus.
541 1704 3280 1880 Oh, you have? Well, it is really too large for you alone.
1473 1876 1735 2004 Hein.
541 2035 3197 2200 Yes, and anyhow, I could never write another line in it.
541 2183 3314 2345 I should hear night after night from the room next to mine,
566 2352 3314 2507 the moans that used to cut into my heart, and destroy every
528 2487 3114 2635 facilty, every wish to create, even the very desire to
531 2656 1466 2828 live. Oh, my God!
779 2800 1362 2956 (Long pause)
524 2966 3111 3083 Did you know what Doctor Heuffer said to me the Sunday
531 3128 1345 3280 before she died?
1462 3280 1728 3407 Haus.
531 3414 855 3545 What?
1462 3559 1738 3738 Hein.
517 3732 2690 3842 That she might live two or three years longer.
1452 3887 1738 4018 Haus.
773 3990 1883 4190 (Almost beside himself)
524 4197 1476 4376 Two or three years?
769 4339 2456 4525 (Controlling himself, more quietly)
524 4456 2676 4659 That is might live the or three years longer?
