3907 6069
1217 815 1630 1000 PERSONS.
554 1127 1083 1337 Margarets
565 1286 927 1485 Clement
3112 1268 3311 1449 3.
558 1442 956 1648 Gilbert,
554 1732 3235 1931 Seene:-Moderately voll, but quite inexpensively furnished
877 1869 3347 2072 apartment occupied by Margarety. A small Elreplace,
888 2058 3184 2239 a table, a small escritoire, a settee, a wardrobe
880 2213 3311 2387 cabinet, twoman andows in the back, entrances left and
862 2344 1188 2572 right.
851 2561 3239 2775 As the curtain soles, Clement, dressed in a modish,
873 2735 3173 2869 tarnished-gras sack-suit, is discoverednslining
869 2862 3148 3079 in a fautail near the Nreplace. He is making a
869 3003 3123 3184 cigarette and perusing a newspaper, Margarett is
866 3181 3191 3383 standing at the window. She walks back and forth,
851 3351 3184 3510 finally goes up directly behind Clement, and play-
862 3481 3253 3648 fully mussea his hair. Evidently she has something
851 3619 2000 3814 troublesome on her mind.
504 3829 3202 4086 Clem:- (resding, solzes her hand and kisses it) Horner’s
851 4032 3329 4246 certain about his piek and double certain about mine;
840 4151 2996 4365 Waterloo five to one; Barometer twenty to one:
844 4354 2963 4510 Busserl seven to one: Attilla sixteen to one.
500 4488 772 4666 Marg.
837 4503 1590 4680 Sixteen to one?
511 4601 3423 4832 Clem: Lord Byron one and one half to one--that's us, my dear.
511 4811 1199 4988 Marg: I know.
500 4912 3018 5140 Clem: Besides, it’s sixteen weeks yet to the Handieap.
464 5079 3170 5245 Marg: Apparently, he looks upon it as a elean "run-avay".
511 5238 3307 5448 Clen. Not quite--but where did you piek up your turf-linge?
706 5379 3170 5647 : Oh, I used this sort, of talk before I know you. Is
