3336 5160
238 729 2970 992 rage. One can't count on him. I cannot see what the out-
224 913 1173 1130 mne of this will be.
220 1097 3002 1332 GILBERT: Ah, so he forbade you to write. He cannotingen
249 1227 2974 1458 have his believed use her brain, so to speak. Oh, this is
206 1379 2923 1624 kquisite - and that is the blood of the country! And you
202 1566 2883 1819 re'nt you ashened to feel the same in the arms of such an
188 1696 1252 1884 diot, you who once...
206 1866 2815 2151 MARGARET: I forbid you to speak of him in that manner;
184 2057 1371 2216 ou do not understand him.
209 2147 924 2342 GILBERT: Hun!
198 2320 2826 2548 MARGARET: You don't know why he objects to my writing
155 2476 2862 2707 nly because he loves me. He feel that I live in another
155 2631 2735 2858 world, onestled to him - he is ashamed for me, that I
137 2840 2945 3024 pread, breadcast, for anyone to know, the inner lmotions of
141 3006 2855 3176 y soul; he wants me for himself alone; and that is why he
130 3118 2941 3353 olted out - no, he did'nt bolt - Clemens is not the type of
134 3313 801 3450 an who bolts -
166 3414 2764 3648 GILBERT: But he is gone, at any rate; we won't argue
119 3569 2919 3786 about the tempe - and he has gone because he cannot tolerate
115 3742 2551 3980 the fact that you give way to your creative impulee.
141 3890 2797 4128 MARGARET: Oh, if he could only understand that... But
105 4085 3002 4291 hat is evidently not to be. I could be the best, the trust,
108 4237 2692 4399 the noblest wife in the world, if there only was such a
87 4410 1840 4641 person as the right man in existence.
