3784 5176
1320 246 1491 397 1
3309 352 3470 533 34
694 704 2321 944 MARGARET: (More and more oneasy).
687 858 3217 1101 CLEDINS: Unfortunately the character themselves are
687 1029 3306 1255 oldom asked about it. I must say that if I were a woman,
677 1179 3101 1395 would be careful what I told people. (Sharply) In
677 1333 3371 1617 spectable society, one would say that a woman compromised
656 1521 981 1720 erself.
660 1620 3193 1935 GILBERT: I don't know whether I would be regarded as
653 1815 3261 2044 member of respective society, but I should call such a
632 1962 1285 2181 man splendid.
643 2113 1299 2297 CLESONS: Ah!
632 2277 3385 2499 GILBERT: The important thing is how one meete it - for in
629 2434 3053 2650 way, what does it matter whether a woman has had an
632 2588 2106 2769 liance with this man, or that?
629 2759 3234 2961 CLEMENS: Mr.Gilbert, I call your attention to the fact
629 2872 2797 3101 at you are speaking in the presence of a lady.
629 3022 3043 3255 SILBERT: I speak before a comrade who may share my
622 3207 1754 3388 inions in these matters.
605 3347 1262 3532 CLEMONS: Oh!
615 3508 3255 3781 MARGARET: (Wddenly) Clemens! (At his feet). Clemens!
588 3658 2581 3863 CLERENS: (Surprised). But... Margaret?
598 3815 2062 4024 MARGARET: Clemens, forgive me.
585 3966 2988 4195 CLIMONS: But Margaret! (To Gilbert) This is very
585 4147 3193 4379 inful to me, Mr.Gilbert. Do get up, Margaret - get up -
588 4287 1620 4523 eryhhing is all right.
564 4475 1942 4684 MARGARET: (Looka up at him).
564 4619 1757 4902 como, stand up.
