4152 5960
463 394 3487 622 Clen: How absurd to ask; You forget, it'e the Damenpreis Kandi¬
757 498 3352 780 cap. Whom else could I get to ride him? And if Horner
749 649 3487 923 thought for a moment that I wasn't going to ride him, he'd
749 865 3402 1104 never in his life put up one and a half to one. You may
768 1035 2139 1205 stake all you've got on that.
784 1104 3290 1375 I’m well aware of that. You are so handsome when you
432 1158 707 1409 Marg.
780 1297 3340 1556 bestride a horse--honest and truly, too sweet for any-
792 1444 3367 1711 thing! I shall never forget that day in Munich, when I
780 1645 2247 1850 first made yourdesquaintances--
409 1745 3452 2023 Clem: Dlesse not to rrmind me of it. I had rothen luck that day.
792 1907 3483 2131 But you can believe me, Windy would never have won, if it
799 2031 3433 2286 were'nt for the ten lengths he gained at the start. But
811 2197 3386 2417 this time--never! You know, of course, it is decided
815 2402 2089 2572 we leave town the same day.
768 2579 1853 2776 Sam evening, you mean,
429 2556 699 2776 Marg:
788 2738 1834 2904 If you will —but why?
456 2780 707 2911 Clem:
765 2765 3552 3043 because it's been arranged we're to be married in the morn-
444 2915 730 3108 Marg.
795 3047 1517 3243 ing, has'nt it?
463 3182 1239 3375 Clem: Quite so.
467 3201 3572 3556 Marg. I am so happy. (embraces him) Now where shall we spend our
792 3506 1305 3684 honeymoon?
475 3552 3174 3838 Clem: I take it we're agreed. Are'nt we? On the estate.
475 3742 3313 3954 Marg: Oh, of course, later. Are'nt we going to take in the
803 3938 2409 4143 Riviera, as a ordinary tidbit?
483 3993 3521 4305 Clem: As for that, it all depends on the Handicap. —If we win--
475 4251 1483 4456 Marg: Surest thing;
490 4309 3452 4583 Clem: And besides, in April the Riviera's not at all good ton.
487 4556 1765 4753 Marg: Is that your reason?
517 4603 3618 4908 Clem: Of course it is, my love. In your former way of life there
826 4769 3653 5031 vere so few oppertunities for your getting a clear concept-
834 4950 3595 5205 ion of fashion--. Pardon me, but whatever there was, you
842 5093 3506 5390 must admit, really had its origin in the comio journals.
842 5336 1529 5525 Clem, please;
517 5286 795 5506 Marg.
869 5325 3630 5684 Woll, voll/ ve'll see. (continues reading) Badegast fif-
529 5498 780 5668 Clem:
857 5641 1483 5834 toon to one--
