3704 5128
1226 562 1650 775 LEONHARD
291 708 3040 939 (Imployingly) Then tell me, Pauline, why are you here today?
287 879 3107 1080 And why did you come yesterday and last week? And why, as
294 1062 3125 1226 we sat here Cqnietly together and your knee touched mine, why
287 1166 3047 1367 did you tremble? Why do your eyes grow point when I speak
287 1348 3129 1531 to you, and your lips pout with longing, even while we stand
276 1490 1613 1691 here so conventionally?
1162 1658 2056 1833 PAULINE
283 1766 3099 1978 Why do you ask me these things, Leonhard? I deny nothing.–
272 1952 3114 2183 Denials are vulgar and towardly. But it would be the worst
261 2086 3099 2306 of all lies if I were to say to you that I loved you. There
250 2276 3189 2522 has never been a moment when I believed it myself. But there
261 2444 3058 2630 was a moment when I was ready to become your mistress. You
238 2563 3084 2779 let that moment pass and it will not return--you will never
242 2704 3189 2932 even know when it was. Yes – that is life. It is no degree
231 2898 3215 3077 for me to tell you this—and it is no particular honor for you.
238 3032 3129 3222 It has happened many million times before. But most women in
224 3185 3073 3390 such a case would say "I will give you the love of a sister,
235 3341 3163 3561 a friend—ask for no other." I, Leonhard, I say to you that
197 3520 3107 3718 I have for you about every feeling you could wish me to have,
201 3628 3103 3874 except that of friendship. That I do not feel--(She stops
194 3822 3189 4049 s0ddenly oa if dreaming) Did I not say that to you onse before?
1114 3956 1680 4157 LEONHARD
194 4112 2984 4325 (Passionately) No, you have never spoken thus to me of mind
186 4273 3066 4485 my life's happiness, mPAULIER tself perhaps, for--what is it
168 4399 2384 4619 Strange--I seem to think so. hour of bliss--
1129 4574 1613 4779 LEONHARD
149 4705 3110 4943 Why did you stop so suddenly? he think of this sudden decision!
