4104 5240
2309 215 2542 466 1
976 929 3681 1129 MARGARET: I was at out with my family ; in fact, no one
888 1103 3656 1318 understood me. Well, those people... Can you believe that
888 1282 3729 1456 not one of my family realized that one wants something else
892 1424 3594 1602 of life besides a husband and pretty clothes and a social
888 1606 3514 1773 position. Ah, if I had had a child, perhaps everything
892 1730 3547 1908 would have turned outisserently. It is possible,but-
881 1901 3547 2090 perhaps not. I am very complex - but can you complain?
899 2090 3528 2225 In the end was'nt it the best thing I could have done -
885 2177 3809 2367 to go to Munich? Otherwise, would I have made you acquaintance
969 2385 3761 2534 CLEMENS: Yes, but you did'nt go there with that intention.
987 2509 3405 2724 MARGARET: I wanted to be free & spiritually free
874 2695 3594 2840 I wanted to see if I could make any headway by my own ef-
874 2855 3674 2997 forts; and you will admit that it appeared as if I had suc-
892 2964 2975 3168 ceeded. I was on the road to become favour.
969 3121 1591 3314 CLEMENTS:?
950 3266 3208 3448 MARGARET: But you were dearer to me than fame.
969 3470 2760 3627 CLEMENS: (Good naturedly) And surer.
987 3561 3659 3791 MARGARET: I never thought about that. I loved you from
881 3736 3619 3940 the first moment on; that was it. I have always dreamed
881 3929 3470 4089 of someone like you; I have always known that only one
881 4064 3558 4260 like you could make me happy. niace; that's no delusion.
881 4231 3780 4410 What is anything else compared to it? Do you see? That is
881 4366 2061 4570 why I always believe...
