4088 5208
941 837 3389 1076 MARGARET: Cartainly not; that is why I decided to
851 1049 3472 1160 divorce him. You know the story; I sould'nt live with
847 1195 3379 1399 a person who was interested in nothing but eating and
858 1368 1830 1542 drlnking vnd cotten.
955 1417 3646 1677 CLIMOMS: Yes, yes, but that was three years ago, and the
851 1653 2143 1802 poems you wrote much later.
938 1747 3455 1952 MARGARET: Yes, but think of the situation in which I
851 1962 1490 2132 found myself.
938 2077 3573 2264 CLEMENS: How? You suffered no want. In that respect
840 2292 3632 2410 your husband Inhaved veryAicely; you must grant him that.
840 2417 3528 2594 It was not necessary for you to eam money. And if they
851 2594 3636 2729 ever gave you one hundred gulden for a poem - and of course
865 2778 3563 2955 they don’t pay more than that - you were notienpelled to
858 2927 1722 3077 � write such a book.
941 3035 3716 3261 MARGARET: Dearest Clem, I did'nt mean in a material sense;
840 3229 3556 3361 I meant in a spiritual sense. Can't you conceive of such
840 3400 3563 3514 a thing? conditions were already much improved when you
840 3552 3382 3677 met me; in many ways I had found myself; but in the
840 3698 3604 3830 beginning - I was so bewildered,soéeinshed - I tried every-
840 3788 3511 3976 thing possible; I pointed, I even gave English lectures
840 4004 3288 4132 in the pension in which I lived. Just think of it!
840 4157 3462 4372 Twenty-four years of age - as a advanced woman - having
844 4323 1347 4500 no one...
941 4480 3354 4653 CLEMENS: Why did'nt you remain Ciuietly in Vienna?
