<?xml version="1.0" encoding="UTF-8" standalone="yes"?>
<PcGts xmlns="http://schema.primaresearch.org/PAGE/gts/pagecontent/2013-07-15" xmlns:xsi="http://www.w3.org/2001/XMLSchema-instance" xsi:schemaLocation="http://schema.primaresearch.org/PAGE/gts/pagecontent/2013-07-15 http://schema.primaresearch.org/PAGE/gts/pagecontent/2013-07-15/pagecontent.xsd">
    <Metadata>
        <Creator>prov=READ-COOP:name=TrHtr:version=2.1.0:model_id=51170:date=14_08_2023_20:00</Creator>
        <Created>2023-05-10T15:30:14.413+02:00</Created>
        <LastChange>2023-08-14T20:00:17.704+02:00</LastChange>
        <TranskribusMetadata docId="1429072" pageId="55436954" pageNr="159" tsid="132824111" status="IN_PROGRESS" userId="64420" imgUrl="https://files.transkribus.eu/Get?id=XBMLKGEQRWPGTRNZQMGCYROC&amp;fileType=view" xmlUrl="https://files.transkribus.eu/Get?id=VXNPHJLHNTEQOMPNOBVYVVXS" imageId="44710943"/>
    </Metadata>
    <Page imageFilename="1429072_0159.jpg" imageWidth="3608" imageHeight="5080">
        <ReadingOrder>
            <OrderedGroup id="ro_1711797816917" caption="Regions reading order">
                <RegionRefIndexed index="0" regionRef="tr_2"/>
                <RegionRefIndexed index="1" regionRef="tr_1"/>
            </OrderedGroup>
        </ReadingOrder>
        <TextRegion id="tr_2" custom="readingOrder {index:0;}">
            <Coords points="191,260 3175,260 3175,2773 191,2773"/>
            <TextLine id="tr_2_tl_1" custom="readingOrder {index:0;}">
                <Coords points="2925,362 2979,358 3014,378 3049,349 3087,374 3100,365 3122,374 3141,362 3169,368 3163,251 3125,254 3061,206 2998,228 2982,222 2973,235 2919,222"/>
                <Baseline points="2942,310 3032,310 3122,316 3175,322"/>
                <TextEquiv>
                    <Unicode>13.</Unicode>
                </TextEquiv>
            </TextLine>
            <TextLine id="tr_2_tl_2" custom="readingOrder {index:1;}">
                <Coords points="1117,641 1155,644 1193,622 1548,631 1551,517 1526,508 1475,539 1355,523 1313,539 1275,511 1225,527 1161,489 1120,485"/>
                <Baseline points="1134,614 1199,614 1289,614 1378,614 1468,608 1558,608"/>
                <TextEquiv>
                    <Unicode>LEONHARD</Unicode>
                </TextEquiv>
            </TextLine>
            <TextLine id="tr_2_tl_3" custom="readingOrder {index:2;}">
                <Coords points="1637,746 2643,742 2700,704 2947,739 2998,720 2998,581 2785,555 2712,606 2294,527 2081,622 1961,571 1637,615"/>
                <Baseline points="1653,692 1743,698 1832,698 1922,698 2011,692 2101,692 2190,692 2280,692 2369,692 2459,686 2548,692 2638,698 2728,698 2817,698 2907,698 2996,710 3002,710"/>
                <TextEquiv>
                    <Unicode>er. Paola stands looking at</Unicode>
                </TextEquiv>
            </TextLine>
            <TextLine id="tr_2_tl_4" custom="readingOrder {index:3;}">
                <Coords points="181,831 574,809 673,758 1326,796 1399,761 1399,631 850,631 720,584 178,692"/>
                <Baseline points="196,764 226,758 316,758 405,758 495,758 585,758 674,758 704,758 793,764 883,764 973,764 1062,764 1152,764 1241,764 1331,764 1408,758"/>
                <TextEquiv>
                    <Unicode>Remember? demember what?</Unicode>
                </TextEquiv>
            </TextLine>
            <TextLine id="tr_2_tl_5" custom="readingOrder {index:4;}">
                <Coords points="1529,850 1846,936 1938,885 2113,933 2214,882 2509,914 2605,853 2995,876 2995,787 2592,771 2459,711 2262,790 1529,749"/>
                <Baseline points="1546,829 1635,835 1725,841 1814,847 1904,853 1993,847 2083,847 2172,853 2262,847 2351,841 2441,841 2531,847 2620,847 2710,847 2799,847 2889,847 2978,841 3002,841"/>
                <TextEquiv>
                    <Unicode>arde rolls over to where she is</Unicode>
                </TextEquiv>
            </TextLine>
            <TextLine id="tr_2_tl_6" custom="readingOrder {index:5;}">
                <Coords points="1199,920 1237,942 1282,926 1383,945 1415,930 1501,952 1529,936 1602,942 1602,857 1558,847 1199,857"/>
                <Baseline points="1217,919 1253,913 1343,919 1432,919 1522,913 1611,907"/>
                <TextEquiv>
                    <Unicode>PAULINE</Unicode>
                </TextEquiv>
            </TextLine>
            <TextLine id="tr_2_tl_7" custom="readingOrder {index:6;}">
                <Coords points="1935,1034 2075,1006 2202,1072 2252,1044 2275,1060 2370,1031 2471,1044 2471,898 2338,895 2281,920 2214,882 2097,930 2049,895 1935,891"/>
                <Baseline points="1952,996 2041,996 2131,996 2220,996 2310,996 2399,996 2477,1002"/>
                <TextEquiv>
                    <Unicode>e the hem c</Unicode>
                </TextEquiv>
            </TextLine>
            <TextLine id="tr_2_tl_8" custom="readingOrder {index:7;}">
                <Coords points="2627,1082 2712,1088 2770,1056 2798,1063 2843,1018 2881,1018 2947,1060 3027,1015 3103,1009 3103,869 2982,869 2909,911 2836,879 2795,907 2757,898 2697,949 2627,930"/>
                <Baseline points="2644,996 2734,1002 2823,1002 2913,1002 3002,996 3092,996 3110,996"/>
                <TextEquiv>
                    <Unicode>germant.</Unicode>
                </TextEquiv>
            </TextLine>
            <TextLine id="tr_2_tl_9" custom="readingOrder {index:8;}">
                <Coords points="650,1069 825,1123 1006,1079 1310,1120 1415,1082 1716,1075 1716,1015 1596,1034 1501,990 1282,1022 650,990"/>
                <Baseline points="668,1068 740,1068 829,1068 919,1068 1008,1068 1098,1068 1187,1068 1277,1068 1367,1068 1456,1068 1546,1056 1635,1056 1725,1056"/>
                <TextEquiv>
                    <Unicode>dost not remember:-...</Unicode>
                </TextEquiv>
            </TextLine>
            <TextLine id="tr_2_tl_10" custom="readingOrder {index:9;}">
                <Coords points="174,1069 371,1110 435,1082 489,1095 533,1079 619,1104 619,999 571,977 527,996 463,993 320,958 174,999"/>
                <Baseline points="191,1068 280,1068 370,1068 459,1068 549,1068 626,1080"/>
                <TextEquiv>
                    <Unicode>Lionardo,</Unicode>
                </TextEquiv>
            </TextLine>
            <TextLine id="tr_2_tl_11" custom="readingOrder {index:10;}">
                <Coords points="663,1244 3119,1244 3119,1145 2595,1167 2170,1053 663,1139"/>
                <Baseline points="680,1217 770,1217 859,1217 949,1223 1038,1223 1128,1229 1217,1229 1307,1223 1396,1229 1486,1229 1575,1223 1665,1223 1755,1223 1844,1223 1934,1223 2023,1223 2113,1223 2202,1223 2292,1223 2381,1223 2471,1223 2560,1223 2650,1217 2739,1223 2829,1217 2919,1223 3008,1223 3098,1223 3122,1223"/>
                <TextEquiv>
                    <Unicode>(The Stage is plunged in sudden darkness. The bella</Unicode>
                </TextEquiv>
            </TextLine>
            <TextLine id="tr_2_tl_12" custom="readingOrder {index:11;}">
                <Coords points="685,1418 2817,1463 3023,1402 3023,1313 1605,1228 1358,1320 685,1323"/>
                <Baseline points="704,1372 793,1372 883,1372 973,1378 1062,1378 1152,1378 1241,1378 1331,1378 1420,1378 1510,1378 1599,1378 1689,1378 1778,1372 1868,1378 1957,1372 2047,1372 2137,1372 2226,1372 2316,1378 2405,1372 2495,1378 2584,1372 2674,1378 2763,1378 2853,1378 2942,1378 3032,1372"/>
                <TextEquiv>
                    <Unicode>are still heard tolling slowly until it has grown</Unicode>
                </TextEquiv>
            </TextLine>
            <TextLine id="tr_2_tl_13" custom="readingOrder {index:12;}">
                <Coords points="692,1529 2963,1589 2938,1459 1386,1504 692,1402"/>
                <Baseline points="710,1528 799,1528 889,1534 978,1534 1068,1528 1158,1528 1247,1534 1337,1534 1426,1528 1516,1534 1605,1528 1695,1528 1784,1528 1874,1528 1963,1528 2053,1528 2143,1528 2232,1534 2322,1534 2411,1528 2501,1528 2590,1534 2680,1528 2769,1534 2859,1528 2948,1534 2972,1534"/>
                <TextEquiv>
                    <Unicode>lighter again. Then they stop suddenly. During</Unicode>
                </TextEquiv>
            </TextLine>
            <TextLine id="tr_2_tl_14" custom="readingOrder {index:13;}">
                <Coords points="698,1710 2931,1754 2909,1602 698,1621"/>
                <Baseline points="716,1677 805,1683 895,1683 984,1683 1074,1683 1164,1683 1253,1683 1343,1683 1432,1683 1522,1683 1611,1683 1701,1689 1790,1683 1880,1689 1969,1683 2059,1683 2149,1683 2238,1683 2328,1683 2417,1683 2507,1683 2596,1683 2686,1683 2775,1683 2865,1683 2936,1683"/>
                <TextEquiv>
                    <Unicode>the moment of darkness the scene has changed to</Unicode>
                </TextEquiv>
            </TextLine>
            <TextLine id="tr_2_tl_15" custom="readingOrder {index:14;}">
                <Coords points="704,1853 3055,1916 3055,1704 1532,1811 704,1751"/>
                <Baseline points="722,1832 811,1832 901,1838 990,1838 1080,1838 1170,1832 1259,1832 1349,1832 1438,1838 1528,1832 1617,1838 1707,1838 1796,1832 1886,1838 1975,1838 2065,1838 2154,1838 2244,1838 2334,1838 2423,1838 2513,1838 2602,1838 2692,1838 2781,1838 2871,1838 2960,1844 3050,1844 3062,1844"/>
                <TextEquiv>
                    <Unicode>Remigio's studio. This is a large high-ceilinged</Unicode>
                </TextEquiv>
            </TextLine>
            <TextLine id="tr_2_tl_16" custom="readingOrder {index:15;}">
                <Coords points="704,2027 2916,2034 3071,2008 3071,1910 2528,1967 1259,1846 704,1929"/>
                <Baseline points="722,1981 811,1987 901,1987 990,1993 1080,1987 1170,1993 1259,1987 1349,1987 1438,1987 1528,1987 1617,1987 1707,1987 1796,1987 1886,1987 1975,1987 2065,1993 2154,1987 2244,1987 2334,1987 2423,1987 2513,1987 2602,1987 2692,1987 2781,1993 2871,1993 2960,1987 3050,1987 3080,1993"/>
                <TextEquiv>
                    <Unicode>room with high Gothic windows at back. There is a</Unicode>
                </TextEquiv>
            </TextLine>
            <TextLine id="tr_2_tl_17" custom="readingOrder {index:16;}">
                <Coords points="698,2192 2963,2192 3011,2043 1764,2110 698,2056"/>
                <Baseline points="716,2137 805,2137 895,2143 984,2149 1074,2149 1164,2149 1253,2149 1343,2143 1432,2149 1522,2143 1611,2149 1701,2149 1790,2149 1880,2149 1969,2143 2059,2143 2149,2143 2238,2137 2328,2137 2417,2143 2507,2143 2596,2143 2686,2143 2775,2143 2865,2143 2954,2143 3020,2149"/>
                <TextEquiv>
                    <Unicode>small door R.  L. towards the back a heavy</Unicode>
                </TextEquiv>
            </TextLine>
            <TextLine id="tr_2_tl_18" custom="readingOrder {index:17;}">
                <Coords points="692,2316 3103,2338 3052,2199 2560,2256 2373,2148 692,2240"/>
                <Baseline points="710,2298 799,2298 889,2298 978,2298 1068,2298 1158,2298 1247,2298 1337,2298 1426,2298 1516,2298 1605,2298 1695,2298 1784,2298 1874,2298 1963,2298 2053,2298 2143,2298 2232,2298 2322,2292 2411,2292 2501,2292 2590,2292 2680,2298 2769,2298 2859,2298 2948,2298 3038,2298 3110,2304"/>
                <TextEquiv>
                    <Unicode>redFurtain covering the entrance to an inner room.</Unicode>
                </TextEquiv>
            </TextLine>
            <TextLine id="tr_2_tl_19" custom="readingOrder {index:18;}">
                <Coords points="704,2465 3008,2487 2900,2383 2262,2335 1942,2430 1850,2370 1529,2417 1263,2310 704,2392"/>
                <Baseline points="722,2453 811,2453 901,2453 990,2453 1080,2453 1170,2453 1259,2453 1349,2453 1438,2453 1528,2453 1617,2453 1707,2453 1796,2453 1886,2459 1975,2453 2065,2453 2154,2453 2244,2453 2334,2453 2423,2453 2513,2447 2602,2447 2692,2447 2781,2453 2871,2453 2960,2459 3014,2459"/>
                <TextEquiv>
                    <Unicode>Copies of antiquestatues, pictures on the walls,</Unicode>
                </TextEquiv>
            </TextLine>
            <TextLine id="tr_2_tl_20" custom="readingOrder {index:19;}">
                <Coords points="692,2630 2633,2671 3061,2640 3109,2500 2833,2576 2484,2506 692,2554"/>
                <Baseline points="710,2596 799,2602 889,2608 978,2602 1068,2608 1158,2608 1247,2602 1337,2602 1426,2602 1516,2602 1605,2608 1695,2608 1784,2608 1874,2608 1963,2608 2053,2608 2143,2602 2232,2608 2322,2608 2411,2608 2501,2602 2590,2602 2680,2602 2769,2608 2859,2602 2948,2608 3038,2602 3116,2608"/>
                <TextEquiv>
                    <Unicode>appropriate for the date, early 16th century. It is</Unicode>
                </TextEquiv>
            </TextLine>
            <TextLine id="tr_2_tl_21" custom="readingOrder {index:20;}">
                <Coords points="692,2779 2506,2804 2465,2668 1634,2709 1275,2652 971,2722 692,2668"/>
                <Baseline points="710,2751 799,2757 889,2763 978,2757 1068,2757 1158,2757 1247,2757 1337,2757 1426,2757 1516,2757 1605,2763 1695,2757 1784,2757 1874,2757 1963,2757 2053,2763 2143,2757 2232,2757 2322,2757 2411,2757 2501,2757 2513,2757"/>
                <TextEquiv>
                    <Unicode>early down. The Stage is almost dark.</Unicode>
                </TextEquiv>
            </TextLine>
        </TextRegion>
        <TextRegion id="tr_1" custom="readingOrder {index:1;}">
            <Coords points="167,2863 3241,2863 3241,4875 167,4875"/>
            <TextLine id="tr_1_tl_1" custom="readingOrder {index:0;}">
                <Coords points="698,2938 3192,2947 3192,2862 2966,2811 2801,2877 698,2849"/>
                <Baseline points="716,2913 805,2913 895,2913 984,2913 1074,2913 1164,2913 1253,2913 1343,2913 1432,2913 1522,2913 1611,2913 1701,2919 1790,2913 1880,2913 1969,2913 2059,2913 2149,2913 2238,2913 2328,2913 2417,2913 2507,2913 2596,2913 2686,2913 2775,2913 2865,2919 2954,2919 3044,2919 3133,2919 3199,2919"/>
                <TextEquiv>
                    <Unicode>Lionardo (Leonhard) lies on the floor by the curtain,</Unicode>
                </TextEquiv>
            </TextLine>
            <TextLine id="tr_1_tl_2" custom="readingOrder {index:1;}">
                <Coords points="685,3103 1075,3077 1478,3188 2202,3080 3236,3106 3141,2947 2478,3020 2059,2931 1954,3014 1351,3030 685,2935"/>
                <Baseline points="704,3062 793,3062 883,3062 973,3068 1062,3068 1152,3062 1241,3068 1331,3068 1420,3068 1510,3068 1599,3068 1689,3074 1778,3068 1868,3068 1957,3068 2047,3068 2137,3068 2226,3068 2316,3068 2405,3068 2495,3068 2584,3068 2674,3068 2763,3068 2853,3068 2942,3068 3032,3068 3122,3068 3211,3074 3241,3074"/>
                <TextEquiv>
                    <Unicode>but he is not asleep.</Unicode>
                </TextEquiv>
            </TextLine>
            <TextLine id="tr_1_tl_3" custom="readingOrder {index:2;}">
                <Coords points="657,3239 3065,3242 3065,3157 2294,3182 2056,3100 1482,3192 1288,3112 657,3144"/>
                <Baseline points="674,3217 764,3217 853,3217 943,3223 1032,3223 1122,3217 1211,3223 1301,3217 1390,3223 1480,3223 1569,3223 1659,3217 1749,3223 1838,3223 1928,3223 2017,3217 2107,3223 2196,3223 2286,3223 2375,3223 2465,3223 2554,3223 2644,3223 2734,3223 2823,3223 2913,3223 3002,3223 3068,3223"/>
                <TextEquiv>
                    <Unicode>(In tenter of the stage a little to the front L. is</Unicode>
                </TextEquiv>
            </TextLine>
            <TextLine id="tr_1_tl_4" custom="readingOrder {index:3;}">
                <Coords points="685,3471 1031,3490 1259,3382 2379,3404 2402,3284 1904,3341 685,3306"/>
                <Baseline points="704,3366 793,3372 883,3378 973,3378 1062,3378 1152,3372 1241,3372 1331,3378 1420,3372 1510,3378 1599,3378 1689,3378 1778,3378 1868,3378 1957,3372 2047,3372 2137,3378 2226,3378 2316,3378 2405,3378 2411,3378"/>
                <TextEquiv>
                    <Unicode>a large picture coiled on an easel.)</Unicode>
                </TextEquiv>
            </TextLine>
            <TextLine id="tr_1_tl_5" custom="readingOrder {index:4;}">
                <Coords points="685,3560 2909,3575 3093,3550 3093,3452 685,3474"/>
                <Baseline points="704,3527 770,3527 859,3527 949,3533 1038,3533 1128,3527 1217,3527 1307,3527 1396,3527 1486,3527 1575,3533 1665,3533 1755,3533 1844,3527 1934,3527 2023,3527 2113,3527 2202,3527 2292,3533 2381,3533 2471,3527 2560,3527 2650,3527 2739,3527 2829,3533 2919,3533 3008,3533 3098,3521"/>
                <TextEquiv>
                    <Unicode>All is quiet for a few seconds, then Paola(Pauline)</Unicode>
                </TextEquiv>
            </TextLine>
            <TextLine id="tr_1_tl_6" custom="readingOrder {index:5;}">
                <Coords points="676,3690 3011,3728 3109,3712 3109,3560 1700,3613 1491,3528 676,3623"/>
                <Baseline points="692,3683 781,3683 871,3683 961,3683 1050,3683 1140,3683 1229,3683 1319,3683 1408,3683 1498,3683 1587,3683 1677,3683 1766,3683 1856,3683 1946,3683 2035,3683 2125,3689 2214,3689 2304,3683 2393,3683 2483,3683 2572,3683 2662,3683 2751,3683 2841,3683 2930,3683 3020,3683 3110,3683 3116,3689"/>
                <TextEquiv>
                    <Unicode>comes from behind the curtain L. She wears a loose</Unicode>
                </TextEquiv>
            </TextLine>
            <TextLine id="tr_1_tl_7" custom="readingOrder {index:6;}">
                <Coords points="676,3848 1228,3845 1326,3940 1583,3947 2056,3858 3014,3889 3061,3725 676,3769"/>
                <Baseline points="692,3838 781,3838 871,3838 961,3838 1050,3838 1140,3838 1229,3838 1319,3844 1408,3838 1498,3838 1587,3838 1677,3838 1766,3838 1856,3838 1946,3838 2035,3838 2125,3838 2214,3838 2304,3838 2393,3838 2483,3838 2572,3838 2662,3838 2751,3838 2841,3838 2930,3838 3020,3838 3068,3844"/>
                <TextEquiv>
                    <Unicode>flowing white garment, making her look exactly like</Unicode>
                </TextEquiv>
            </TextLine>
            <TextLine id="tr_1_tl_8" custom="readingOrder {index:7;}">
                <Coords points="692,4004 3147,4023 3147,3937 2827,3870 2211,3962 1377,3956 1228,3845 692,3924"/>
                <Baseline points="710,3987 799,3993 889,3993 978,3993 1068,3993 1158,3993 1247,3993 1337,3993 1426,3993 1516,3999 1605,3993 1695,3993 1784,3993 1874,3993 1963,3993 2053,3993 2143,3999 2232,3993 2322,3999 2411,3999 2501,3993 2590,3999 2680,3993 2769,3999 2859,3999 2948,3999 3038,3993 3127,3993 3151,3987"/>
                <TextEquiv>
                    <Unicode>the picture in the first scene. She passes Lionardo</Unicode>
                </TextEquiv>
            </TextLine>
            <TextLine id="tr_1_tl_9" custom="readingOrder {index:8;}">
                <Coords points="669,4175 2969,4191 2969,4061 2792,4051 669,4073"/>
                <Baseline points="686,4142 776,4142 865,4148 955,4148 1044,4148 1134,4148 1223,4154 1313,4154 1402,4154 1492,4154 1581,4154 1671,4154 1760,4154 1850,4148 1940,4148 2029,4148 2119,4154 2208,4154 2298,4148 2387,4148 2477,4154 2566,4148 2656,4148 2745,4148 2835,4148 2925,4148 2978,4148"/>
                <TextEquiv>
                    <Unicode>without seeing him, goes slowly to the easel and</Unicode>
                </TextEquiv>
            </TextLine>
            <TextLine id="tr_1_tl_10" custom="readingOrder {index:9;}">
                <Coords points="596,4315 3068,4337 3068,4219 2801,4188 596,4140"/>
                <Baseline points="614,4298 704,4303 793,4303 883,4309 973,4303 1062,4309 1152,4303 1241,4303 1331,4309 1420,4309 1510,4303 1599,4309 1689,4303 1778,4303 1868,4303 1957,4303 2047,4303 2137,4303 2226,4303 2316,4303 2405,4303 2495,4303 2584,4303 2674,4303 2763,4303 2853,4303 2942,4303 3032,4303 3074,4309"/>
                <TextEquiv>
                    <Unicode>raises the veil Cently from the picture. It is the</Unicode>
                </TextEquiv>
            </TextLine>
            <TextLine id="tr_1_tl_11" custom="readingOrder {index:10;}">
                <Coords points="178,4451 216,4454 225,4442 251,4461 276,4442 308,4448 327,4426 343,4426 336,4254 317,4257 305,4270 257,4267 247,4257 235,4264 219,4254 200,4270 171,4267"/>
                <Baseline points="191,4369 280,4369 352,4375"/>
                <TextEquiv>
                    <Unicode>Nots</Unicode>
                </TextEquiv>
            </TextLine>
            <TextLine id="tr_1_tl_12" custom="readingOrder {index:11;}">
                <Coords points="676,4549 1596,4461 3008,4546 3008,4381 1152,4305 676,4391"/>
                <Baseline points="692,4465 781,4459 871,4459 961,4459 1050,4459 1140,4459 1229,4459 1319,4459 1408,4459 1498,4459 1587,4459 1677,4459 1766,4459 1856,4459 1946,4459 2035,4459 2125,4459 2214,4459 2304,4459 2393,4453 2483,4459 2572,4459 2662,4459 2751,4459 2841,4459 2930,4465 3014,4465"/>
                <TextEquiv>
                    <Unicode>nature of the first scene, but not yet finished,</Unicode>
                </TextEquiv>
            </TextLine>
            <TextLine id="tr_1_tl_13" custom="readingOrder {index:12;}">
                <Coords points="162,4594 222,4606 244,4591 270,4606 352,4562 381,4578 403,4565 470,4572 466,4416 390,4413 346,4445 270,4442 254,4461 235,4445 159,4451"/>
                <Baseline points="179,4524 268,4530 358,4530 447,4530 477,4536"/>
                <TextEquiv>
                    <Unicode>Now do</Unicode>
                </TextEquiv>
            </TextLine>
            <TextLine id="tr_1_tl_14" custom="readingOrder {index:13;}">
                <Coords points="682,4619 3011,4695 2973,4534 2456,4559 2011,4457 1037,4578 682,4543"/>
                <Baseline points="698,4608 787,4614 877,4608 967,4614 1056,4614 1146,4614 1235,4614 1325,4614 1414,4614 1504,4614 1593,4614 1683,4614 1772,4614 1862,4620 1952,4614 2041,4614 2131,4614 2220,4614 2310,4614 2399,4614 2489,4614 2578,4614 2668,4614 2757,4614 2847,4614 2936,4614 3020,4614"/>
                <TextEquiv>
                    <Unicode>for the raised arm with the dagger is not pointed</Unicode>
                </TextEquiv>
            </TextLine>
            <TextLine id="tr_1_tl_15" custom="readingOrder {index:14;}">
                <Coords points="155,4737 263,4768 336,4721 390,4727 422,4711 581,4752 581,4600 485,4610 470,4597 444,4613 362,4559 273,4606 152,4591"/>
                <Baseline points="173,4680 262,4686 352,4686 441,4686 531,4686 585,4686"/>
                <TextEquiv>
                    <Unicode>Pour ce mee</Unicode>
                </TextEquiv>
            </TextLine>
            <TextLine id="tr_1_tl_16" custom="readingOrder {index:15;}">
                <Coords points="688,4876 711,4873 736,4882 752,4870 761,4876 777,4870 815,4882 825,4873 847,4873 841,4702 793,4711 774,4695 761,4702 739,4689 707,4708 682,4708"/>
                <Baseline points="704,4763 793,4769 853,4769"/>
                <TextEquiv>
                    <Unicode>in.</Unicode>
                </TextEquiv>
            </TextLine>
            <TextLine id="tr_1_tl_17" custom="readingOrder {index:16;}">
                <Coords points="949,4775 3011,4829 2969,4670 949,4629"/>
                <Baseline points="967,4763 1056,4769 1146,4769 1235,4763 1325,4763 1414,4763 1504,4763 1593,4763 1683,4763 1772,4763 1862,4769 1952,4769 2041,4769 2131,4769 2220,4769 2310,4769 2399,4769 2489,4769 2578,4769 2668,4769 2757,4769 2847,4769 2936,4769 3020,4775"/>
                <TextEquiv>
                    <Unicode>The picture cannot be distinotly seen until</Unicode>
                </TextEquiv>
            </TextLine>
            <TextLine id="tr_1_tl_18" custom="readingOrder {index:17;}">
                <Coords points="152,4870 352,4860 384,4879 501,4870 562,4886 555,4733 492,4743 444,4781 371,4749 276,4775 219,4746 149,4762"/>
                <Baseline points="167,4835 256,4835 346,4841 435,4847 525,4841 567,4847"/>
                <TextEquiv>
                    <Unicode>Dostrey</Unicode>
                </TextEquiv>
            </TextLine>
            <TextLine id="tr_1_tl_19" custom="readingOrder {index:18;}">
                <Coords points="1098,4863 1206,4889 1212,4879 1234,4898 1288,4886 1317,4902 1339,4886 1440,4911 1478,4898 1475,4784 1402,4787 1361,4771 1285,4794 1215,4775 1145,4797 1098,4778"/>
                <Baseline points="1116,4835 1205,4841 1295,4841 1384,4841 1474,4847 1480,4847"/>
                <TextEquiv>
                    <Unicode>the day</Unicode>
                </TextEquiv>
            </TextLine>
            <TextLine id="tr_1_tl_20" custom="readingOrder {index:19;}">
                <Coords points="1526,4905 1574,4889 1593,4905 1647,4870 1688,4895 1742,4892 1758,4905 1796,4879 1856,4895 1850,4765 1754,4794 1704,4794 1659,4775 1624,4775 1608,4794 1589,4775 1558,4784 1520,4765"/>
                <Baseline points="1540,4841 1629,4841 1719,4847 1808,4853 1862,4865"/>
                <TextEquiv>
                    <Unicode>befere.</Unicode>
                </TextEquiv>
            </TextLine>
        </TextRegion>
    </Page>
</PcGts>
