3832 5192
3174 293 3416 550 -16-
525 789 3203 1013 away.” When he didn’t come back, I imagined for a long
528 1057 3369 1165 time that he had died, and I often wept bitterly about it in
528 1165 3239 1350 the night. But after a while I met him in the street and
536 1346 3289 1487 with him the woman for whom he forsook my mother. I stood
528 1462 3148 1636 inside a door-way so that he might not see me, -- I, a
528 1636 3315 1809 child, was ashamed before him. Yes, I soon understood that
517 1773 3203 1932 my mother was quite free, free as if she had really been
525 1954 923 2139 widowed.
1455 2095 1723 2262 Haus.
517 2229 2761 2428 You made causes for us, is that what you mean?
771 2381 1733 2587 (A little distantly)
1444 2551 1726 2703 Hein.
517 2696 2197 2870 Forgive me, I express myself bodily.
767 2862 1397 3054 (More warmly)
525 2989 2967 3203 But why should not we speak naturally of simple and
514 3174 3105 3318 natural things, especially at times like this? I felt
528 3279 3438 3474 impelled to take your hand as if it were indeed my father’s –
517 3499 2526 3640 for I know how clearly my mother loved you.
756 3583 3232 3774 (It has grow gradually dark. Outside the fence, in
811 3767 2736 3944 the street, the lamps have been lighted)
1440 3926 1726 4104 Haus.
525 4078 3152 4270 Loved me -- that would be strange indeed. When one is
525 4292 3206 4458 achtung, all the world is in love. Friends, Heinrich, we
525 4404 3253 4570 were -- old people, old friends. Do you understand? Or
510 4567 3253 4773 has the word no meaning when one is young? And how could
