3672 5112
1229 507 1623 693 Remigio
286 620 944 852 Go Lionardo!
1227 814 1645 990 LIONARDO
280 957 1186 1141 Remigio, kill me!-
270 1116 1839 1308 I’ll take no mercy at your hands
1229 1286 1599 1440 REMIGIO
205 1448 2108 1607 It is not mercy bids thee go from here
264 1585 2152 1761 Nor is it anger that would bar the way.
270 1742 2375 1914 There is no thought within my heart of thee:
208 1909 2017 2090 I do not need thee, so I bid thee go!
232 2046 399 2203 P.S.
1259 2063 1682 2211 LIONARDO
256 2187 1780 2370 Remigio I beseech you, kill me!
1871 2367 2357 2508 & the dead
1216 2362 1593 2529 HEMIGIO
264 2540 2435 2696 He kills who Oates, and he who loves can kill.
259 2677 2330 2834 Indifference has no weapon. Should I break
240 2820 2305 3001 The humble glass that the forbidden draught
232 2969 2308 3173 Was drink from by a wattless wayward child?
226 3141 2330 3289 because thou hast the gifte of conscious life
210 3287 2330 3451 Makes thee no more to me than what thou art,
200 3411 1928 3586 miserable instrument of chance,
178 3559 655 3759 But xxx
1267 3597 1709 3764 LIONARDO
173 3705 2160 3928 OI begged for death, but I demand it now!
607 3875 779 4050 a ee
941 3880 1742 4082 sans fait bien de pouvoir
1847 3885 2214 4050 all you,
175 4026 2203 4222 Thy wish moves me as little as thy prayer
210 4203 1866 4373 vom my poor hanld LIONARDO
2100 4195 2346 4357 life.
1383 4336 1793 4527 for all
210 4336 1327 4538 I'll force you to it.
1286 4478 1922 4694 you will live
367 4478 1089 4689 nur wife's long.
485 4640 2011 4818 stronger than death, in my wild
3176 262 3349 407 25.
