3640 5096
2874 369 3086 500 18.
1155 500 1618 698 LIONARDO
477 524 688 678 of the
752 440 1111 688 mei.
1749 524 2219 705 ession are
490 658 3183 886 (With passion) Paola look at me! (He takes her hand and
473 819 964 1051 holds it)
2122 883 2360 1058 tant
1128 977 1414 1165 PAOLA
1635 1001 2689 1178 tie said, before his do
494 1131 3012 1296 (She leaves her hand in his but does not turn to him.)
490 1283 2532 1491 And why? I know thee well enough: thou art
477 1457 1907 1628 Young Lionardo – yes – I know.
490 1605 2790 1739 Art pigment-mixer? No? Thon art not? What then?
490 1736 2434 1941 A page at Court? Orden a prince perhaps?
477 1904 2612 2088 Forgive! Not payment-mixer, prince nor page
470 2068 2206 2216 Thou art a painter, Lionardo called,
470 2209 2699 2394 And thou art fair I know. Why askest thou?
480 2360 2780 2521 That I should look at thee? With fast-closed eyes
470 2508 2827 2693 I'll tell thee more, I’ll tell thee all thou wilt.
477 2669 2639 2867 Thy hair is known and soft and lightly ourled:
463 2824 2585 3002 Thine eyes are blue and dark the brows above,
463 2985 2441 3159 Thy throat is slim and white as any maids,
463 3112 2669 3287 Thy limbs are willow slender, strong thine arm.
463 3290 2642 3462 Well, is't not enough? Must I still see thee?
463 3431 2542 3629 Drop thou my hand! (She Oraws away her hand)
1209 3593 1622 3781 LIONARDO
443 3760 2448 3969 Paola, wilt play with meK
1239 3891 2552 4083 PAOLA   theae lipe
839 3901 1189 4100 es ou
453 4049 3086 4224 (She has no eyes for him) From Florenoe will he bring ne
2642 4160 2992 4304 orders
608 4197 2585 4378 If so, then next time I will go with him.
638 4361 2615 4559 Think Lionardo, not since girlhood passed
638 4486 2736 4724 have I in Florence haen, seen Cosmo's glory-
601 4684 2783 4885 Nor met my brother since. But 'tis not that
1753 4825 2783 4979 The ladies of the court
