3352 5160
176 856 928 1039 GILBERT: For?
161 978 1021 1200 MARGARET: Guesa.
168 1175 1333 1365 GILBERT: For a juckey?
183 1315 1157 1512 MARGARET: Stupid!
183 1480 1877 1634 GILBERT: For a Count, a Prince?
179 1623 1275 1823 MARGARET: No, a Duke.
183 1781 2798 1963 GILBERT: (Bowing) You really did'nt spare any trouble.
197 1945 2812 2114 MARGARET: A Duke, who, of his own free will leaves his
100 2099 2690 2311 Castle, marries her and they go together to the Canary
107 2264 527 2465 Islands.
197 2361 2400 2569 GILBERT: Canary Ilands are fine. And then?
193 2561 1734 2755 MARGARET: With the landing at -
197 2712 1365 2909 GILBERT: The Canary...
197 2877 1630 3070 MARGARET:... the novel ends.
197 3042 2741 3246 GILBERT: I am terribly excited, especially about the
118 3203 580 3389 disguise.
197 3278 2762 3540 MARGARET: Even you would not recognize me if it were
118 3525 494 3704 not...
211 3636 1286 3866 GILBERT: Well, if...
201 3826 2837 3991 MARGARET: If the thirteenth chapter did'nt contain our
125 3959 2970 4170 entire correspondence; yes, all the letters which I wrote to
118 4102 2343 4320 you and which you wrote to me are in the book.
219 4295 2905 4582 GILBERT: But pardon me, where did you get those written
136 4439 1125 4657 to me; I have those.
201 4575 3081 4815 MARGARET: Yes, but I always oopied them before sending them
136 4822 509 5008 to you.
