4136 5992
483 507 3096 747 Gil: But you ought to realize that he's fathering you,
817 662 3061 874 undoing you utterly, orking through Egotism, to
810 845 3029 1011 destroy your inalienable self. Lock back for a
810 1007 3128 1180 moment at the Margaretts you were; at the freedom
821 1120 3079 1303 that was yours while you loved me. think of the
838 1279 3170 1494 younger set who kethered about me and who belonged
821 1441 3132 1624 no whit less to you? Do you never long for those
838 1599 3276 1782 days? Do you never call to mind the small room with
835 1754 3234 1980 its balcony....? Beneath us plunged the Isar....
842 1941 2765 2149 (He seize her hand and presses near her)
842 2138 1029 2251 Ahj
525 2128 778 2276 Marg:
856 2159 3607 2423 All's not beyond recall. It need not be the Isar, need it?
525 2304 743 2466 Gil:
856 2342 3501 2593 I have something to propose to you, Margarette. Tell him
849 2469 3582 2698 when he returns that you still have some important matters
881 2670 3713 2846 to arrange in Munish, and spend the time with mes Margarettes,
877 2800 3515 2998 you are so lovely! We shall be happy again as then. Do
870 2924 3681 3181 you remember (very near her) "Abandoned on thy breast and--
895 3121 3403 3339 (retreating brusquely from him) Go, go away. No, No.
542 3163 807 3396 Marg:
888 3315 2846 3473 Please go away. I don't love you anymore.
881 3427 3685 3614 Oh, h'm—indeed! Oh, in that case I beg your pardon.(cause)
546 3505 775 3699 Gil:
888 3632 1744 3776 Adieu, Margarette.
877 3811 1194 3942 Adieu.
564 3808 810 3984 Margi
898 3843 3670 4061 Won't you present me with a copy of your novel as a parting
574 3980 778 4153 Gil:
898 4104 1959 4238 gift? As I have done?
909 4195 3540 4431 It has'nt appeared yet. It won't be on sale before next
571 4283 835 4467 Marg:
905 4414 1177 4530 week.
863 4442 3427 4681 Pardon my inquisitiveness, what kind of a story is it?
588 4512 824 4752 Gil:
916 4622 3533 4826 The story of my life. So voiled, to be sure, that I am
578 4738 859 4928 Marg:
912 4812 2483 5013 in no danger of beingffenized.
930 5009 2593 5122 I see, How did youmanage to do it?
595 5037 821 5210 Gil:
944 5097 3558 5386 Very simply. For one thing, the herein is not a vriter
602 5189 891 5382 Marg:
905 5333 1620 5456 but a painter.
912 5470 1529 5625 Very clever.
602 5365 838 5643 G11:
