3864 5240
587 834 1559 1170 Yes there is nothing
1735 961 3440 1245 me to do but to bid good day. I am
583 1144 1204 1324 really sorry.
1761 1271 2004 1481 cle.
580 1406 3279 1656 I am really sorry that you should have Witnessed a scene,
587 1589 3002 1899 which I may alme call a domestic one, Mr. Gilbert.
1739 1753 2041 1907 Gilb.
546 1925 3548 2120 Oh. I will not trespass upon your further -- Dear Lady and you
535 2090 3395 2240 my dear Baron, will you allow me as a visible sign that every
520 2210 3462 2464 misunderstanding between us is past and also as a very poor ex-
520 2378 3241 2569 pression of my sympathy to offer you, Baron, my new novel.
1716 2531 1940 2681 cle.
516 2531 3286 2920 You are very good, Mr. Gilbert but I must admit, - - German
494 2845 3432 3025 novels are not my "faible". Well this shall be the last that I
486 2969 2236 3178 will read or rather the last but one
1544 3148 2150 3369 Mag. de Gilb.
490 3238 1312 3496 The last but one
1679 3447 1892 3600 Ole.
475 3522 699 3772 yes.
1660 3731 1888 3952 Mag.
456 3836 1753 4109 And which will be the last.
1667 4075 1892 4232 Cle.
434 4206 1234 4408 Yours, ny dear.
733 4322 2453 4580 (He lay a copy of it on the table.)
419 4483 2741 4771 I begged one copy from Kunigel for - for us both.
1447 4673 2060 4898 Mag. & Gilb.
684 4804 1787 4999 (Glance at each other.)
