<?xml version="1.0" encoding="UTF-8" standalone="yes"?>
<PcGts xmlns="http://schema.primaresearch.org/PAGE/gts/pagecontent/2013-07-15" xmlns:xsi="http://www.w3.org/2001/XMLSchema-instance" xsi:schemaLocation="http://schema.primaresearch.org/PAGE/gts/pagecontent/2013-07-15 http://schema.primaresearch.org/PAGE/gts/pagecontent/2013-07-15/pagecontent.xsd">
    <Metadata>
        <Creator>prov=READ-COOP:name=TrHtr:version=2.1.0:model_id=51170:date=14_08_2023_19:59</Creator>
        <Created>2023-05-10T15:29:54.273+02:00</Created>
        <LastChange>2023-08-14T19:59:45.467+02:00</LastChange>
        <TranskribusMetadata docId="1429072" pageId="55436430" pageNr="45" tsid="132823983" status="IN_PROGRESS" userId="64420" imgUrl="https://files.transkribus.eu/Get?id=XKPILWNGJSNVEDPEMBFHRBXL&amp;fileType=view" xmlUrl="https://files.transkribus.eu/Get?id=RLFEIONDDUDXJKUSFXMDXUAN" imageId="44710419"/>
    </Metadata>
    <Page imageFilename="1429072_0045.jpg" imageWidth="3608" imageHeight="5096">
        <ReadingOrder>
            <OrderedGroup id="ro_1711797553328" caption="Regions reading order">
                <RegionRefIndexed index="0" regionRef="tr_1"/>
            </OrderedGroup>
        </ReadingOrder>
        <TextRegion id="tr_1" custom="readingOrder {index:0;}">
            <Coords points="352,964 3299,964 3299,4700 352,4700"/>
            <TextLine id="tr_1_tl_1" custom="readingOrder {index:0;}">
                <Coords points="1542,1031 1574,1031 1618,1057 1650,1042 1672,1053 1683,1046 1733,1078 1759,1071 1762,952 1744,952 1668,905 1625,923 1589,897 1581,905 1542,905"/>
                <Baseline points="1563,1014 1652,1020 1742,1014 1772,1014"/>
                <TextEquiv>
                    <Unicode>cle.</Unicode>
                </TextEquiv>
            </TextLine>
            <TextLine id="tr_1_tl_2" custom="readingOrder {index:1;}">
                <Coords points="398,1201 919,1172 992,1220 1133,1183 1596,1252 1708,1216 1708,1075 1639,1049 1158,1078 1049,1035 840,1100 521,1039 398,1064"/>
                <Baseline points="417,1157 507,1163 596,1169 686,1169 775,1169 865,1169 954,1169 1044,1169 1133,1169 1223,1169 1312,1169 1402,1175 1491,1175 1581,1175 1670,1175 1718,1175"/>
                <TextEquiv>
                    <Unicode>Well, what did Szigrati say?</Unicode>
                </TextEquiv>
            </TextLine>
            <TextLine id="tr_1_tl_3" custom="readingOrder {index:2;}">
                <Coords points="1534,1375 1614,1375 1657,1343 1686,1368 1733,1375 1755,1397 1777,1397 1773,1263 1733,1267 1726,1259 1686,1277 1665,1263 1650,1270 1628,1248 1603,1252 1578,1234 1531,1248"/>
                <Baseline points="1551,1324 1640,1330 1730,1330 1784,1330"/>
                <TextEquiv>
                    <Unicode>Mag.</Unicode>
                </TextEquiv>
            </TextLine>
            <TextLine id="tr_1_tl_4" custom="readingOrder {index:3;}">
                <Coords points="384,1509 3293,1549 3264,1397 380,1393"/>
                <Baseline points="405,1467 495,1473 584,1473 674,1473 763,1479 853,1473 942,1473 1032,1473 1121,1479 1211,1479 1300,1479 1390,1479 1479,1479 1569,1479 1658,1485 1748,1485 1837,1485 1927,1485 2016,1485 2106,1485 2195,1491 2285,1485 2374,1491 2464,1485 2553,1491 2643,1491 2732,1491 2822,1491 2912,1491 3001,1491 3091,1491 3180,1497 3270,1503 3299,1509"/>
                <TextEquiv>
                    <Unicode>That he didn’t intend to let Badegast run for the Ladies Cup.</Unicode>
                </TextEquiv>
            </TextLine>
            <TextLine id="tr_1_tl_5" custom="readingOrder {index:4;}">
                <Coords points="1556,1657 1578,1661 1610,1643 1661,1661 1665,1654 1690,1661 1712,1650 1737,1665 1751,1650 1770,1647 1766,1571 1730,1578 1650,1516 1632,1516 1585,1549 1549,1542"/>
                <Baseline points="1575,1623 1664,1635 1754,1640 1778,1640"/>
                <TextEquiv>
                    <Unicode>cle.</Unicode>
                </TextEquiv>
            </TextLine>
            <TextLine id="tr_1_tl_6" custom="readingOrder {index:5;}">
                <Coords points="373,1773 2909,1853 2909,1723 2606,1668 840,1708 369,1607"/>
                <Baseline points="393,1772 483,1778 572,1778 662,1778 751,1778 841,1778 930,1784 1020,1784 1109,1784 1199,1784 1288,1784 1378,1784 1467,1784 1557,1790 1646,1790 1736,1790 1825,1790 1915,1790 2004,1796 2094,1796 2184,1796 2273,1796 2363,1796 2452,1796 2542,1796 2631,1796 2721,1796 2810,1796 2900,1796 2917,1796"/>
                <TextEquiv>
                    <Unicode>Now don't believe all Szigrati tells you. He is just</Unicode>
                </TextEquiv>
            </TextLine>
            <TextLine id="tr_1_tl_7" custom="readingOrder {index:6;}">
                <Coords points="373,1969 3051,2005 3166,1864 369,1860"/>
                <Baseline points="393,1939 483,1933 572,1933 662,1933 751,1939 841,1939 930,1933 1020,1939 1109,1933 1199,1933 1288,1939 1378,1939 1467,1939 1557,1939 1646,1939 1736,1939 1825,1945 1915,1945 2004,1945 2094,1945 2184,1945 2273,1939 2363,1945 2452,1945 2542,1945 2631,1945 2721,1951 2810,1951 2900,1951 2989,1951 3079,1951 3168,1951 3174,1951"/>
                <TextEquiv>
                    <Unicode>putting a report about that Badegast won't run so as to get</Unicode>
                </TextEquiv>
            </TextLine>
            <TextLine id="tr_1_tl_8" custom="readingOrder {index:7;}">
                <Coords points="380,2150 431,2124 593,2153 847,2142 879,2110 973,2099 973,1969 905,1951 753,1958 641,2001 514,1965 456,1998 380,1990"/>
                <Baseline points="399,2082 489,2088 578,2088 668,2088 757,2088 847,2088 936,2088 978,2082"/>
                <TextEquiv>
                    <Unicode>bigger odds.</Unicode>
                </TextEquiv>
            </TextLine>
            <TextLine id="tr_1_tl_9" custom="readingOrder {index:8;}">
                <Coords points="1520,2262 1589,2262 1643,2287 1654,2280 1675,2298 1748,2276 1741,2131 1650,2150 1632,2131 1607,2128 1549,2164 1516,2168"/>
                <Baseline points="1539,2243 1629,2243 1718,2249 1754,2255"/>
                <TextEquiv>
                    <Unicode>Mag.</Unicode>
                </TextEquiv>
            </TextLine>
            <TextLine id="tr_1_tl_10" custom="readingOrder {index:9;}">
                <Coords points="391,2417 876,2406 937,2450 1364,2406 1632,2479 1744,2435 1744,2309 1180,2356 966,2298 688,2338 391,2294"/>
                <Baseline points="411,2386 501,2386 590,2392 680,2392 769,2392 859,2392 948,2398 1038,2392 1127,2392 1217,2392 1306,2392 1396,2392 1485,2398 1575,2398 1664,2398 1754,2404"/>
                <TextEquiv>
                    <Unicode>Why that’s pure speculation.</Unicode>
                </TextEquiv>
            </TextLine>
            <TextLine id="tr_1_tl_11" custom="readingOrder {index:10;}">
                <Coords points="1538,2580 1603,2584 1621,2569 1647,2577 1661,2562 1712,2577 1751,2577 1751,2432 1686,2446 1650,2475 1585,2464 1556,2435 1538,2435"/>
                <Baseline points="1557,2548 1646,2548 1736,2548 1760,2548"/>
                <TextEquiv>
                    <Unicode>Cle.</Unicode>
                </TextEquiv>
            </TextLine>
            <TextLine id="tr_1_tl_12" custom="readingOrder {index:11;}">
                <Coords points="362,2696 622,2779 3083,2739 2989,2631 2055,2562 1657,2649 362,2562"/>
                <Baseline points="381,2685 471,2685 560,2691 650,2691 739,2697 829,2697 918,2697 1008,2697 1097,2697 1187,2697 1276,2697 1366,2697 1456,2697 1545,2703 1635,2703 1724,2703 1814,2703 1903,2697 1993,2703 2082,2703 2172,2703 2261,2697 2351,2703 2440,2703 2530,2703 2619,2709 2709,2709 2798,2709 2888,2709 2977,2709 3067,2709 3091,2709"/>
                <TextEquiv>
                    <Unicode>Do you suppose that we do not fpeculate? To many men, the</Unicode>
                </TextEquiv>
            </TextLine>
            <TextLine id="tr_1_tl_13" custom="readingOrder {index:12;}">
                <Coords points="365,2848 3141,2895 3141,2808 2967,2779 2110,2747 365,2794"/>
                <Baseline points="387,2834 477,2840 566,2846 656,2846 745,2846 835,2846 924,2846 1014,2846 1103,2846 1193,2846 1282,2852 1372,2852 1461,2852 1551,2852 1640,2852 1730,2852 1820,2852 1909,2852 1999,2852 2088,2852 2178,2852 2267,2852 2357,2858 2446,2858 2536,2858 2625,2858 2715,2858 2804,2858 2894,2864 2983,2864 3073,2864 3150,2864"/>
                <TextEquiv>
                    <Unicode>whole thing is nothing but a business transaction. Nancy a</Unicode>
                </TextEquiv>
            </TextLine>
            <TextLine id="tr_1_tl_14" custom="readingOrder {index:13;}">
                <Coords points="355,3007 3098,3051 3094,2920 355,2888"/>
                <Baseline points="375,2989 465,2995 554,2995 644,2995 733,2995 823,2995 912,3001 1002,3001 1092,3001 1181,3001 1271,3001 1360,3001 1450,3001 1539,3001 1629,3001 1718,3001 1808,3001 1897,3001 1987,3007 2076,3007 2166,3007 2255,3007 2345,3007 2434,3007 2524,3013 2613,3013 2703,3013 2792,3013 2882,3013 2971,3013 3061,3013 3102,3013"/>
                <TextEquiv>
                    <Unicode>man like Szigrati having any interest in sport for its own</Unicode>
                </TextEquiv>
            </TextLine>
            <TextLine id="tr_1_tl_15" custom="readingOrder {index:14;}">
                <Coords points="365,3163 3195,3203 3195,3098 3018,3065 365,3047"/>
                <Baseline points="387,3150 477,3150 566,3150 656,3144 745,3150 835,3150 924,3150 1014,3150 1103,3150 1193,3150 1282,3150 1372,3156 1461,3156 1551,3156 1640,3156 1730,3156 1820,3156 1909,3156 1999,3156 2088,3156 2178,3156 2267,3156 2357,3162 2446,3162 2536,3162 2625,3162 2715,3162 2804,3162 2894,3162 2983,3168 3073,3168 3162,3168 3204,3168"/>
                <TextEquiv>
                    <Unicode>sake. He might as well go into the banking business at once,</Unicode>
                </TextEquiv>
            </TextLine>
            <TextLine id="tr_1_tl_16" custom="readingOrder {index:15;}">
                <Coords points="347,3322 2768,3376 2768,3275 2573,3213 344,3192"/>
                <Baseline points="369,3293 459,3299 548,3299 638,3299 728,3299 817,3299 907,3305 996,3305 1086,3305 1175,3299 1265,3305 1354,3305 1444,3311 1533,3305 1623,3305 1712,3305 1802,3305 1891,3311 1981,3311 2070,3311 2160,3311 2249,3311 2339,3311 2428,3311 2518,3317 2607,3317 2697,3317 2774,3323"/>
                <TextEquiv>
                    <Unicode>Resides it's safe to lay 100 to 1 against Badegast.</Unicode>
                </TextEquiv>
            </TextLine>
            <TextLine id="tr_1_tl_17" custom="readingOrder {index:16;}">
                <Coords points="1455,3470 1473,3467 1498,3485 1520,3470 1542,3492 1567,3492 1578,3503 1599,3496 1625,3521 1665,3503 1686,3507 1683,3362 1614,3380 1599,3365 1585,3376 1563,3373 1542,3355 1451,3358"/>
                <Baseline points="1473,3455 1563,3460 1652,3460 1694,3466"/>
                <TextEquiv>
                    <Unicode>Mag.</Unicode>
                </TextEquiv>
            </TextLine>
            <TextLine id="tr_1_tl_18" custom="readingOrder {index:17;}">
                <Coords points="362,3648 2862,3655 2862,3536 2045,3481 362,3510"/>
                <Baseline points="381,3604 471,3604 560,3610 650,3604 739,3604 829,3604 918,3604 1008,3610 1097,3610 1187,3610 1276,3604 1366,3610 1456,3610 1545,3610 1635,3610 1724,3616 1814,3616 1903,3616 1993,3616 2082,3616 2172,3616 2261,3616 2351,3616 2440,3616 2530,3616 2619,3622 2709,3622 2798,3622 2870,3616"/>
                <TextEquiv>
                    <Unicode>Really - I thought he looked splendidly this morning -</Unicode>
                </TextEquiv>
            </TextLine>
            <TextLine id="tr_1_tl_19" custom="readingOrder {index:18;}">
                <Coords points="1505,3850 1527,3847 1563,3818 1578,3829 1596,3825 1675,3767 1686,3764 1697,3774 1737,3767 1733,3698 1694,3706 1683,3698 1672,3706 1603,3702 1556,3662 1502,3666"/>
                <Baseline points="1527,3753 1617,3759 1706,3759 1742,3759"/>
                <TextEquiv>
                    <Unicode>Cle.</Unicode>
                </TextEquiv>
            </TextLine>
            <TextLine id="tr_1_tl_20" custom="readingOrder {index:19;}">
                <Coords points="337,3926 525,3973 651,3970 720,3923 858,3973 1096,3926 1364,3952 1364,3818 1183,3811 1002,3858 702,3807 619,3829 496,3782 405,3803 337,3764"/>
                <Baseline points="358,3908 447,3914 537,3914 626,3914 716,3914 805,3914 895,3914 984,3914 1074,3914 1163,3914 1253,3914 1342,3914 1372,3914"/>
                <TextEquiv>
                    <Unicode>Did you see Badegast</Unicode>
                </TextEquiv>
            </TextLine>
            <TextLine id="tr_1_tl_21" custom="readingOrder {index:20;}">
                <Coords points="1498,4115 1520,4115 1542,4096 1549,4104 1574,4100 1596,4082 1647,4104 1668,4104 1683,4089 1733,4093 1726,3955 1690,3955 1683,3966 1657,3963 1610,3981 1596,3970 1574,3977 1531,3944 1487,3930"/>
                <Baseline points="1515,4063 1605,4069 1694,4075 1742,4075"/>
                <TextEquiv>
                    <Unicode>Mag.</Unicode>
                </TextEquiv>
            </TextLine>
            <TextLine id="tr_1_tl_22" custom="readingOrder {index:21;}">
                <Coords points="365,4234 3195,4259 3195,4104 3072,4057 365,4093"/>
                <Baseline points="387,4212 477,4224 566,4224 656,4224 745,4224 835,4218 924,4218 1014,4218 1103,4218 1193,4218 1282,4218 1372,4218 1461,4224 1551,4224 1640,4224 1730,4224 1820,4224 1909,4224 1999,4224 2088,4224 2178,4224 2267,4224 2357,4224 2446,4224 2536,4224 2625,4224 2715,4224 2804,4224 2894,4230 2983,4230 3073,4236 3162,4242 3204,4248"/>
                <TextEquiv>
                    <Unicode>Why yes, Didnet Buters gallop him around just after Busserl.</Unicode>
                </TextEquiv>
            </TextLine>
            <TextLine id="tr_1_tl_23" custom="readingOrder {index:22;}">
                <Coords points="1509,4390 1603,4400 1632,4386 1708,4404 1730,4400 1719,4252 1639,4245 1603,4263 1563,4252 1531,4267 1498,4263"/>
                <Baseline points="1527,4368 1617,4373 1706,4379 1736,4379"/>
                <TextEquiv>
                    <Unicode>Cle</Unicode>
                </TextEquiv>
            </TextLine>
            <TextLine id="tr_1_tl_24" custom="readingOrder {index:23;}">
                <Coords points="333,4523 3159,4574 3159,4444 2450,4364 333,4393"/>
                <Baseline points="352,4517 441,4523 531,4523 620,4523 710,4523 799,4523 889,4523 978,4517 1068,4517 1157,4523 1247,4523 1336,4523 1426,4523 1515,4523 1605,4523 1694,4529 1784,4529 1873,4529 1963,4523 2052,4529 2142,4529 2231,4529 2321,4529 2410,4529 2500,4529 2589,4535 2679,4535 2768,4535 2858,4535 2947,4535 3037,4541 3126,4541 3168,4541"/>
                <TextEquiv>
                    <Unicode>Butters doesn't ride for Szigrati - It must have been one of</Unicode>
                </TextEquiv>
            </TextLine>
            <TextLine id="tr_1_tl_25" custom="readingOrder {index:24;}">
                <Coords points="337,4704 3054,4741 2917,4607 2142,4556 337,4567"/>
                <Baseline points="358,4672 447,4672 537,4678 626,4678 716,4678 805,4684 895,4678 984,4678 1074,4678 1163,4672 1253,4678 1342,4678 1432,4672 1521,4678 1611,4684 1700,4684 1790,4684 1879,4684 1969,4684 2058,4684 2148,4684 2237,4684 2327,4684 2416,4684 2506,4684 2595,4690 2685,4684 2774,4684 2864,4690 2953,4690 3043,4684 3061,4684"/>
                <TextEquiv>
                    <Unicode>the other grooms - And Badegast may look as fine as silk -</Unicode>
                </TextEquiv>
            </TextLine>
        </TextRegion>
    </Page>
</PcGts>
