<?xml version="1.0" encoding="UTF-8" standalone="yes"?>
<PcGts xmlns="http://schema.primaresearch.org/PAGE/gts/pagecontent/2013-07-15" xmlns:xsi="http://www.w3.org/2001/XMLSchema-instance" xsi:schemaLocation="http://schema.primaresearch.org/PAGE/gts/pagecontent/2013-07-15 http://schema.primaresearch.org/PAGE/gts/pagecontent/2013-07-15/pagecontent.xsd">
    <Metadata>
        <Creator>prov=READ-COOP:name=TrHtr:version=2.1.0:model_id=51170:date=14_08_2023_19:59</Creator>
        <Created>2023-05-10T15:29:54.899+02:00</Created>
        <LastChange>2023-08-14T19:59:46.518+02:00</LastChange>
        <TranskribusMetadata docId="1429072" pageId="55436454" pageNr="49" tsid="132823989" status="IN_PROGRESS" userId="64420" imgUrl="https://files.transkribus.eu/Get?id=GJJTTLPBOQWGDHSFNADXQZRE&amp;fileType=view" xmlUrl="https://files.transkribus.eu/Get?id=KXGZTKWYXUGUPMZPOGAKNIKK" imageId="44710443"/>
    </Metadata>
    <Page imageFilename="1429072_0049.jpg" imageWidth="3544" imageHeight="5048">
        <ReadingOrder>
            <OrderedGroup id="ro_1711797561414" caption="Regions reading order">
                <RegionRefIndexed index="0" regionRef="tr_2"/>
                <RegionRefIndexed index="1" regionRef="tr_1"/>
            </OrderedGroup>
        </ReadingOrder>
        <TextRegion id="tr_2" custom="readingOrder {index:0;}">
            <Coords points="307,829 3217,829 3217,1987 307,1987"/>
            <TextLine id="tr_2_tl_1" custom="readingOrder {index:0;}">
                <Coords points="292,954 2996,939 2907,817 289,806"/>
                <Baseline points="307,879 395,885 484,885 572,885 661,885 749,885 838,885 926,891 1015,891 1104,891 1192,897 1281,897 1369,897 1458,897 1546,903 1635,909 1723,903 1812,909 1901,909 1989,909 2078,909 2166,909 2255,915 2343,915 2432,921 2521,921 2609,921 2698,921 2786,926 2875,926 2963,926 3005,926"/>
                <TextEquiv>
                    <Unicode>had you would be perfect, and there is nothing perfect in</Unicode>
                </TextEquiv>
            </TextLine>
            <TextLine id="tr_2_tl_2" custom="readingOrder {index:1;}">
                <Coords points="322,1047 3207,1143 3207,1025 3011,991 318,954"/>
                <Baseline points="342,1033 430,1033 519,1033 608,1039 696,1033 785,1039 873,1039 962,1045 1050,1045 1139,1045 1228,1045 1316,1045 1405,1050 1493,1056 1582,1056 1670,1056 1759,1062 1847,1062 1936,1062 2025,1068 2113,1068 2202,1068 2290,1068 2379,1068 2467,1074 2556,1074 2645,1074 2733,1074 2822,1080 2910,1080 2999,1086 3087,1086 3176,1086 3217,1080"/>
                <TextEquiv>
                    <Unicode>this world. But why does it trouble you - you know that those</Unicode>
                </TextEquiv>
            </TextLine>
            <TextLine id="tr_2_tl_3" custom="readingOrder {index:2;}">
                <Coords points="303,1246 603,1306 980,1243 1069,1287 1324,1235 1594,1265 1594,1154 1505,1132 1209,1154 1128,1113 1006,1169 795,1121 303,1136"/>
                <Baseline points="324,1186 413,1186 501,1186 590,1186 678,1186 767,1192 856,1186 944,1192 1033,1198 1121,1198 1210,1204 1298,1204 1387,1204 1476,1204 1564,1210 1600,1216"/>
                <TextEquiv>
                    <Unicode>are not my own experiences.</Unicode>
                </TextEquiv>
            </TextLine>
            <TextLine id="tr_2_tl_4" custom="readingOrder {index:3;}">
                <Coords points="1468,1420 1487,1417 1528,1443 1550,1424 1598,1450 1657,1428 1642,1272 1620,1272 1613,1287 1602,1283 1576,1309 1550,1287 1528,1295 1505,1280 1491,1302 1457,1302"/>
                <Baseline points="1481,1352 1570,1357 1659,1369 1664,1369"/>
                <TextEquiv>
                    <Unicode>cle.</Unicode>
                </TextEquiv>
            </TextLine>
            <TextLine id="tr_2_tl_5" custom="readingOrder {index:4;}">
                <Coords points="292,1513 529,1550 584,1513 684,1528 725,1498 814,1542 880,1513 1121,1572 1117,1431 1058,1457 1010,1413 725,1406 647,1443 607,1417 510,1435 289,1372"/>
                <Baseline points="312,1481 401,1487 490,1493 578,1493 667,1493 755,1499 844,1499 932,1499 1021,1505 1109,1511 1127,1511"/>
                <TextEquiv>
                    <Unicode>I should hope so,</Unicode>
                </TextEquiv>
            </TextLine>
            <TextLine id="tr_2_tl_6" custom="readingOrder {index:5;}">
                <Coords points="1443,1716 1476,1713 1483,1701 1502,1698 1520,1713 1542,1698 1587,1709 1605,1690 1639,1705 1661,1701 1653,1605 1627,1609 1590,1594 1565,1609 1494,1587 1476,1590 1465,1579 1435,1579"/>
                <Baseline points="1458,1659 1546,1664 1635,1670 1664,1670"/>
                <TextEquiv>
                    <Unicode>Mag.</Unicode>
                </TextEquiv>
            </TextLine>
            <TextLine id="tr_2_tl_7" custom="readingOrder {index:6;}">
                <Coords points="296,1842 914,1812 1883,1868 1879,1694 1679,1764 1524,1690 1380,1753 1054,1709 795,1750 732,1687 625,1746 292,1716"/>
                <Baseline points="318,1788 407,1794 495,1788 584,1794 673,1800 761,1800 850,1800 938,1800 1027,1806 1115,1806 1204,1806 1292,1812 1381,1812 1470,1806 1558,1812 1647,1818 1735,1818 1824,1818 1889,1824"/>
                <TextEquiv>
                    <Unicode>They are mere fandies of the mind.</Unicode>
                </TextEquiv>
            </TextLine>
            <TextLine id="tr_2_tl_8" custom="readingOrder {index:7;}">
                <Coords points="1443,2045 1468,2045 1498,2027 1539,2045 1568,2042 1594,2020 1605,2031 1661,2027 1639,1868 1602,1868 1542,1894 1520,1886 1487,1905 1461,1901 1424,1916"/>
                <Baseline points="1452,1954 1540,1960 1629,1977 1664,1977"/>
                <TextEquiv>
                    <Unicode>cle.</Unicode>
                </TextEquiv>
            </TextLine>
        </TextRegion>
        <TextRegion id="tr_1" custom="readingOrder {index:1;}">
            <Coords points="224,2040 3211,2040 3211,4727 224,4727"/>
            <TextLine id="tr_1_tl_1" custom="readingOrder {index:0;}">
                <Coords points="274,2119 2966,2223 2963,2031 2785,1975 2545,2082 274,2034"/>
                <Baseline points="295,2090 383,2090 472,2095 560,2101 649,2101 738,2107 826,2107 915,2107 1003,2107 1092,2107 1180,2107 1269,2113 1357,2113 1446,2119 1535,2119 1623,2125 1712,2125 1800,2131 1889,2131 1977,2131 2066,2131 2154,2131 2243,2131 2332,2131 2420,2137 2509,2137 2597,2137 2686,2137 2774,2143 2863,2143 2952,2149 2975,2149"/>
                <TextEquiv>
                    <Unicode>Now stop right there. How can a lady have such fandies</Unicode>
                </TextEquiv>
            </TextLine>
            <TextLine id="tr_1_tl_2" custom="readingOrder {index:1;}">
                <Coords points="503,2356 573,2327 603,2341 629,2319 710,2330 755,2312 799,2334 858,2327 854,2167 792,2197 769,2179 736,2201 695,2193 681,2204 570,2171 496,2182"/>
                <Baseline points="519,2249 608,2255 696,2255 785,2261 867,2261"/>
                <TextEquiv>
                    <Unicode>(Reads)</Unicode>
                </TextEquiv>
            </TextLine>
            <TextLine id="tr_1_tl_3" custom="readingOrder {index:2;}">
                <Coords points="292,2474 2852,2489 2848,2382 2393,2330 292,2330"/>
                <Baseline points="312,2385 401,2397 490,2402 578,2408 667,2408 755,2408 844,2408 932,2414 1021,2414 1109,2414 1198,2414 1287,2414 1375,2420 1464,2414 1552,2420 1641,2426 1729,2426 1818,2426 1907,2426 1995,2432 2084,2432 2172,2432 2261,2432 2349,2438 2438,2438 2526,2444 2615,2444 2704,2450 2792,2450 2857,2450"/>
                <TextEquiv>
                    <Unicode>"Upon his neck all drink with bliss and wine, I hang in</Unicode>
                </TextEquiv>
            </TextLine>
            <TextLine id="tr_1_tl_4" custom="readingOrder {index:3;}">
                <Coords points="277,2582 448,2634 518,2574 962,2634 1250,2593 1687,2656 1775,2615 1742,2474 1298,2519 784,2482 688,2537 536,2478 274,2497"/>
                <Baseline points="295,2550 383,2550 472,2556 560,2556 649,2562 738,2562 826,2562 915,2568 1003,2568 1092,2568 1180,2568 1269,2568 1357,2568 1446,2574 1535,2574 1623,2574 1712,2574 1783,2562"/>
                <TextEquiv>
                    <Unicode>rapture, olinging where I Miss."</Unicode>
                </TextEquiv>
            </TextLine>
            <TextLine id="tr_1_tl_5" custom="readingOrder {index:4;}">
                <Coords points="510,2793 932,2770 1243,2811 1461,2774 1457,2622 1357,2659 1269,2626 999,2667 914,2634 803,2667 762,2637 710,2674 507,2615"/>
                <Baseline points="531,2709 619,2715 708,2715 797,2715 885,2715 974,2721 1062,2721 1151,2721 1239,2721 1328,2721 1416,2727 1470,2727"/>
                <TextEquiv>
                    <Unicode>(He shakes his head)</Unicode>
                </TextEquiv>
            </TextLine>
            <TextLine id="tr_1_tl_6" custom="readingOrder {index:5;}">
                <Coords points="255,2915 2959,2959 2959,2830 252,2770"/>
                <Baseline points="277,2857 366,2863 454,2863 543,2869 631,2869 720,2869 808,2875 897,2869 985,2875 1074,2875 1163,2875 1251,2875 1340,2881 1428,2881 1517,2881 1605,2881 1694,2887 1783,2887 1871,2887 1960,2887 2048,2893 2137,2893 2225,2893 2314,2893 2402,2893 2491,2898 2580,2898 2668,2904 2757,2904 2845,2904 2934,2904 2969,2898"/>
                <TextEquiv>
                    <Unicode>How can a lady set down such things. How can a lad print</Unicode>
                </TextEquiv>
            </TextLine>
            <TextLine id="tr_1_tl_7" custom="readingOrder {index:6;}">
                <Coords points="255,3074 2918,3077 2915,2948 255,2948"/>
                <Baseline points="277,3016 366,3016 454,3016 543,3022 631,3022 720,3022 808,3022 897,3022 985,3022 1074,3022 1163,3028 1251,3028 1340,3028 1428,3034 1517,3034 1605,3040 1694,3040 1783,3040 1871,3040 1960,3040 2048,3040 2137,3040 2225,3040 2314,3046 2402,3046 2491,3052 2580,3052 2668,3052 2757,3052 2845,3052 2922,3046"/>
                <TextEquiv>
                    <Unicode>such things. Every soul who read them will connected the</Unicode>
                </TextEquiv>
            </TextLine>
            <TextLine id="tr_1_tl_8" custom="readingOrder {index:7;}">
                <Coords points="259,3244 2900,3262 2789,3111 255,3118"/>
                <Baseline points="277,3164 366,3170 454,3170 543,3170 631,3170 720,3176 808,3176 897,3176 985,3176 1074,3182 1163,3182 1251,3188 1340,3188 1428,3182 1517,3188 1605,3188 1694,3188 1783,3188 1871,3188 1960,3194 2048,3194 2137,3194 2225,3200 2314,3200 2402,3200 2491,3200 2580,3200 2668,3200 2757,3200 2845,3205 2910,3205"/>
                <TextEquiv>
                    <Unicode>written with the neck, and the kisses and the dunkkenness.</Unicode>
                </TextEquiv>
            </TextLine>
            <TextLine id="tr_1_tl_9" custom="readingOrder {index:8;}">
                <Coords points="1450,3403 1472,3407 1509,3381 1535,3399 1550,3388 1565,3395 1609,3388 1631,3399 1657,3392 1646,3277 1620,3281 1605,3270 1579,3270 1553,3248 1531,3270 1524,3262 1505,3273 1487,3262 1472,3270 1439,3262"/>
                <Baseline points="1464,3329 1552,3335 1641,3341 1664,3347"/>
                <TextEquiv>
                    <Unicode>Mag.</Unicode>
                </TextEquiv>
            </TextLine>
            <TextLine id="tr_1_tl_10" custom="readingOrder {index:9;}">
                <Coords points="244,3588 1613,3566 1609,3392 1343,3436 1258,3395 1032,3432 899,3392 240,3403"/>
                <Baseline points="259,3465 348,3471 436,3471 525,3477 614,3477 702,3477 791,3477 879,3477 968,3477 1056,3483 1145,3483 1233,3483 1322,3483 1411,3489 1499,3489 1588,3489 1617,3489"/>
                <TextEquiv>
                    <Unicode>But there never was any neck.</Unicode>
                </TextEquiv>
            </TextLine>
            <TextLine id="tr_1_tl_11" custom="readingOrder {index:10;}">
                <Coords points="1450,3654 1480,3662 1516,3647 1602,3695 1642,3695 1642,3540 1616,3543 1594,3566 1550,3558 1520,3566 1505,3558 1480,3577 1450,3577"/>
                <Baseline points="1470,3636 1558,3636 1647,3636 1653,3636"/>
                <TextEquiv>
                    <Unicode>cle</Unicode>
                </TextEquiv>
            </TextLine>
            <TextLine id="tr_1_tl_12" custom="readingOrder {index:11;}">
                <Coords points="244,3843 2855,3858 2977,3836 2977,3717 240,3677"/>
                <Baseline points="265,3778 354,3778 442,3778 531,3778 619,3778 708,3784 797,3784 885,3784 974,3784 1062,3784 1151,3784 1239,3784 1328,3784 1416,3790 1505,3790 1594,3790 1682,3796 1771,3796 1859,3790 1948,3796 2036,3796 2125,3796 2214,3802 2302,3802 2391,3802 2479,3802 2568,3802 2656,3808 2745,3808 2833,3808 2922,3808 2987,3808"/>
                <TextEquiv>
                    <Unicode>I canÕt imagine it. Fortunately - and fortunately for you</Unicode>
                </TextEquiv>
            </TextLine>
            <TextLine id="tr_1_tl_13" custom="readingOrder {index:12;}">
                <Coords points="233,4002 888,3935 3211,4039 3207,3891 3096,3850 233,3854"/>
                <Baseline points="253,3926 342,3926 430,3926 519,3932 608,3932 696,3932 785,3932 873,3932 962,3932 1050,3932 1139,3932 1228,3938 1316,3938 1405,3938 1493,3938 1582,3938 1670,3943 1759,3938 1847,3943 1936,3943 2025,3949 2113,3949 2202,3949 2290,3949 2379,3949 2467,3955 2556,3955 2645,3961 2733,3961 2822,3961 2910,3961 2999,3961 3087,3961 3176,3961 3211,3961"/>
                <TextEquiv>
                    <Unicode>too Margaret. How did you conceive such thoughts. You couldn't</Unicode>
                </TextEquiv>
            </TextLine>
            <TextLine id="tr_1_tl_14" custom="readingOrder {index:13;}">
                <Coords points="226,4161 3181,4124 3070,4021 226,3991"/>
                <Baseline points="247,4079 336,4079 425,4079 513,4079 602,4079 690,4079 779,4079 867,4079 956,4079 1045,4079 1133,4079 1222,4085 1310,4085 1399,4091 1487,4085 1576,4091 1664,4091 1753,4097 1842,4091 1930,4097 2019,4097 2107,4097 2196,4097 2284,4097 2373,4103 2462,4103 2550,4103 2639,4109 2727,4109 2816,4115 2904,4115 2993,4115 3081,4115 3170,4115 3188,4115"/>
                <TextEquiv>
                    <Unicode>have written these burning words of love to your first husband</Unicode>
                </TextEquiv>
            </TextLine>
            <TextLine id="tr_1_tl_15" custom="readingOrder {index:14;}">
                <Coords points="207,4268 869,4339 1047,4261 1295,4309 1424,4257 1561,4335 1960,4268 1957,4183 1794,4161 203,4165"/>
                <Baseline points="224,4233 312,4233 401,4227 490,4233 578,4233 667,4233 755,4233 844,4239 932,4233 1021,4239 1109,4239 1198,4233 1287,4233 1375,4233 1464,4233 1552,4239 1641,4245 1729,4245 1818,4245 1907,4245 1966,4250"/>
                <TextEquiv>
                    <Unicode>ydu always say he misunderstood you.</Unicode>
                </TextEquiv>
            </TextLine>
            <TextLine id="tr_1_tl_16" custom="readingOrder {index:15;}">
                <Coords points="1380,4479 1450,4461 1502,4487 1531,4468 1546,4475 1605,4461 1598,4328 1579,4328 1565,4342 1539,4339 1461,4313 1428,4316 1402,4291 1369,4291"/>
                <Baseline points="1393,4380 1481,4386 1570,4392 1611,4392"/>
                <TextEquiv>
                    <Unicode>Mag.</Unicode>
                </TextEquiv>
            </TextLine>
            <TextLine id="tr_1_tl_17" custom="readingOrder {index:16;}">
                <Coords points="2186,4468 2238,4475 2256,4464 2286,4483 2341,4479 2356,4464 2375,4472 2408,4453 2434,4472 2482,4453 2478,4291 2408,4279 2378,4302 2290,4261 2182,4287"/>
                <Baseline points="2208,4445 2296,4439 2385,4439 2473,4445 2491,4445"/>
                <TextEquiv>
                    <Unicode>nders</Unicode>
                </TextEquiv>
            </TextLine>
            <TextLine id="tr_1_tl_18" custom="readingOrder {index:17;}">
                <Coords points="240,4605 2752,4642 2948,4579 2948,4427 2315,4520 240,4457"/>
                <Baseline points="259,4522 348,4522 436,4522 525,4528 614,4528 702,4528 791,4534 879,4528 968,4528 1056,4528 1145,4534 1233,4534 1322,4534 1411,4534 1499,4540 1588,4540 1676,4546 1765,4546 1853,4546 1942,4546 2031,4546 2119,4552 2208,4552 2296,4557 2385,4557 2473,4557 2562,4557 2650,4557 2739,4557 2828,4557 2916,4563 2957,4557"/>
                <TextEquiv>
                    <Unicode>Of course he did That's why I diversed him. You know all</Unicode>
                </TextEquiv>
            </TextLine>
            <TextLine id="tr_1_tl_19" custom="readingOrder {index:18;}">
                <Coords points="218,4819 3070,4749 3066,4646 2881,4609 215,4590"/>
                <Baseline points="236,4681 324,4681 413,4681 501,4681 590,4681 678,4681 767,4681 856,4681 944,4681 1033,4681 1121,4681 1210,4681 1298,4681 1387,4687 1476,4687 1564,4693 1653,4693 1741,4699 1830,4699 1918,4699 2007,4699 2095,4705 2184,4705 2273,4705 2361,4705 2450,4705 2538,4711 2627,4705 2715,4711 2804,4711 2893,4711 2981,4717 3070,4717 3076,4711"/>
                <TextEquiv>
                    <Unicode>about it. I couldn't live with a creature who hadn’t am idea</Unicode>
                </TextEquiv>
            </TextLine>
        </TextRegion>
    </Page>
</PcGts>
