3688 5128
499 657 3129 856 it seems worse to me than if someone dressed as a Greek
499 852 3408 1061 statue in tighta and exhibited herself in front of Bonacher's
492 1014 3448 1230 Such a statue does'nt say Boe, but the way these authora blurt
510 1190 2336 1366 out everything, is no laughing matter.
584 1267 3258 1553 MARGARET: (Restless) You forget dearest, that author
518 1498 1755 1627 do not always state facts.
595 1572 3221 1803 CLEMENS: And if they exäggerate, does that make it any
503 1800 911 1968 better?
599 1906 3368 2145 MARGARET: That is not exaggeration; one calls that hyper-
499 2137 775 2303 bole.
595 2281 2376 2428 CLEMENS: What kind of word is that?
613 2383 3309 2622 MARGARET: Or we relate things we have dreamed - which we
518 2589 2424 2696 have simply invented, never experienced.
599 2736 3177 2854 CLEMENS: I ask you not to say "we". Tank God you no
503 2883 1576 3041 lenger belong to them.
599 3030 1678 3210 MARGARET: who knows?
599 3166 2068 3335 CLEMENS: What do you mean?
617 3305 2901 3537 MARGARET: (Tenderly) Clemens, I must tell you.
606 3515 1979 3728 CLEMENS: Well, what is it?
613 3669 3100 3878 MARGARET: I do belong to them; I have not given up
521 3834 925 4014 uriting.
599 3919 1682 4117 CLEMENS: Since when?
599 4032 3232 4286 MARGARET: That is very simple - I am still writing, or
510 4227 3232 4440 rather, I have written something - yes, a thing like that
510 4433 3191 4605 is stronger than other people can comprehend. I think I
