4152 5976
678 387 3407 623 terminated difficulty--and maybe not. I oan lay claim to
682 560 3422 767 nany accomplishments, you know, Are you still prepared to
697 767 3389 959 complain? Was it not for the best that I went to Munich?
660 918 2611 1121 would I have made your asquaintance else?
649 1036 3120 1280 Clem: You did'nt go there with that object in view.
645 1316 3606 1490 Marg: I wanted to be free--inwardly I mean. I wantedd to prove
981 1427 3640 1582 to myself whether I could subceed through my own efforts.
981 1549 3448 1737 And, admit; did it look as if I was going to? I was
992 1707 2983 1906 pretty well advanced on the road to fame.
675 1914 933 2091 Clem:
996 1881 1239 2047 H°mj
999 1988 2692 2220 But you were dearer to me than fame.
664 2087 929 2224 Marg:
1010 2172 2319 2353 (good-naturedly) And surer.
664 2190 933 2371 Clem:
664 2312 3477 2493 Marg: I didn't give it a thought. I suppose it's because I
992 2504 3385 2640 loved you from the very start. For in my dreams, I
992 2629 3429 2806 always conjured up a man of your likeness. I always
999 2769 3706 2954 seemed to realize that it could only be a man like you who
1007 2961 3581 3109 would make me happy.Seo—is no "empty dream.” nothing
1007 3094 3492 3256 what=ver oan weigh in the balance with that. You see,
1007 3274 2814 3404 that's why I can't resist the belief--
1007 3396 1272 3577 What?
682 3378 944 3588 Clem:
1010 3558 3710 3713 Oh, I sometimes think ihmust have noble blood in my venis.
671 3581 944 3739 Marg:
1010 3695 1386 3887 How so?
690 3702 948 3912 Clem:
686 3817 1995 4082 Marg: It’s not improbable?
1025 3986 2434 4178 I'm afraid I don't understand.
682 4071 944 4196 Clem:
1018 4082 3547 4410 But I told you that any number of theglstocracy were
678 4207 948 4362 Marg:
1010 4300 2349 4480 entertained at our house--
682 4502 962 4646 Clem:
1018 4473 2128 4668 Well, and if they were.
682 4602 1678 4786 Marg: Who knows –--?
701 4742 3470 4982 Clem: Margaretre, you’re positively congressing. How can you
1007 4919 2054 5107 hint at such a thingj
1025 5037 3632 5244 I can never say what I think in your presence, it seems,
675 5037 959 5273 Marg:
1025 5240 3566 5395 That's your only short-coming--otherwise you would be
1010 5395 3577 5564 quite perfect. (she miles up to him). You've won my
1025 5550 3448 5730 heart completely. That very first evening when you
966 5657 3640 5834 walked into the safe with Wangenheim, I had an immediate
