3683 5272
655 2175 3290 2329 you want? If, in the long run, he should prove enough
637 2285 3308 2488 or you, you who have known better things - that is another
626 2458 3054 2628 tter. I can only say to you that for me, you are a
618 2605 1358 2797 negade in love.
618 2753 2804 2937 MARGARET: That word came to you on the train.
626 2904 2348 3106 CILBERT: It came to me this moment.
607 3047 2664 3249 MARGARET: Write it down; it's a good one.
626 3168 3389 3426 CILBERT: I have 'nt a word for you. Once you were a woman
607 3389 975 3478 you are
581 3419 3286 3584 sowa wanton. Yes you are! What could have attracted you
3294 420 3463 596 22
684 1067 3319 1236 on't be unfair...ansr you certainly were - shamefully
703 1248 3500 1398 ver. And you have succeeded. still ene cannot be surprised
725 1391 3143 1516 were always a snob. But at last you have your way
696 1524 3102 1693 have ensnared him - your noble youth with his well
673 1663 3161 1869 red-for hands and neglected brain. The skilled rider,
655 1803 3422 2064 t,fencer, tennis player, heart breaker; Marlitt could not
651 1987 3268 2182 ve created a more congressing character. Well, what more
581 3566 3360 3757 to a person of that sort? None but the basest, the lowest,
570 3702 946 3952 desires.
592 3798 3040 4022 MARGARET: I beg of you; you have no occasion to -
607 4000 3297 4177 GILBERT: Dear child, in every case I had a soul to oope
545 4206 795 4390 with.
607 4247 2359 4497 MARGARET: Yes, sometimes only that.
611 4482 3297 4659 CILBERT: Den't try to belittle our relations; you won't
530 4637 3481 4883 succeed - It remains for you the finest, the highest experience
