3592 5080
2886 247 3200 436 15.6
442 567 2297 767 And sick in humbleness upon the ground,
431 739 2291 975 Where troade the hnighty and unequaldene
1136 914 1564 1069 LIONARDO
2144 1019 2339 1228 ted i
422 1028 1705 1242 I know I am a dauber, Paola
422 1219 2328 1389 Not worthy with the master here to work:
436 1353 2250 1553 And many a morning stole so sluggishly
436 1528 2328 1700 Out of night’silouds, when I would fain
422 1686 2261 1869 have ended all my unless life at once.
422 1825 2250 2022 But this day this! It is another down
425 1978 2397 2150 And not for all the master's genus, fame,
428 2125 2447 2316 would I exchange the triumph of this night.
439 2294 2411 2441 When you, his wife, I held within my arms,
414 2422 2183 2608 And ask Remiggio if, were he to choose
428 2583 1483 2772 which he would chosse!
1158 2755 1450 2914 PAOLA
389 2900 1669 3091 Naturthaxetesxxxxhm
403 3055 2391 3230 Rone has the choice: not he nor I nor you.
403 3194 1233 3369 It comes to us--
1197 3330 1611 3536 LIONARDO
406 3508 2244 3689 And comes to each of us as he deserves.
1139 3661 1714 3847 PAOLA
1494 3783 1775 3950 the
408 3800 1436 3994 (Absently) Think you?
855 3975 1164 4119 long a
1205 3927 2139 4183 LIONARDO
356 4086 2344 4311 For he sees nenght in you of what you are
389 4283 2430 4488 White I see more than you can see yourself.
372 4438 2416 4638 Fulfillment of all beauty--of my dreams--
378 4597 2608 4783 Glows through your body, and from out your eyes
378 4752 2569 4947 Gleams back the meaning of life’s bidden deep
