3672 5096
1523 824 1762 1056 Mag.
302 1034 2163 1199 How did you get yours. Boforehand too?
1527 1210 1795 1361 Gilb.
294 1354 3050 1497 Oh no, I merely copied mine. I didn't wish to lose mine in
3101 1380 3285 1516 the
302 1494 3072 1670 mail. indeed there are a few which you never received, my
305 1666 3035 1839 dear, that was far too fine for you, that were far beyond
283 1836 522 1975 you.
1424 1990 1630 2108 Mag.
291 2141 1998 2318 But good heaven, if it’s true - - a
544 2255 2093 2454 (Looking through Gilbert's book.)
291 2450 3241 2590 Yes it is. Why it’s just as if we told everybody that we had -
287 2594 1133 2759 for heaven's sake
526 2733 2012 2921 (excitedly turning the leaves.)
280 2906 3193 3086 Is the letter there too which you sent me on the morning after
269 3083 1659 3223 the first night that we - -
1494 3215 1769 3366 Gilb.
261 3337 1884 3543 Of course that one was a beauty-
1494 3510 1692 3727 täng.
261 3682 3131 3804 But it’s Apartrageous - it's a scandal for all Europe. Clement
272 3852 3105 4006 too? good heaven, I begin to wish he never would come back.
261 3980 3039 4172 And you here. But wherever you may be, believe me, he will
261 4131 2303 4363 find you out, and shoot you like a mad dog.
1431 4300 1703 4470 Gibb.
508 4334 2112 4657 (St weking his book in his pocket.)
250 4591 1578 4793 Preposterous. Comparaison.
