3800 5176
618 853 3357 1102 that once you lay in my arms and adored me? I am merely a
600 1055 3401 1225 good friend from Munich, and a friend may surely visit you
690 1218 2269 1402 MARGARET: Anyone else - not you.
690 1362 3422 1554 GILBERT: Why not? You still misunderstand me - I assure
582 1539 3469 1706 you I am here only as a friend; everything else is over long
593 1684 2493 1868 ago - you will see (pointe to his book).
672 1821 1890 2009 MARGARET: What is that?
672 1973 1923 2165 GILBERT: My la test novel.
672 2136 2053 2302 MARGARET: You write novels?
661 2280 1680 2400 GILBERT: To be sure.
661 2428 2811 2652 MARGARET: Since when have you learned that?
661 2598 2053 2790 GILBERT! What do you mean?
654 2765 3429 2971 MARGARET: Ah, now I remember your real scope - the little
560 2934 2750 3075 sketches -observations of everyday happenings.
643 3064 3155 3227 GILBERT: (Angry). Mytwope - my scope is the world.
557 3238 3148 3451 I do not limit myself. I don't know what is to prevent
560 3335 2692 3578 my writing a novel. I write what pleases me.
629 3484 3419 3762 MARGARET: Well, the opinion of the competent orities was -
625 3664 2002 3813 CILBERT: Who is competent?
618 3831 3520 4076 MARGARET: Well, for instance, I remember a certain criticiam
560 4008 1930 4192 of Neuman in the Allgemeinen.
611 4167 2938 4387 GILBERT: Neuman is an idiot. I boxed his care.
607 4290 1666 4474 MARGARET: You what?
600 4427 3292 4698 OILBERT: In àmgination I boxed hie eare. At that time
