4152 5992
940 423 3592 721 The third chapter from the end, where our correspondence
599 490 870 713 Marg:
940 686 1892 827 is published entire.
936 791 1211 972 What?
611 744 823 1019 -11:
944 983 3463 1191 Yes, all the letters you sent me and those I sent you
607 1003 866 1179 Marg:
944 1085 2182 1301 are included in the novel.
936 1238 3679 1504 I see, But, pardon me, where did you get those you sent me?
615 1234 831 1449 Gil:
940 1453 1630 1583 I've got them.
944 1571 3443 1732 I know that. But, you see, I had the habit of always
607 1555 885 1755 Marg.
944 1696 1963 1892 making a rough draft.
944 1892 1649 2049 A rough draft?
623 1880 846 2041 Gil:
956 2049 1160 2194 Yes.
611 2076 897 2190 Marg:
948 2135 3557 2358 Adieh drafti Those letters which seemed to have been
639 2166 842 2382 Gil.
956 2311 3412 2492 dashed off in such tremulous haste. "Just one word,
972 2480 3541 2660 dearest, before I go to bed? My eyelids are heavy...."
956 2601 3475 2797 and when your eyelids were closed you wrote the whole
975 2813 1794 2958 thing over agsin.
646 2946 2096 3107 Marg:-Aro you piquod about it?
654 3087 3682 3244 Gil: I might have expected as much. I ought to be glad, however
936 3228 3522 3393 that they wer'nt bought from a professional leve-letter
932 3381 3616 3514 written. Oh, how everything begins to grumblei The whole
925 3549 3483 3710 past is nothing but a heap of ruins. She had a sough
932 3722 1967 3878 draft of her letters!
646 3831 3671 3984 Marg: Be content. Maybe my letters will be all that will remain
932 4015 2088 4156 immortal of your memory.
666 4164 3201 4317 Gil: And along with them will remain the fatal story.
658 4317 1171 4474 Marg: Why?
658 4399 3702 4611 Gil: (indieating his book) Because they also appear in my book
658 4576 1704 4807 Marg: Es In where?
654 4775 1536 4932 Gil: In my novel.
666 4932 1273 5085 Marg: What?
670 4952 2339 5265 Gil: Our letters--yours and mine.
666 5199 3812 5383 Marg: Where did you get your own? I've got them in my possession.
979 5324 2817 5528 Ah, so you too made an original draft.
