3336 5144
344 837 2949 1019 ENS: Yours, my child. (Takes a copy from his pecket).
321 1019 2734 1231 ed a copy of Keinigel to bring it here for you, or
298 1165 1059 1360 or, for us both,
288 1327 2721 1493 GARET and GILBERT: (Exchange embarrased glances).
275 1440 2840 1685 RAGARET: How good of you... (The novel is in her hand).
268 1622 1046 1814 . this is it...
258 1771 1830 1963 TENS: We will read it together.
242 1923 2807 2112 RGARET: No,Clemens- I cannot accept so much kindness.
248 2115 2727 2281 He (She Ihrows the book into the fireplace). I want
209 2261 1413 2446 know no more of all that.
218 2420 2204 2569 ALBERT: (Delighted). But my dear woman?
205 2545 2853 2747 LEMENS: (Toreplace). Margaret, what are you doing?
205 2708 2860 2916 ORGARET: (In front of fireplace) embraces Clemens) Now
182 2873 1592 3068 you believe that I love you?
185 3062 2840 3231 ILBERT: (Amused) It seems I am not needed here. My dear
185 3234 2797 3386 garet - Baron - (to himself) To think that I must miss
215 3360 976 3545 ending! (off)
1188 3485 1622 3671 Curtain.
