3672 5096
2807 465 2981 595 42
1415 768 1658 994 Mag.
255 990 1237 1145 I will fly with you.
584 1104 2209 1319 (She hunts for her hat and cloak.)
1459 1311 1743 1455 Gilb.
233 1411 2412 1596 What are, you thinking of. That are you doing.
1444 1610 1673 1751 Mag.
488 1718 2423 1939 (Much excited,) pinning her hat tight on.)
236 1917 3118 2039 Veccan go back to the past. You said so. It need not be the
233 2057 1104 2275 Iser - I am ready.
1489 2172 1762 2390 Gilb.
240 2375 2914 2512 Why it's perfectly crazy - to run off - what for. Didn’t
225 2527 3021 2674 you say that he would be able to track me If you are with
229 2663 3129 2837 me he'll track you too. It would be wiser if we each started
225 2870 543 3014 alone.
1415 2999 1658 3173 Mag.
211 3106 3180 3354 Miserable creature, would you leave me in the lurch? and a few
218 3276 3014 3483 mements ago - - you were there on your knew? Aren’t you
229 3476 624 3664 ashamed.
1341 3516 1603 3749 Gilb.
211 3812 3147 3941 And why. I am a sick nervous man. - - I am subject toAoods -
1404 3875 1629 4082 Mag.
462 4045 1614 4281 (At the edow sereams.)
1418 4259 1692 4370 Gilb.
218 4336 3003 4613 What's the matter - - what will the general's widow - think
203 4558 528 4732 of me.
451 4684 706 4905 it is
1256 4732 1481 4939 tter
779 4739 938 4894 11
