4104 5192
3579 151 3752 341 12
940 1054 3458 1237 MARGARET: Ah, they were alliealous of you. It was
863 1215 3594 1388 quite natural; you were so different - and then, they all
863 1329 3407 1549 courted me, just because I treated them all the same.
870 1505 3814 1700 You must have noticed it, did'nt you? Why are you langhing?
958 1670 3748 1843 CLEMENS: Funny; if anyone had told me that I should marry
863 1825 3682 1990 a regular customer of the cafe Maximilian! I like the two
855 1975 3495 2184 richta and in the last of all they were really like
863 2111 3554 2291 characters in a play - Do you remember? They looked so
855 2247 3576 2445 much slike and wentennership in everything - even with
870 2438 2926 2632 the Russian on the ladder, it seemed to me.
958 2599 3455 2786 MARGARET: I never bother myself about such things.
958 2662 3745 2937 CLERENS: By the way, those two must have been Jews,were'nt
863 2915 1171 3091 they?
947 3062 1762 3260 MARGARET: Why?
947 3220 3590 3447 CLEMENS: Well, they were always j Eking, and then their
852 3378 1263 3572 accent -
951 3535 3267 3701 MARGARET: You may keep your prejudiced remarks.
958 3693 3690 3866 CLEMENS: Dear child, don't be so sensitive. I know that
863 3840 3550 4020 you are only half Jewish - I really have nothing against
874 4002 3447 4178 the Jows - I once had ateacher who prepared me for my
855 4200 3590 4343 finals - who was a dew - my soul - and a splendid fellow.
855 4314 3594 4490 One meets all kinds of people. I don't regret having met
852 4486 3653 4688 your friends in Munich - that is part of one's experience
