3624 5064
1396 755 1626 919 Mag.
219 857 1392 1079 Please don't sputter so.
1494 1050 1768 1236 Gilb.
485 1206 1177 1396 (Not ’confused)
241 1356 1385 1542 That your day was over.
1432 1356 3189 1545 Our relations had reached their final
230 1498 2136 1713 goal. I do not regret that I loved you.
1381 1688 1593 1844 Mag.
219 1833 820 2030 Yes, but I -
1378 1997 1662 2143 Gilb.
222 2118 3146 2326 Perfect. In this little exclamation the connaisseur can recog¬
211 2333 3000 2442 nize all the distance between the personality of the artist
230 2449 3018 2573 and of the amateur. To you, Margaret, our relations mean no
211 2584 3007 2781 more than the remembrance of a couple of mad elghts, a few
222 2774 2989 2927 long and earnest talk, as we walked under the trees in the
211 2890 2796 3120 English garden - I have turned them into a work of art.
1378 3080 1593 3193 Mag.
211 3226 740 3397 So have I.
1378 3379 1633 3558 Gilb.
190 3525 1323 3736 How? What do you mean?
1443 3681 1677 3827 Mag.
208 3835 3033 3995 What you hit on, I hit on too, by the Lord. I have written
208 3980 2850 4130 a novel too. One in which our quondam relations and our
219 4130 2949 4330 quondam love - or what we calidd love, are preserved to im-
200 4312 693 4494 mortality.
1414 4432 1669 4622 Gilb.
211 4596 3142 4800 I wouldn’t talk of immortality until the second edition is out.
