3624 5080
2887 334 3054 519 32
1509 787 1741 929 Mag.
243 925 3091 1085 It's a very different thing for me to write a novel than for
236 1070 896 1281 you to do it.
1502 1230 1781 1400 cilb.
236 1382 620 1571 Agreed.
1473 1524 1690 1712 Magt.
261 1712 3040 1857 For you are a man and free - you have no need to steel away
243 1796 3098 2021 moments, those in which you dare to ba an artist- You do not
247 1981 1607 2187 set your future on the case.
247 2293 628 2507 Do you?
1473 2155 1745 2325 Gilb.
1466 2459 1694 2615 Mag.
247 2583 3047 2779 I have done it. half an hour ago, Clement left me because
261 2750 2115 2971 I confessed that I had written a:novel.
1484 2902 1752 3091 Gilb.
247 3051 1255 3283 left you? For ever?
1436 3170 1647 3384 Mag.
265 3370 2985 3544 I don't know. It may be. He left in anger. He is incal-
279 3508 2985 3725 culable. What conclusion he will come to concerning me, I
279 3700 1016 3885 cannot foresee.
511 3838 1270 4041 world if I could
1444 3823 1716 4012 Gilb.
261 3983 3163 4172 So he has forbidden you to write. He will not allow his love
287 4175 3138 4342 to use her mind beyond "presoribed limits". perfect. And this
272 4324 3102 4509 is the flower of the nation. Ah! Yes the flower. And you,
290 4458 3203 4647 are you not deshamed to experience in the arms of such an Cidiot
290 4618 1727 4832 the feelings that once you - -
