4104 5240
988 844 3746 1081 CLEMENS: But such, such - (takes a book from the mantel)
914 1092 3675 1303 that's the obiection. I can assure you that when I see it
911 1299 3705 1473 laying there, when I just think of it, I am ashamed that it
911 1425 1543 1621 is your work.
999 1566 3701 1765 MARGARET: That is where your understanding fails you...
892 1747 3816 1921 but... don't be angry - if you had that, you would be perfect,
914 1921 3620 2058 and that most likely should not be. But what embarrasses
907 2050 3816 2265 you about it? You know I have never experienced any of that.
992 2232 1869 2380 CLEMDENS: 1 hope -
1010 2413 3061 2565 MARFARET: That they are merely fantasies?
999 2524 3672 2672 CLEMENS: I must question that. How can a woman imagine
1925 2643 2239 2769 Reads:
2450 2635 2709 2746 about
899 2687 3875 2846 situations like these:/ “As I hung / your neck,my laps passed
899 2835 3775 3009 close to yours, my senses reeled,.... - How can a woman
914 2998 3575 3153 write such things? How can a woman have them printed?
903 3146 3675 3294 Everyone who reads them must picture the authoress and the
903 3309 3205 3475 neck in question, and the situation in question.
992 3464 3775 3601 MARGARET: But I assure you that such a neck never existed.
999 3587 3594 3783 CLEMENS: I can't picture it. That is my good fortune,
903 3775 3572 3920 and yours, Margaret. But where did you get such ideas?
911 3957 3749 4168 These ardent love-poems could'nt have referred to your first
899 4105 2980 4319 husband, as you say he never understood you.
