3784 5192
654 991 3220 1163 MARGARET: And you rockon that I have you to thank for
643 1142 851 1315 nem?
636 1283 3462 1452 GILBERT: would you have written them if I had not existed?
636 1445 1610 1610 re'nt they about me?
629 1585 2471 1768 MARGARET: No, they are not about you!
629 1747 3244 1933 GILBERT: I am dumbfounded. hall I remind you of the
587 1919 3009 2130 Vituations dealt with in your most beautiful poems?
612 2077 2496 2260 MARGARET: They were built on an ideal.
629 2221 2401 2411 CILBERT: (Points his finger at her).
622 2380 3188 2538 MARGARET: of which you were acidently the original.
612 2534 3248 2707 GILBERT: Ah, that's rich. Do you know what the French
566 2703 3343 2854 would say in a case of that kind 7 "Cest de la litterature",
714 2812 3487 2967 MARGARET: (minacking him) "Ce n'est pas de la litterature".
520 2970 3237 3178 That is the truth, the whole truth. Or do you really be-
517 3153 3290 3367 lieve that by the slim youth I meant you? That I sang of
506 3308 3009 3511 your curls? You were already fat at that time, and
524 3483 3076 3649 those were never curls (she catches hold of his hair).
601 3627 3357 3779 GILBERT: (takes advantage of this opportunity, setzes her
513 3775 1487 3958 hand and kisses it).
594 3905 3009 4098 MARGARET: (Milder) What is the matter with you?
587 4035 3385 4257 GILBERT: At that time you held them as such - or at least,
506 4204 3058 4429 you called them curla. But what won't one do for the
506 4415 3279 4548 Verse; for cuphony? In one of my sonnets I called you my
499 4559 3237 4766 clever maiden, when at the same time you were... But no,
