3832 5192
3114 342 3327 507 -17-
511 820 3211 1043 you understand it, you young people, with the whole world
518 978 2773 1165 before you – – and you a man with such a future.
1442 1169 1715 1280 Hein.
518 1248 3398 1424 You are mistaken, Herr Hausdorfer, I understand very clearly.
529 1392 3251 1586 If I could bring my poor mother back to you, to us -- my
529 1579 3424 1730 G od! What would I not give to have her sitting here with us
536 1769 1651 1917 for one single evening!
1464 1920 1719 2057 Haus.
547 2079 1683 2233 What would you give?...
795 2244 1291 2381 (Bitterly)
539 2409 1025 2607 How much?
1467 2507 1741 2668 Hein.
791 2650 1388 2837 (Hesitating)
539 2766 3147 2956 I think – it seems to me I would give my whole future
557 2949 2733 3136 with everything that I might accomplish in it.
1474 3104 1759 3283 Haus.
547 3244 3298 3452 Don't be a fool, Heinrich – you don’t mean what you say.
1489 3463 1769 3603 Hein.
547 3564 3082 3765 If it were a possibility -- if it lay in my power --
1496 3737 1777 3902 Haus.
550 3837 3377 4035 That's a lie, Heinrich. If you did not have that power --
557 4064 3337 4186 I know you! I know you all, every one of you, I know what
568 4190 1018 4449 you are!
1492 4337 1780 4542 Hein.
554 4477 3204 4704 All of us -- I did not know it was necessary for me to
583 4650 2097 4855 answer for anyone except myself,
