4120 5976
658 295 816 468 25
679 436 3077 700 Gil: Understand, you're not to breathe a word.
672 679 2004 816 Marg: I’ve made up my mind.
668 763 3485 949 Gil: indeed, Have a care. For, if you do, I shall sell my
953 932 2008 1136 hider at a good price.
1006 1062 3544 1290 I shall hurl such nabed trutha at him that he’ll waar
658 1069 928 1280 Marg:
949 1262 2486 1445 no baron heard the like of them.
679 1406 3298 1561 Glen: (entering) somewhat surprised, but quite cool and
960 1572 3267 1726 courteous.) Oh, Mr. Gilbert, if I'm not mistaken
953 1705 3305 1888 The very same, Baron. I'm kravelling south, and I
668 1702 921 1895 Gil:
970 1888 3253 2015 could'nt repress the desire to pay my respects to
946 2036 1322 2170 madame.
679 2145 3439 2338 Clem: Ah, indeed. (cause) Pardon me, it seems I've inter-
960 2331 3435 2504 rupted your conversation. Pray, don’t let me disturb
956 2507 1171 2641 you.
967 2616 2658 2809 What were we talking about just now?
672 2641 879 2760 Gil.
988 2757 3664 2929 Perhaps I can assist your memory. In Munich, if I recall
686 2795 946 2950 Clem:
953 2901 3122 3073 correctly, you always talked about your books.
679 3042 3386 3207 Gil: quite so. As a matter of fact, I was speaking about
953 3217 1593 3421 my nen novel.
1002 3376 3485 3530 Pray, continue. Nowaways, I find that I too can talk
679 3390 949 3576 Clem:
953 3527 3534 3699 literature. Eh, Margarette? Is it naturalistie? Sym-
960 3696 3446 3833 bolic? Autobiographical? Or, let me see--is it dis-
946 3843 1315 4037 tilled?
679 3949 3358 4170 Gil: Oh, in a certain sense we all write about our life-
967 4167 1537 4290 exper & onces
672 4286 2254 4452 Clem: H'mj That's good to know.
679 4434 3386 4606 Gil: Yes, if you're lpainting the character of Nero, it is
928 4554 3446 4782 my opinion, it's absolutely necessary that you should
953 4740 2535 4944 have Car monally set fioe to Rome....
686 4898 1607 5088 Clem: – – naturally.
668 5074 3488 5260 Gilj-Frem what source should a writer dorive his Estration
900 5211 3488 5366 if not from himself? Where should he go for his models
883 5327 3527 5563 if not to the life which is nearest to him? (Margarettu
883 5496 2373 5703 becomes more and more unsasy.)
3101 5658 3544 5858 so rarely
668 5675 2971 5858 Cloms- Is'nt it a pity, though, that the models a
