3640 5080
2991 221 3178 433 14.
669 586 3000 788 the stage grows lighter. Paola stands looking at
663 779 3006 899 the picture. Lionardo rolls over to where she is
663 908 3129 1034 standing near him andnees the hem of her garment.
1368 1061 2488 1258 PAOLA (STARTS &LIGHTLY)
196 1221 2525 1426 Are you still here? Have you not left the house?
1371 1353 1794 1521 LIONARDO
184 1512 2153 1693 No love, I lingered here before your door.
1368 1681 1635 1856 PAOLA
193 1773 936 2006 Then hurry now.
1356 1966 1776 2141 LIONARDO
1804 1997 2396 2169 genius, fame
190 2095 2426 2282 While still the fragrance of your kisses olings
184 2285 2117 2454 About my hair?  I gr judge the balmy wind
184 2436 2175 2632 Ofurjealous night the power to bear it off.
1439 2589 1736 2770 PAOLA
218 2721 2236 2890 "Twas little wise: some servant might awake
196 2905 2267 3080 And mark your going. See, the down is pray.
1439 3055 1871 3236 LIONARDO
187 3206 2015 3393 Then Paola, I'll wait days coming here.
184 3365 2350 3500 And etch the light’s first flow upon my work.
1380 3506 1669 3672 PAOLA
175 3647 2402 3794 Ah, spare your toil! why do you arrive in Yain?
178 3791 1923 3985 Yes if you were a pupil of passano"4,
163 3929 1755 4163 Franco's or Andrea Galbi's even--
156 4129 2163 4304 I then perhaps oould understand your seal
169 4285 2160 4442 But here where genus blases on the walls
163 4393 2086 4610 How do you dare to die the fatile brush?
150 4592 2469 4752 How comes it that you do not each new morn
147 4739 2571 4945 Destroy the labor of the day before,  kidden deep
