3576 5080
1426 975 1695 1131 Gilb.
258 1120 3183 1280 But don’t you see that he is simply tyranny over you, that
255 1313 3128 1499 he is destroying you, that he will ruin your originality from
273 1455 3114 1582 shere selfishness. think of the margaret that you were once;
262 1608 3146 1775 think of the freedom in which you developed when you loved me.
266 1742 2990 1881 Think of the elect with whom you were thrown the
251 1873 3001 2070 disciples who gathered about me and about you too. Do you
255 2066 3183 2241 never miss it all? Do you never think of the little room with
255 2219 1841 2412 the balcony overlooking the Iser-
557 2375 1600 2568 (He catches her hands)
1408 2539 1644 2721 Mag.
255 2684 797 2826 Oh Heavens.
1419 2975 1691 3106 G'lb.
258 3074 3063 3314 It can all come again. It neednot be the Iser. I will make
258 3314 2932 3456 you a proposition Margaret; tell him if he should return,
273 3452 2990 3630 that you have something important to see to in Munich, and
258 3616 3059 3768 spend the time there with me. You are so lovely, Margaret.
266 3761 2233 3874 We will be happy again/ Do you remember.
549 3921 1550 4103 (Very close to her.)
276 4067 2426 4263 "About thy neck, all drink with bliss divine."
1473 4209 1691 4416 Mag.
506 4347 1513 4576 (Hastily retreating.)
258 4460 3026 4667 Go away, no - no. Go away I say. I don’t care for you any
255 4663 513 4856 more.
