3352 5144
128 829 2923 1016 Margaret, good bye. (Turns once more) At parting won't you
117 1005 2380 1192 it least give me your novel as I gave you mine?
158 1196 2795 1331 MARGARET: It has'nt appeared yet; you won't be able to
117 1328 1379 1496 btain it before next week.
158 1463 2670 1654 GILBERT: What kind of a novel is it, if I may ask?
154 1647 2798 1826 MARGARET: The story of my life; naturally so disguised
103 1775 1441 1955 that I cannot be ;reoognized.
154 1911 1973 2131 GILBERT: So? How did you do that?
154 2101 2835 2263 MARGARET: very simple; the hereine is above all things,
117 2248 1438 2443 not a writer, but a painter.
158 2410 1482 2600 GILBERT: That's very sky -
161 2549 2934 2721 MARGARET: Her first husband was not a cotten manufacturer
117 2729 1900 2908 and she did'nt betray him for a tenor.
158 2908 2938 3062 GILBERT: Ha, ha! So it was a tenor - I did'nt know that.
158 3026 1368 3220 MARGARET: who said so?
154 3158 2248 3367 GILBERT: You just gave me the information.
154 3326 3011 3543 MARGARET: How? I said the hereine of my book deceives her
92 3502 1229 3704 husband for a baritone.
158 3631 2934 3844 GILBERT: Baset would be more imposing, mezzo soprane, more
92 3822 521 4034 piquant.
139 3954 2861 4177 MARGARET: Then she does'nt go to Munich but to Dresden,
81 4126 2208 4368 and there she has an affair with a sculpter.
165 4276 1804 4496 OILBERT: That is I,oguised?
136 4405 3088 4647 MARGARET: Greatly diguised. The soulpter is young,handsome
81 4573 2072 4826 and a genus. After that she leaves him.
