3608 5096
2756 536 2931 694 19
1445 996 1697 1118 Mag.
302 1126 3071 1308 And many more will do so. You will be proud of me Clement.
1462 1311 1687 1438 cle.
288 1410 3012 1602 You are mist ken, my child - - I think that you should - -
298 1567 1434 1799 What is it about anywat?
1427 1764 1672 1964 lag.
291 1893 3114 2090 I cannot tell you in a word - - This novel contains all that
291 2055 1557 2237 can be said about anything.
1434 2230 1648 2332 Cle.
277 2342 863 2546 My respects.
1413 2517 1648 2703 Mag.
266 2672 3040 2812 And from to-day I promise you that I shall never take up my
249 2819 1985 3012 pen again. It is not nedessary now.
1462 2991 1701 3096 Cle.
242 3086 1406 3292 Do you love me Margaret?
1455 3124 1823 3313 or not?
1399 3285 1627 3401 Mag.
249 3394 3022 3583 How can you ask. Much as I have observed, - much as I hve
256 3601 2928 3762 seen, I have experienced nothing - I have waited for you.
1406 3717 1620 3843 Cle.
252 3843 1525 4064 Well fehth your novel here.
1381 4025 1602 4225 Mag.
207 4095 1332 4376 Why, what do you mean
1392 4285 1616 4530 cle.
231 4502 3015 4681 That if you were bound to write it well and good, but not a
228 4621 3040 4800 living soul shall read it - Petch it here, we'll throw it in
