3688 5128
468 826 2528 1056 should have gone under if I had'nt written.
560 1039 2861 1276 CLEMENS: Then what have you written this time?
560 1209 3162 1365 MARGARET: A novel. I had too much on my mind; I was
468 1397 3311 1546 sufforated.- Until today I have concealed it from pou; but
475 1521 3226 1723 in the end it must come out. Kunigel is charmed with it.
560 1666 1868 1882 CLEMENS: Vho is Künigel?
567 1826 1723 2028 MARGARET: My publisher.
553 1978 2056 2205 CLEDENS: Then he has read it?
553 2138 3268 2340 MARGARET: Yes, and many more shall read it. Believe me,
464 2315 2049 2457 Clemens, you will be proud of me.
560 2446 3410 2623 CLEMENS: You are mistaken, dear child. I find that most...
457 2595 1872 2804 What have you written about?
542 2723 3322 2918 MARGARET: That is easily told; the novel kreats, for the
464 2939 3095 3169 greater part, of things about which there is most to be
468 3105 730 3261 said.
546 3176 1950 3424 CLEMENS: I am all attention.
542 3385 3226 3563 MARGARET: And therefore, I can promise you that from
447 3527 3208 3712 now on I will not touch a pen - it is no longer necessary.
546 3690 2669 3910 CLEMENS: Do you love me, or not, Margaret?
560 3829 3173 4020 MARGARET: How can you ask? You, only you. much as I
432 3988 3148 4194 have seen; much as I have experienced; I have not lived -
450 4165 1287 4360 I waited for you.
