4184 6024
525 302 759 499 17.
559 465 3468 706 Gil: At that time you pictured it so; or, at all events, that
839 646 3434 842 is what you called it. To be sure, a post is forced to
842 767 3475 990 take every sort of licence for the sake of the verse, in
861 918 3434 1148 order to sustain the rythm. Did'nt I once apostrephise
846 1080 3585 1315 you in a sonnet as "my eanny lass--? In point of fact, you
861 1262 3407 1443 were neither--no, I don't want to be unfair--you were
873 1379 3543 1613 canny, shamefully canny, perversely canny. And it suites
857 1522 3540 1787 you perfectly. Well, I suppose I ought really to wonder
869 1707 3385 1904 at you. You were at all times a snob. And, by Jove'.
884 1843 3422 2066 You've attained your end. You have decoyed your blue-
880 2036 3517 2206 blooded boy with his well-manicured hands and his unman-
876 2161 3649 2342 ieured brain. Your matchless horeseman, fencer, marksman,
910 2297 3449 2493 tennis-ployer, heart-trifier--Marlitt could not have
903 2444 3668 2656 invented him more revolting than he actually is. Yes, what
891 2610 3540 2795 more do you wish? Whather he will satisfy you--you who
899 2765 3596 2980 are acquainted with something nobler is of course another
918 2890 3634 3132 question. I can only say that, in my view, you are degen-
929 3120 1605 3286 erate in love.
982 3215 2818 3460 That must have struck you on the train.
631 3215 903 3479 Marg:
642 3385 2954 3585 Gil: Not at all. It struck me this very moment.
646 3581 2973 3710 Marg: Maise a note of it them; it's an apt phase.
669 3679 3672 3921 Gil: I've another quite as apt. Formerly you were a woman, now
959 3781 3589 4034 you're a "aweet thing". Yes, that's it. What fttracted
959 3974 3540 4170 you to a man of that type? passion-frank and filthy
959 4208 1485 4359 passion--
661 4318 2331 4499 Marg-XXStopi You have a motivo –
695 4386 3732 4635 Gil: My dear, I still can lay claim to the possession of a soul.
684 4612 1987 4828 Marg: Except new and then.
975 4763 3630 4926 Please don't try to disparage our former relations. It's
688 4786 910 4979 G11:
975 4933 3717 5134 no use. They are the noblest experiences you've ever had.
695 5032 3721 5285 Marg: Heavens, when I think that I endured this twaddle for one
993 5236 1828 5417 whole year I--
714 5326 3630 5621 Gil: Indure? You were intexicated with joy. Don't try to be
997 5470 3600 5730 ungrateful. I'm not. Admtting that youbbehaved never
959 5647 3706 5851 xxecrably at the end, yet I can't bring myself to look
