3832 5176
1203 816 2395 1013 "LIVING HOURS.
1466 1160 3291 1350 A small well-kept garden in a Viennese
524 1210 837 1389 scene:
1466 1329 3281 1428 suburb. In the rear a cottage with a
1466 1392 3281 1508 porch from which three steps lead down
1459 1494 3274 1596 into the garden, In front two benches
1473 1561 3281 1663 and a amfortable reclining chair. It
1466 1632 3238 1751 is early autumn, towards evening, and
1459 1698 2071 1818 very still.
2106 1695 3245 1804 BÖTROMAUS, the gardener
1480 1786 3411 1892 is digging about. an old man with Clowing
1466 1867 3376 1973 pray hair. ANTÖN HAUSDOREER comes down
2630 1927 3189 2043 He is about
1466 1937 2599 2050 slowly from the porch.
1473 2001 3411 2134 sixty, clean-shaven, with straight, close
1466 2106 3274 2191 trimmed pray hair and young eyes. His
1459 2162 3372 2271 clothes are dark, and comfortable though
1459 2243 3231 2391 not careless; he wears a bread hat of
1459 2324 1990 2447 dark straw.
1688 2581 1948 2739 Haus.
503 2746 1674 2911 Good evening, Borromaus
1674 2904 1948 3066 Borr.
517 3052 3238 3228 Good evening, sir. Have you been in town afternoon, sir?
1438 3189 1726 3362 Haus.
499 3355 700 3509 No.
1677 3537 1948 3660 Borr.
506 3657 3274 3819 I thought you might, as you didn't have your coffee in the
524 3829 1804 3973 arbor again this afternoon.
1681 3984 1948 4149 Haus.
506 4118 3333 4276 No, I wasn't in town, I have been lying on the sofa in the
506 4262 3196 4448 house; I had a little headache. But what are you doing?
506 4452 2841 4627 You’ll have the whole garden dug up at this rate.
