4168 6024
573 334 768 573 16.
911 445 3490 838 Touchiness! You call me touchyr You? Who used to be
595 680 801 819 Gil:
915 760 3398 922 seized with a violent fit of interbling everytime some
907 911 3255 1154 insign ilicant boeby chanced on som trumpery sheet
922 1080 2895 1278 to utter an unfavorable word of criticism.
922 1201 3266 1407 I don’t remember one word of unfavorable criticism.
588 1264 860 1429 Marg:
933 1411 1470 1536 against me.
918 1510 3424 1763 H'mj I daresay you may be right. Critios are always
602 1532 841 1734 Gil:
933 1694 2586 1866 chivalrous towards beautiful women?
944 1785 3468 2017 Chivalous? Do you think my poems were praised out of
599 1870 867 2010 Marg:
948 1987 3038 2175 chivalry? What about your own estimate –
625 2105 3376 2322 Gil: Mine? I'm not going to retract as much as one little
966 2252 3413 2443 word. I simply want to remind you that you composed
911 2370 3582 2619 your sheaf of lovely Laems while we were living together.
948 2579 3310 2744 And you actually consider yourself worthy of them?
621 2627 900 2803 Marg:
918 2733 3494 2965 would you have written them if it were’nt for me? They
643 2781 863 2950 Gil:
937 2913 1874 3053 are addressed to me.
643 3060 1289 3229 Marg: Never!
643 3156 3600 3428 Gil: What! Do you mean to deny that they are addressed to me.
985 3376 1852 3567 This is monstrous;
988 3508 2590 3707 We; they are not addressed to you,
647 3541 940 3666 Marg:
948 3622 3692 3872 I am dumbfounded. Shall I remaind you of the situations in
672 3714 889 3905 G11;
948 3810 3119 4019 which some of your loveliest versus had birth?
1007 3953 3439 4170 They were insoribed to an Ideal – (Gilbert points to
672 3993 929 4184 Marg:
999 4137 1414 4276 himself)
1018 4225 3255 4471 Whose representative on each you happened to be.
683 4262 944 4497 Marg:
687 4394 3575 4636 Gil: Hej This is previous. Where did you get that? Be you
959 4533 3828 4713 know what the French would say in a case like that. "O'est de
970 4765 1760 4875 la litterature?"
709 4835 3578 5048 Marg: (minacking him) Ce n'est pas de la litterature. Now
985 5015 3490 5231 that's the truth, tho honest truth! Or de you really
985 5136 3810 5371 faney that by the "slim boy" I meant you? Or that the curks
988 5294 3626 5551 I hymned belonged to you? At that time you were fat and
999 5386 3677 5687 your hair was never surly. (runs her fingers through his
992 5580 3744 5860 hair). Gilbert dises the opportunity  to capture her hand,
1631 5794 2355 5907 What an idea;
