3672 5096
2941 341 3133 487 23.
1220 504 1660 700 LIONARDO
514 679 1416 875 What would you do?
1274 818 1562 1031 PAOLA
514 970 1034 1173 I said it.
1173 1119 1602 1240 LIONARDO
514 1301 2069 1450 No, Paola no. 1 do beseech you.
517 1433 2812 1633 Not this wild thought! believe me that you trust
500 1602 1923 1778 Twee, in his greatness
1115 1744 1416 1930 PAOLA
500 1893 3221 2092 His I miling eye weeks mine. (She waves her scarf from the
2690 1977 3045 2119 window
510 2089 1328 2261 Weloome Remigio!
500 2234 2535 2444 Alas, I fear thou wilt smile no more today.
1115 2413 1568 2576 LIONARDO
500 2518 2474 2707 If conscience drive you to confessing all
517 2684 2444 2870 Then put the sulame on me alone: tell him
507 2873 2413 3018 I hid a notion in your wine: nay more --
507 2985 2582 3184 Threatened, your life unless you yielded to me
500 3201 2819 3329 But spare him knowledge of your fault. His pride
507 3339 2481 3475 Is dearer to him than his wife. And that
500 3454 2633 3644 Heernhrew in langhing worde – – in idle jest – –
493 3617 2535 3769 Across the table at the Prince’s feast--
507 3779 2396 3955 (I heard it well, I sat across from you
490 3951 2718 4140 And as he making spoke your eyes sought mine.)
1832 4083 2633 4313 me not too soon-
970 4076 1727 4303 PAOLA
2035 4262 2461 4448 ter night.
493 4255 1497 4451 You still remember?
1315 4374 1839 4570 LIONARDO
463 4512 2123 4803 He'll keep it, I assure you Paola--
460 4732 2410 4958 His Caughing vor to bury his white testh
