3608 5080
2885 579 3067 761 15
302 878 2102 1100 Eventthe Ruasian person, I understand.
1457 1064 1694 1224 Mag.
339 1213 1774 1421 Such matters do not concern me.
1472 1388 1694 1552 Cle.
302 1512 1646 1719 They weren’t Jaws were they?
1450 1701 1679 1858 Mag.
317 1865 525 2036 Why.
1472 2007 1694 2131 Cle.
313 2113 2535 2317 They were always j Eking, and then their account.
1413 2302 1646 2444 Mag.
277 2470 3202 2593 You had better keep your Anti Semetic observations to yourself.
1432 2608 1628 2772 cle.
273 2721 2994 2903 But dear, girl, don't be so sensible. - I know that you
266 2914 2892 3078 have only a touch of it— and I've nothing against a dew.
284 3038 3122 3227 Once I had a tutor who crammed for Greek - He was a dew, and
273 3213 2958 3358 a most remarkable man, upon my word - One meeta all sorts
277 3380 3154 3533 of people - And I don't regret knowing your friends in Munich.
284 3511 2870 3683 It’s all in a life-time. But look here, didn’t I seem
277 3683 2444 3836 something like a life saver to a drawing man.
1432 3799 1668 3959 Mag.
273 3948 1803 4131 You did indeed, dear, dear Clem.
503 4112 991 4313 (Entbroce)
1432 4280 1683 4444 Cle.
291 4404 1191 4593 Why did you diaugh.
