3848 5176
3145 392 3326 602 -2-
1407 729 1687 903 Borr.
493 892 3254 1074 It does look like it, doesn't it? But you know, sir, that
486 1048 3341 1190 it has to be, now October's here. Any night now there might
486 1190 3102 1393 be a front -- I haven't much faith in these fine days.
486 1346 3134 1513 Do you remember how it was in the fall of '93? We sat
501 1509 3410 1636 outdoors the evening before – – yes, on the 28th of October
501 1676 3276 1828 and before morning, about three o'clock, there was a front;
501 1803 3156 1991 and it was the same way in 187 and '88. No indeed, this
457 1962 1781 2151 warm weather can't fool me,
1429 2151 1683 2322 Haus.
501 2282 1603 2452 Quite right, Borromaus
751 2438 1752 2612 (He looks around him)
501 2594 1857 2764 What are we setting out now?
733 2702 3163 2906 (He falls into a reverie, scarcely listening to the
765 2902 1146 3062 answer)
1422 3036 1690 3199 Borr.
490 3192 3308 3355 I was just going to tell you about it. To-day after dinner
482 3352 1734 3526 I saw Franz from up above.
1426 3530 1680 3664 Haus.
733 3646 1219 3813 (Absently)
501 3842 987 3994 Saw whom?
1411 3979 1683 4095 Borr.
736 4128 1625 4291 (A little put out)
486 4215 3312 4451 The gardener of Baron Weisseneck. He's a bit still, but he
475 4400 3185 4592 knows his business -- better than I do, I must admit it.
