3592 5112
321 1039 774 1176 the fire.
1459 1190 1696 1364 Mag.
304 1342 569 1501 Clem.
1420 1487 1653 1650 Cte.
297 1632 2529 1862 I beg you to do this. I have a right to exact.
1462 1826 1681 1971 Mag.
279 1929 1851 2137 But it is impossible. It is -
1413 2116 1646 2282 Cle.
283 2236 3123 2448 Why not? I say that I wish it, and when I tell you that the
276 2395 3059 2579 future depends upon it, you'll understand me, - and perhaps
261 2572 1395 2755 you will think it worth
1434 2611 1703 2724 hile.
1441 2727 1657 2907 Mag.
251 2830 2049 3084 But Clement, - the novel is in print.
1427 3038 1643 3197 cle.
265 3179 993 3356 What. Printed,
1399 3345 1639 3494 Mag.
237 3497 2664 3674 Yes, in a few days it will be everywhere for sale.
1417 3649 1643 3794 cle.
244 3787 2278 3960 Margaret, - and without a word of it to me.
1406 3900 1632 4098 Mag.
237 4069 2981 4243 I couldn’t do anything else, Clement. When you see it you
240 4225 2671 4401 will forgive me, - more, - you will be proud of me.
714 4370 926 4532 sant
1399 4377 1618 4550 cle.
212 4507 1851 4695 My dear child, this passes a jobe.
