<?xml version="1.0" encoding="UTF-8" standalone="yes"?>
<PcGts xmlns="http://schema.primaresearch.org/PAGE/gts/pagecontent/2013-07-15" xmlns:xsi="http://www.w3.org/2001/XMLSchema-instance" xsi:schemaLocation="http://schema.primaresearch.org/PAGE/gts/pagecontent/2013-07-15 http://schema.primaresearch.org/PAGE/gts/pagecontent/2013-07-15/pagecontent.xsd">
    <Metadata>
        <Creator>prov=READ-COOP:name=TrHtr:version=2.1.0:model_id=51170:date=14_08_2023_19:59</Creator>
        <Created>2023-05-10T15:29:49.938+02:00</Created>
        <LastChange>2023-08-14T19:59:38.233+02:00</LastChange>
        <TranskribusMetadata docId="1429072" pageId="55436266" pageNr="19" tsid="132823955" status="IN_PROGRESS" userId="64420" imgUrl="https://files.transkribus.eu/Get?id=YSVOFCQUMKNKTZQAUQBIODCJ&amp;fileType=view" xmlUrl="https://files.transkribus.eu/Get?id=GIIKZFDXCJEGVBZKODKORIRO" imageId="44710255"/>
    </Metadata>
    <Page imageFilename="1429072_0019.jpg" imageWidth="3368" imageHeight="5112">
        <ReadingOrder>
            <OrderedGroup id="ro_1711797497002" caption="Regions reading order">
                <RegionRefIndexed index="0" regionRef="tr_4"/>
                <RegionRefIndexed index="1" regionRef="tr_3"/>
                <RegionRefIndexed index="2" regionRef="tr_1"/>
                <RegionRefIndexed index="3" regionRef="tr_2"/>
            </OrderedGroup>
        </ReadingOrder>
        <TextRegion id="tr_4" custom="readingOrder {index:0;}">
            <Coords points="2738,185 2889,185 2889,256 2738,256"/>
            <TextLine id="tr_4_tl_1" custom="readingOrder {index:0;}">
                <Coords points="2716,271 2734,274 2755,257 2769,257 2779,274 2800,278 2828,271 2845,254 2859,271 2876,274 2890,129 2873,125 2855,139 2824,139 2814,125 2793,118 2755,149 2727,146"/>
                <Baseline points="2738,246 2805,241 2889,235"/>
                <TextEquiv>
                    <Unicode>16</Unicode>
                </TextEquiv>
            </TextLine>
        </TextRegion>
        <TextRegion id="tr_3" custom="readingOrder {index:1;}">
            <Coords points="145,584 2945,584 2945,1637 145,1637"/>
            <TextLine id="tr_3_tl_1" custom="readingOrder {index:0;}">
                <Coords points="177,743 2147,663 2147,591 2039,552 1386,608 914,504 181,584"/>
                <Baseline points="196,707 218,707 303,701 387,701 471,695 555,690 639,684 723,684 808,684 892,678 976,678 1060,678 1144,673 1228,673 1313,667 1397,667 1481,662 1565,662 1649,656 1733,656 1818,645 1902,645 1986,639 2070,639 2154,634"/>
                <TextEquiv>
                    <Unicode>CLEMENS: Well then, bring in your novel.</Unicode>
                </TextEquiv>
            </TextLine>
            <TextLine id="tr_3_tl_2" custom="readingOrder {index:1;}">
                <Coords points="184,889 1834,855 1872,716 754,705 188,778"/>
                <Baseline points="202,864 274,858 359,858 443,852 527,847 611,847 695,841 779,841 864,836 948,830 1032,836 1116,830 1200,824 1285,824 1369,824 1453,819 1537,813 1621,813 1705,808 1790,802 1874,796"/>
                <TextEquiv>
                    <Unicode>MARGARET: But - what do you mean?</Unicode>
                </TextEquiv>
            </TextLine>
            <TextLine id="tr_3_tl_3" custom="readingOrder {index:2;}">
                <Coords points="188,1018 2932,976 2939,789 2411,889 2053,813 191,924"/>
                <Baseline points="207,1015 252,1015 336,1015 420,1010 505,1010 589,1004 673,998 757,998 841,993 925,993 1010,987 1094,987 1178,981 1262,981 1346,976 1430,976 1515,970 1599,970 1683,965 1767,965 1851,959 1935,959 2020,953 2104,953 2188,948 2272,942 2356,937 2440,937 2525,931 2609,925 2693,925 2777,920 2861,914 2945,909"/>
                <TextEquiv>
                    <Unicode>CLEMENS: You had to write it; well and good - but no one</Unicode>
                </TextEquiv>
            </TextLine>
            <TextLine id="tr_3_tl_4" custom="readingOrder {index:3;}">
                <Coords points="139,1216 2602,1101 2741,1167 2786,1000 146,1007"/>
                <Baseline points="157,1172 179,1172 263,1172 347,1167 432,1167 516,1161 600,1161 684,1155 768,1155 852,1150 937,1150 1021,1150 1105,1144 1189,1139 1273,1133 1357,1133 1442,1133 1526,1127 1610,1127 1694,1122 1778,1116 1862,1116 1947,1111 2031,1105 2115,1105 2199,1099 2283,1099 2368,1094 2452,1088 2536,1088 2620,1083 2704,1077 2788,1077"/>
                <TextEquiv>
                    <Unicode>shall read it. Bring it here; we will throw it into the</Unicode>
                </TextEquiv>
            </TextLine>
            <TextLine id="tr_3_tl_5" custom="readingOrder {index:4;}">
                <Coords points="125,1403 146,1410 222,1344 229,1351 261,1344 278,1358 302,1337 347,1351 382,1344 382,1285 354,1285 274,1240 267,1247 240,1240 212,1216 195,1226 177,1212 167,1223 129,1212"/>
                <Baseline points="145,1329 218,1324 303,1324 387,1324"/>
                <TextEquiv>
                    <Unicode>fire.</Unicode>
                </TextEquiv>
            </TextLine>
            <TextLine id="tr_3_tl_6" custom="readingOrder {index:5;}">
                <Coords points="195,1504 431,1487 459,1518 511,1483 594,1535 792,1473 1153,1480 1157,1310 917,1341 820,1310 657,1393 518,1383 417,1317 351,1355 198,1348"/>
                <Baseline points="213,1475 235,1475 319,1470 404,1470 488,1470 572,1464 656,1464 740,1458 824,1458 909,1453 993,1453 1077,1453 1161,1453"/>
                <TextEquiv>
                    <Unicode>MARGARET: Clemens!</Unicode>
                </TextEquiv>
            </TextLine>
            <TextLine id="tr_3_tl_7" custom="readingOrder {index:6;}">
                <Coords points="215,1647 2439,1622 2442,1508 2105,1452 219,1515"/>
                <Baseline points="235,1627 258,1627 342,1627 426,1627 510,1621 594,1621 678,1616 763,1610 847,1610 931,1610 1015,1604 1099,1604 1184,1599 1268,1599 1352,1588 1436,1588 1520,1593 1604,1588 1689,1582 1773,1576 1857,1576 1941,1571 2025,1565 2109,1565 2194,1559 2278,1565 2362,1565 2446,1565"/>
                <TextEquiv>
                    <Unicode>CLEMENS: I ask that of you, I may ask that...</Unicode>
                </TextEquiv>
            </TextLine>
        </TextRegion>
        <TextRegion id="tr_1" custom="readingOrder {index:2;}">
            <Coords points="151,1683 3018,1683 3018,3197 151,3197"/>
            <TextLine id="tr_1_tl_1" custom="readingOrder {index:0;}">
                <Coords points="240,1834 691,1772 1900,1772 1907,1619 247,1650"/>
                <Baseline points="263,1784 314,1784 398,1778 482,1778 566,1773 650,1773 735,1767 819,1767 903,1761 987,1761 1071,1756 1155,1750 1240,1745 1324,1745 1408,1739 1492,1739 1576,1739 1660,1739 1745,1739 1829,1733 1913,1733"/>
                <TextEquiv>
                    <Unicode>MARGARET: But that is'nt possible.</Unicode>
                </TextEquiv>
            </TextLine>
            <TextLine id="tr_1_tl_2" custom="readingOrder {index:1;}">
                <Coords points="219,1973 2463,1928 2887,1876 2890,1754 226,1820"/>
                <Baseline points="241,1947 286,1941 370,1941 454,1919 538,1935 622,1930 707,1930 791,1924 875,1919 959,1919 1043,1913 1127,1907 1212,1907 1296,1902 1380,1902 1464,1902 1548,1896 1632,1891 1717,1891 1801,1891 1885,1885 1969,1885 2053,1879 2137,1874 2222,1874 2306,1868 2390,1868 2474,1862 2558,1857 2642,1857 2727,1857 2811,1851 2895,1851"/>
                <TextEquiv>
                    <Unicode>CLEMENS: Why not? It will perhaps be possible, when I</Unicode>
                </TextEquiv>
            </TextLine>
            <TextLine id="tr_1_tl_3" custom="readingOrder {index:2;}">
                <Coords points="129,2136 2682,2074 2807,2056 2810,1914 1181,1914 132,2056"/>
                <Baseline points="151,2104 202,2104 286,2098 370,2093 454,2093 538,2087 622,2087 707,2081 791,2076 875,2070 959,2070 1043,2065 1127,2065 1212,2059 1296,2053 1380,2053 1464,2048 1548,2048 1632,2042 1717,2042 1801,2036 1885,2036 1969,2036 2053,2036 2137,2031 2222,2031 2306,2025 2390,2025 2474,2020 2558,2014 2642,2014 2727,2008 2811,2014"/>
                <TextEquiv>
                    <Unicode>explain that I wish it, that I want to put an end to all</Unicode>
                </TextEquiv>
            </TextLine>
            <TextLine id="tr_1_tl_4" custom="readingOrder {index:3;}">
                <Coords points="413,2188 1931,2136 1852,2053 417,2105"/>
                <Baseline points="437,2166 510,2166 594,2166 678,2160 763,2160 847,2154 931,2154 1015,2154 1099,2154 1184,2149 1268,2143 1352,2143 1436,2137 1520,2132 1604,2132 1689,2132 1773,2126 1857,2126 1941,2121"/>
                <TextEquiv>
                    <Unicode>that everything besends upon it.</Unicode>
                </TextEquiv>
            </TextLine>
            <TextLine id="tr_1_tl_5" custom="readingOrder {index:4;}">
                <Coords points="139,2279 1914,2241 2050,2223 2053,2119 142,2202"/>
                <Baseline points="157,2255 207,2255 291,2250 375,2250 460,2244 544,2244 628,2244 712,2238 796,2238 880,2244 965,2233 1049,2227 1133,2227 1217,2222 1301,2216 1386,2216 1470,2210 1554,2210 1638,2205 1722,2205 1806,2205 1891,2199 1975,2194 2059,2194"/>
                <TextEquiv>
                    <Unicode>further writing;/ Do you understand me?</Unicode>
                </TextEquiv>
            </TextLine>
            <TextLine id="tr_1_tl_6" custom="readingOrder {index:5;}">
                <Coords points="236,2425 1834,2366 2122,2418 2373,2397 2376,2289 1966,2209 1817,2279 1313,2234 1066,2327 945,2275 716,2359 240,2341"/>
                <Baseline points="258,2407 280,2407 364,2407 448,2401 533,2396 617,2396 701,2390 785,2390 869,2390 953,2384 1038,2384 1122,2379 1206,2379 1290,2373 1374,2373 1458,2368 1543,2368 1627,2368 1711,2362 1795,2356 1879,2356 1963,2351 2048,2351 2132,2345 2216,2345 2300,2339 2384,2339"/>
                <TextEquiv>
                    <Unicode>MARGARET: But,Clemens, it has gone to press.</Unicode>
                </TextEquiv>
            </TextLine>
            <TextLine id="tr_1_tl_7" custom="readingOrder {index:6;}">
                <Coords points="243,2571 1654,2560 1660,2411 1216,2463 587,2435 410,2501 247,2459"/>
                <Baseline points="263,2564 319,2564 404,2558 488,2558 572,2558 656,2553 740,2553 824,2547 909,2541 993,2541 1077,2536 1161,2530 1245,2530 1329,2525 1414,2525 1498,2525 1582,2519 1666,2519"/>
                <TextEquiv>
                    <Unicode>CLEMENS: How gone to press?</Unicode>
                </TextEquiv>
            </TextLine>
            <TextLine id="tr_1_tl_8" custom="readingOrder {index:7;}">
                <Coords points="240,2762 2282,2654 2772,2716 2890,2560 2251,2522 1931,2630 1466,2546 844,2647 243,2581"/>
                <Baseline points="258,2721 286,2721 370,2715 454,2715 538,2710 622,2710 707,2704 791,2704 875,2699 959,2699 1043,2693 1127,2687 1212,2687 1296,2682 1380,2682 1464,2682 1548,2676 1632,2676 1717,2676 1801,2671 1885,2665 1969,2665 2053,2659 2137,2659 2222,2654 2306,2654 2390,2648 2474,2648 2558,2642 2642,2637 2727,2637 2811,2637 2895,2631"/>
                <TextEquiv>
                    <Unicode>MARGARET: In a few days it will be on sale every place.</Unicode>
                </TextEquiv>
            </TextLine>
            <TextLine id="tr_1_tl_9" custom="readingOrder {index:8;}">
                <Coords points="247,2901 2501,2890 3012,2828 3015,2716 254,2772"/>
                <Baseline points="269,2873 325,2873 409,2867 493,2867 577,2861 662,2861 746,2856 830,2856 914,2856 998,2850 1083,2850 1167,2844 1251,2839 1335,2844 1419,2839 1503,2833 1588,2828 1672,2828 1756,2822 1840,2822 1924,2816 2008,2816 2093,2811 2177,2811 2261,2811 2345,2805 2429,2800 2513,2800 2598,2800 2682,2794 2766,2788 2850,2788 2934,2783 3018,2794"/>
                <TextEquiv>
                    <Unicode>CLEMENS: Margaret! All this before you said one word to</Unicode>
                </TextEquiv>
            </TextLine>
            <TextLine id="tr_1_tl_10" custom="readingOrder {index:9;}">
                <Coords points="160,3050 215,3074 250,3074 288,3102 306,3106 344,3092 361,3109 382,3109 382,2939 337,2925 240,2980 160,2974"/>
                <Baseline points="179,3030 263,3030 347,3030 387,3030"/>
                <TextEquiv>
                    <Unicode>me?</Unicode>
                </TextEquiv>
            </TextLine>
            <TextLine id="tr_1_tl_11" custom="readingOrder {index:10;}">
                <Coords points="250,3217 2887,3182 2928,2994 254,3099"/>
                <Baseline points="269,3181 319,3187 404,3181 488,3181 572,3176 656,3176 740,3164 824,3164 909,3164 993,3159 1077,3159 1161,3159 1245,3153 1329,3148 1414,3148 1498,3142 1582,3142 1666,3136 1750,3131 1834,3131 1919,3125 2003,3125 2087,3125 2171,3119 2255,3114 2339,3114 2424,3114 2508,3114 2592,3108 2676,3103 2760,3103 2844,3097 2929,3097"/>
                <TextEquiv>
                    <Unicode>MARGARET: Clemens, I could'nt do otherwise. When it is</Unicode>
                </TextEquiv>
            </TextLine>
        </TextRegion>
        <TextRegion id="tr_2" custom="readingOrder {index:3;}">
            <Coords points="190,3199 3024,3199 3024,4448 190,4448"/>
            <TextLine id="tr_2_tl_1" custom="readingOrder {index:0;}">
                <Coords points="170,3363 2452,3345 2956,3290 2960,3182 174,3269"/>
                <Baseline points="190,3344 274,3344 359,3338 443,3338 527,3333 611,3338 695,3333 779,3327 864,3321 948,3321 1032,3316 1116,3316 1200,3316 1285,3310 1369,3310 1453,3305 1537,3299 1621,3293 1705,3293 1790,3293 1874,3288 1958,3288 2042,3288 2126,3282 2210,3282 2295,3282 2379,3277 2463,3277 2547,3271 2631,3271 2715,3265 2800,3265 2884,3254 2968,3249"/>
                <TextEquiv>
                    <Unicode>once out, you will borgive me - more than that, you will be</Unicode>
                </TextEquiv>
            </TextLine>
            <TextLine id="tr_2_tl_2" custom="readingOrder {index:1;}">
                <Coords points="170,3529 247,3533 278,3512 320,3529 347,3508 452,3522 476,3502 705,3512 782,3498 785,3422 657,3401 594,3446 518,3397 441,3432 372,3418 302,3436 250,3415 205,3439 174,3422"/>
                <Baseline points="190,3512 202,3507 286,3495 370,3495 454,3490 538,3490 622,3484 707,3484 791,3484"/>
                <TextEquiv>
                    <Unicode>proud of me.</Unicode>
                </TextEquiv>
            </TextLine>
            <TextLine id="tr_2_tl_3" custom="readingOrder {index:2;}">
                <Coords points="264,3710 723,3637 2598,3651 2605,3498 1574,3453 267,3595"/>
                <Baseline points="286,3653 336,3647 420,3647 505,3641 589,3641 673,3636 757,3636 841,3636 925,3630 1010,3630 1094,3630 1178,3624 1262,3624 1346,3619 1430,3619 1515,3613 1599,3608 1683,3608 1767,3608 1851,3602 1935,3602 2020,3596 2104,3596 2188,3591 2272,3591 2356,3585 2440,3585 2525,3580 2609,3585"/>
                <TextEquiv>
                    <Unicode>CLEMENS: Dear child, this is no laughing matter.</Unicode>
                </TextEquiv>
            </TextLine>
            <TextLine id="tr_2_tl_4" custom="readingOrder {index:3;}">
                <Coords points="267,3821 625,3835 868,3793 1004,3828 1226,3818 1230,3700 1007,3738 868,3706 754,3762 563,3654 441,3658 354,3727 271,3734"/>
                <Baseline points="286,3810 314,3810 398,3804 482,3798 566,3798 650,3798 735,3787 819,3787 903,3787 987,3782 1071,3782 1155,3782 1240,3782"/>
                <TextEquiv>
                    <Unicode>MARGARET: Clemens!</Unicode>
                </TextEquiv>
            </TextLine>
            <TextLine id="tr_2_tl_5" custom="readingOrder {index:4;}">
                <Coords points="271,3974 1601,3991 1695,3946 1699,3804 868,3797 681,3877 274,3904"/>
                <Baseline points="291,3961 353,3961 437,3961 521,3956 606,3956 690,3950 774,3944 858,3944 942,3944 1026,3939 1111,3939 1195,3933 1279,3939 1363,3933 1447,3927 1531,3922 1616,3922 1700,3916"/>
                <TextEquiv>
                    <Unicode>CLEMENS: Good by, Margaret.</Unicode>
                </TextEquiv>
            </TextLine>
            <TextLine id="tr_2_tl_6" custom="readingOrder {index:5;}">
                <Coords points="267,4207 566,4120 3012,4120 3015,3957 917,3953 271,4064"/>
                <Baseline points="291,4124 331,4118 415,4118 499,4113 583,4107 667,4107 751,4101 836,4101 920,4096 1004,4096 1088,4096 1172,4090 1256,4090 1341,4090 1425,4085 1509,4085 1593,4085 1677,4079 1761,4079 1846,4073 1930,4068 2014,4068 2098,4062 2182,4062 2267,4062 2351,4057 2435,4051 2519,4051 2603,4045 2687,4051 2772,4045 2856,4045 2940,4045 3024,4045"/>
                <TextEquiv>
                    <Unicode>MARGARET: Clemens, what are you doing? You are going?</Unicode>
                </TextEquiv>
            </TextLine>
            <TextLine id="tr_2_tl_7" custom="readingOrder {index:6;}">
                <Coords points="271,4297 618,4301 747,4262 1021,4287 1094,4252 1264,4294 1372,4259 1379,4120 844,4134 723,4228 566,4120 274,4210"/>
                <Baseline points="291,4281 375,4275 460,4270 544,4270 628,4264 712,4264 796,4259 880,4259 965,4253 1049,4253 1133,4247 1217,4247 1301,4242 1386,4242"/>
                <TextEquiv>
                    <Unicode>CLEMENS: As you see -</Unicode>
                </TextEquiv>
            </TextLine>
            <TextLine id="tr_2_tl_8" custom="readingOrder {index:7;}">
                <Coords points="264,4533 563,4533 809,4419 1858,4460 2074,4415 2077,4280 1640,4304 1449,4238 1310,4301 1101,4252 271,4297"/>
                <Baseline points="286,4438 314,4433 398,4433 482,4433 566,4427 650,4427 735,4421 819,4416 903,4410 987,4416 1071,4410 1155,4410 1240,4404 1324,4399 1408,4399 1492,4393 1576,4393 1660,4388 1745,4388 1829,4388 1913,4382 1997,4376 2081,4382"/>
                <TextEquiv>
                    <Unicode>MARGARET: When will you come again?</Unicode>
                </TextEquiv>
            </TextLine>
        </TextRegion>
    </Page>
</PcGts>
