<?xml version="1.0" encoding="UTF-8" standalone="yes"?>
<PcGts xmlns="http://schema.primaresearch.org/PAGE/gts/pagecontent/2013-07-15" xmlns:xsi="http://www.w3.org/2001/XMLSchema-instance" xsi:schemaLocation="http://schema.primaresearch.org/PAGE/gts/pagecontent/2013-07-15 http://schema.primaresearch.org/PAGE/gts/pagecontent/2013-07-15/pagecontent.xsd">
    <Metadata>
        <Creator>prov=READ-COOP:name=TrHtr:version=2.1.0:model_id=51170:date=14_08_2023_20:00</Creator>
        <Created>2023-05-10T15:30:12.078+02:00</Created>
        <LastChange>2023-08-14T20:00:13.922+02:00</LastChange>
        <TranskribusMetadata docId="1429072" pageId="55436913" pageNr="146" tsid="132824097" status="IN_PROGRESS" userId="64420" imgUrl="https://files.transkribus.eu/Get?id=DAPJNSJHONCVSKOGKQKYUHOI&amp;fileType=view" xmlUrl="https://files.transkribus.eu/Get?id=LCSIWBWPYCBUZRLQFXGWCZSQ" imageId="44710902"/>
    </Metadata>
    <Page imageFilename="1429072_0146.jpg" imageWidth="3640" imageHeight="5112">
        <ReadingOrder>
            <OrderedGroup id="ro_1711797786931" caption="Regions reading order">
                <RegionRefIndexed index="0" regionRef="tr_2"/>
                <RegionRefIndexed index="1" regionRef="tr_1"/>
            </OrderedGroup>
        </ReadingOrder>
        <TextRegion id="tr_2" custom="readingOrder {index:0;}">
            <Coords points="226,1341 2131,1341 2131,1938 226,1938"/>
            <TextLine id="tr_2_tl_1" custom="readingOrder {index:0;}">
                <Coords points="1191,1420 1378,1404 1584,1458 1702,1401 2122,1408 2122,1320 2030,1324 1916,1259 1786,1290 1622,1248 1504,1275 1412,1225 1336,1271 1191,1275"/>
                <Baseline points="1212,1391 1301,1391 1391,1391 1481,1397 1570,1391 1660,1397 1749,1397 1839,1391 1928,1391 2018,1391 2108,1397 2131,1397"/>
                <TextEquiv>
                    <Unicode>CHARACTERS</Unicode>
                </TextEquiv>
            </TextLine>
            <TextLine id="tr_2_tl_2" custom="readingOrder {index:1;}">
                <Coords points="206,1614 324,1672 553,1641 595,1610 641,1652 759,1633 897,1656 939,1641 939,1526 882,1553 805,1519 775,1546 263,1538 206,1568"/>
                <Baseline points="226,1618 316,1618 406,1618 495,1618 585,1618 674,1618 764,1618 853,1618 943,1624 949,1624"/>
                <TextEquiv>
                    <Unicode>Pauline (Paula)</Unicode>
                </TextEquiv>
            </TextLine>
            <TextLine id="tr_2_tl_3" custom="readingOrder {index:2;}">
                <Coords points="206,1771 267,1809 607,1817 653,1786 687,1820 817,1801 1061,1855 1061,1694 1011,1679 885,1713 794,1710 763,1679 710,1710 363,1710 336,1683 298,1710 206,1679"/>
                <Baseline points="226,1767 316,1767 406,1767 495,1767 585,1767 674,1767 764,1767 853,1767 943,1767 1033,1773 1068,1779"/>
                <TextEquiv>
                    <Unicode>Leonhard (Lionardo)</Unicode>
                </TextEquiv>
            </TextLine>
            <TextLine id="tr_2_tl_4" custom="readingOrder {index:3;}">
                <Coords points="206,1923 286,1946 385,1939 443,1962 488,1942 527,1954 588,1927 588,1866 542,1859 527,1870 496,1847 454,1851 439,1870 416,1851 351,1843 328,1862 256,1847 206,1878"/>
                <Baseline points="226,1917 316,1922 406,1928 495,1928 585,1928 597,1928"/>
                <TextEquiv>
                    <Unicode>Remigio</Unicode>
                </TextEquiv>
            </TextLine>
        </TextRegion>
        <TextRegion id="tr_1" custom="readingOrder {index:1;}">
            <Coords points="209,2559 3284,2559 3284,4668 209,4668"/>
            <TextLine id="tr_1_tl_1" custom="readingOrder {index:0;}">
                <Coords points="759,2648 1645,2690 2519,2622 2969,2698 2969,2507 759,2538"/>
                <Baseline points="782,2609 871,2615 961,2615 1051,2615 1140,2615 1230,2615 1319,2615 1409,2615 1498,2615 1588,2615 1678,2621 1767,2615 1857,2615 1946,2615 2036,2621 2126,2621 2215,2615 2305,2621 2394,2621 2484,2621 2573,2621 2663,2627 2753,2621 2842,2621 2932,2621 2974,2621"/>
                <TextEquiv>
                    <Unicode>The Stage represents a small room in a picture</Unicode>
                </TextEquiv>
            </TextLine>
            <TextLine id="tr_1_tl_2" custom="readingOrder {index:1;}">
                <Coords points="195,2782 2763,2835 3091,2801 3091,2710 195,2732"/>
                <Baseline points="214,2782 304,2776 394,2770 483,2770 573,2776 662,2776 752,2770 842,2770 931,2770 1021,2770 1110,2770 1200,2770 1289,2770 1379,2770 1469,2770 1558,2770 1648,2770 1737,2770 1827,2770 1917,2770 2006,2770 2096,2776 2185,2770 2275,2776 2364,2776 2454,2770 2544,2776 2633,2776 2723,2782 2812,2776 2902,2776 2991,2776 3081,2776 3099,2782"/>
                <TextEquiv>
                    <Unicode>gallery, hung with works of the Italian renaissance. In the</Unicode>
                </TextEquiv>
            </TextLine>
            <TextLine id="tr_1_tl_3" custom="readingOrder {index:2;}">
                <Coords points="210,2950 3278,3019 3232,2828 210,2870"/>
                <Baseline points="232,2932 322,2926 412,2926 501,2926 591,2926 680,2926 770,2926 859,2926 949,2926 1039,2926 1128,2926 1218,2920 1307,2926 1397,2926 1487,2926 1576,2926 1666,2926 1755,2926 1845,2926 1934,2926 2024,2926 2114,2932 2203,2932 2293,2932 2382,2932 2472,2932 2561,2932 2651,2932 2741,2932 2830,2932 2920,2932 3009,2932 3099,2932 3189,2932 3278,2938 3284,2938"/>
                <TextEquiv>
                    <Unicode>enter of the middle wall there is a large picture of a beautiful</Unicode>
                </TextEquiv>
            </TextLine>
            <TextLine id="tr_1_tl_4" custom="readingOrder {index:3;}">
                <Coords points="206,3080 2553,3152 3084,3106 3084,2942 2660,3042 206,3007"/>
                <Baseline points="226,3075 316,3075 406,3081 495,3081 585,3081 674,3081 764,3081 853,3081 943,3081 1033,3081 1122,3081 1212,3081 1301,3087 1391,3081 1481,3087 1570,3087 1660,3087 1749,3087 1839,3081 1928,3081 2018,3081 2108,3087 2197,3087 2287,3087 2376,3087 2466,3087 2556,3087 2645,3087 2735,3087 2824,3087 2914,3087 3003,3087 3093,3087"/>
                <TextEquiv>
                    <Unicode> Coman in a following white gown, somewhat in the style of Palma</Unicode>
                </TextEquiv>
            </TextLine>
            <TextLine id="tr_1_tl_5" custom="readingOrder {index:4;}">
                <Coords points="198,3282 3049,3316 3011,3137 198,3152"/>
                <Baseline points="220,3236 310,3236 400,3236 489,3236 579,3236 668,3242 758,3236 848,3236 937,3236 1027,3236 1116,3236 1206,3236 1295,3236 1385,3236 1475,3242 1564,3242 1654,3242 1743,3242 1833,3242 1922,3242 2012,3242 2102,3242 2191,3242 2281,3242 2370,3242 2460,3248 2550,3242 2639,3242 2729,3242 2818,3242 2908,3242 2997,3242 3057,3242"/>
                <TextEquiv>
                    <Unicode>Beochio. She holds a dagger in her upreised right hand and</Unicode>
                </TextEquiv>
            </TextLine>
            <TextLine id="tr_1_tl_6" custom="readingOrder {index:5;}">
                <Coords points="206,3412 2767,3477 3122,3416 3122,3301 206,3320"/>
                <Baseline points="226,3386 316,3386 406,3386 495,3392 585,3392 674,3392 764,3392 853,3392 943,3392 1033,3392 1122,3392 1212,3392 1301,3392 1391,3398 1481,3398 1570,3392 1660,3398 1749,3398 1839,3398 1928,3398 2018,3398 2108,3398 2197,3398 2287,3398 2376,3398 2466,3398 2556,3398 2645,3398 2735,3398 2824,3398 2914,3398 3003,3398 3093,3398 3129,3398"/>
                <TextEquiv>
                    <Unicode>stares at the ground at her feet, as if someone lay there. It</Unicode>
                </TextEquiv>
            </TextLine>
            <TextLine id="tr_1_tl_7" custom="readingOrder {index:6;}">
                <Coords points="187,3591 2286,3664 3049,3599 3049,3442 187,3469"/>
                <Baseline points="209,3547 298,3547 388,3547 477,3547 567,3547 656,3547 746,3547 836,3547 925,3553 1015,3553 1104,3553 1194,3547 1283,3547 1373,3547 1463,3553 1552,3553 1642,3553 1731,3553 1821,3553 1911,3553 2000,3553 2090,3553 2179,3553 2269,3553 2358,3553 2448,3559 2538,3553 2627,3559 2717,3559 2806,3553 2896,3553 2985,3559 3057,3565"/>
                <TextEquiv>
                    <Unicode>is a very short set and the only furniture is a benoh in the</Unicode>
                </TextEquiv>
            </TextLine>
            <TextLine id="tr_1_tl_8" custom="readingOrder {index:7;}">
                <Coords points="198,3763 313,3809 427,3740 653,3759 702,3717 931,3774 1065,3759 1111,3744 1111,3633 889,3622 847,3656 607,3622 534,3656 492,3614 336,3622 309,3595 198,3648"/>
                <Baseline points="220,3708 310,3702 400,3702 489,3702 579,3702 668,3702 758,3702 848,3702 937,3708 1027,3708 1116,3714"/>
                <TextEquiv>
                    <Unicode>enter of the room,</Unicode>
                </TextEquiv>
            </TextLine>
            <TextLine id="tr_1_tl_9" custom="readingOrder {index:8;}">
                <Coords points="1942,4671 2626,4683 2904,4774 3064,4728 3061,4499 3000,4480 2542,4438 1939,4465"/>
                <Baseline points="1964,4658 2054,4652 2143,4652 2233,4652 2323,4652 2412,4652 2502,4652 2591,4658 2681,4658 2770,4652 2860,4652 2950,4658 3039,4652 3069,4658"/>
                <TextEquiv>
                    <Unicode>you had to leave so ser</Unicode>
                </TextEquiv>
            </TextLine>
        </TextRegion>
    </Page>
</PcGts>
