4168 5992
932 460 3292 743 Tell me truly, Clem, would'nt you be proud if your
598 570 893 763 Marg:
936 712 3516 916 fiancee', your wife, were to be oome a great and famous
952 893 1302 1046 weiter.
613 983 3429 1156 Clem: I have already told you. I am rooted in my decision.
940 1144 3303 1345 And I promise you, that if you begin scribbling or
944 1290 3425 1479 publish pooms in which you paint your passion for me,
956 1427 3563 1667 and sing to the world the progress of our love--it’s all
963 1608 2517 1825 up with our Wedding and off I go.
952 1734 3767 1954 You threaten--you, who have had a doesn well-known affairs.
621 1774 873 1966 Marg¬
960 1907 3449 2096 My dear, well-known or not, I did'nt tell anybody, I
633 1962 893 2143 Clem:
975 2025 3520 2234 did'nt bring out a book whenever a woman abandoned her-
967 2218 3496 2371 self on my breast, so that any Tom, Dick or Harry, who
979 2371 3465 2536 would, could buy it for a Gulden and a half. There's
971 2517 3590 2686 the rub. I know there are people who thrive by it, but,
975 2698 3484 2863 as for me, I find it entirely coarse. It's more de¬
975 2820 3645 3032 Grading to me than if you were to poso as a Greek Goddesa
987 2969 3551 3162 in flesh--colored tights at Ronacher’s. A Greek statue
987 3095 3527 3303 like that does’nt say “Mew,” But a written who makes
995 3288 3374 3457 copy of everything goes beyond the mosely humoreus.
1007 3445 3575 3598 (nervously) Dearest, you forget that the post does not
657 3476 932 3630 Marg:
995 3590 2037 3787 always tell the truth.
676 3756 3480 3960 Clem: And suppose he only vaporizes. Does that make it any
1003 3944 1353 4078 better?
987 4039 3236 4208 It is'nt called vaperizing: it's "distellation"
665 4082 940 4227 Marg:
1011 4212 2674 4397 What sort of an expression is that?
669 4243 944 4373 Clem:
676 4290 3834 4562 Marg: Welelese things we never experienced, things we dreamed--
995 4542 1821 4699 plainly desvented.
684 4640 3752 4888 Clem: Den’t say “we” any more, Margarett». Thank-goodness, that
1011 4821 1439 5018 is past.
676 4927 1542 5171 Marg: Vho knowsi
688 5128 1298 5348 Clem: What?
684 5238 2910 5490 Marg: (tenderly) Clement, I must tell you all.
696 5443 1585 5635 Clem: What is it?
