3864 5176
3181 392 3417 618 -19-
1437 815 1733 992 Hein.
554 981 3209 1154 And yett Herr Hausdorfer, do you think that those people
551 1105 3202 1278 are to be envied for theirÓpacity to absorb themselves
547 1288 3216 1423 in their work, their art? They have the wonderful power
547 1416 3336 1599 of moulding their sorrow into imperishable form, instead of
547 1596 2700 1737 letting it Lissipate itself in useless tears.
1493 1723 1769 1913 Haus.
547 1892 3244 2062 And this meulding of their sorrow into imperishable form
565 2026 2019 2242 will that bring the dead back?
1490 2185 1740 2393 Hein
547 2347 3233 2460 Not any more than tears would, I do not say that joy in
572 2482 3346 2655 one’s work outweighs one's sorrow for a departed loved one.
565 2630 3346 2782 But isn’t our work the one thing that is left to us? Shall
561 2803 3350 2976 you not work in your garden again? And for myself -- yes,
565 2948 3315 3138 I long for the day when I once more can work, create some-
565 3117 3403 3279 thing as I once did. We must reign ourselves to the inev-
561 3258 935 3498 itable.
1497 3431 1783 3597 Haus.
561 3569 1687 3767 To the inevitable, yes.
1486 3742 1776 3918 Hein.
547 3890 1680 4088 This wasthe incvitable.
1493 4038 1765 4222 Haus.
579 4201 798 4395 No.
1486 4356 1758 4529 Hein
650 4504 1465 4702 (Astonished-)
1550 4649 3279 4868 What notion are you tomenting your-
547 4656 1497 4893 Most surely it was.
