3880 5144
3247 327 3438 499 6.
492 499 3014 803 opportunity to show his wit – his genus if you will.
1051 728 2102 935 PAULINE
2695 796 3206 976 here today to
477 901 3255 1092 Possibly my whole life may have no other meaning.—
1438 1025 1941 1231 LEONHARD
2549 1081 3292 1299 ouched mine, why
447 1212 3296 1411 And is that part of its meaning, that your secrets should be
458 1303 3322 1554 laid bare to all the world? (He must be Rreful not to become
458 1486 3363 1712 either tragio or pathetio) Princess Marie! Everyone knew that
439 1633 3446 1869 that was Princese Marie up there in her box. Master Gottfried!
428 1776 3247 2027 Every one knew that it was he who had written the play. And
435 1971 3352 2177 all the words and all the kisses on the stage--his treachery
424 2113 3255 2301 and herur despair--his remorse and her forgiveness--all the
405 2252 3142 2485 passion and all the misery--it was all true--and Master
405 2402 3232 2646 Gottfried had made it into a play, and Princess Marie sat in
379 2538 3243 2804 her box and looked on as it was played. Oh Panline, I felt
375 2688 3356 2924 yesesday as if I must go to you, as If I must free you and
368 2894 3386 3146 carry you away with me--you seemed like some helpless and you.
364 3018 3303 3247 humiliated slave to me I pitied you--and I was asked.
1408 3209 1813 3393 PAULINE
2053 3198 2845 3423 You the love of
338 3303 1077 3502 Ashamed? Why?
2218 3360 3348 3577 �hard, I say to you that
563 3521 751 3641 G.F.P.
1389 3498 3258 3701 LEONHARD jou could wieh me to have
323 3585 3273 3885 because I love you Pauline. (She looks at him walmly) Do not
323 3769 3337 4009 be angry with me Pauline. I know I have no right to speak thus
323 3953 3187 4208 to you--no right but that nothing else in the world matters
315 4099 3273 4354 to me--but that I am ready to die for you, and that l am young.
1355 4272 1772 4459 PAULINE
293 4399 3176 4640 That is not a little. But let us drop the subject and go on.
278 4550 3179 4801 come, let us see what is in the next room. No.—ha more, I beg
274 4666 668 4944 of you.
1558 4730 1738 4947 July 2
