4120 5992
452 408 3351 673 Marg: You are a free man. You don't have to steel your hours
784 670 3175 865 devoter to artistic labor. And your future does'nt
798 835 1733 1001 depend on the throw.
780 1004 1185 1111 And you?
456 883 684 1159 Gil:
452 1104 3403 1269 Marg: That's what I'Ve done. Only a half hour ago Clement left
791 1240 3440 1479 me because I confessed to him that I had written a novel.
732 1431 1725 1608 Loft you—for good?
452 1449 688 1586 Gil:
464 1505 3370 1762 Marg: I don’t know? But it is’mt unlikely. He went away in a
739 1707 3370 1895 fit of anger. What he'll decide to do, I can't predict.
758 1872 3425 2034 So he objects to your writing, does he? He can't bear to
475 1891 710 2056 Gil:
754 1994 3554 2141 hie his mistress put her intelligence to some use. Capital;
743 2115 3561 2347 And he representa the blood of the country into the burgain.
750 2296 3381 2502 H’m; And you, you’re not ashamed to give yourself up to
754 2468 3193 2619 the arms of an idiet of this sort, whom you once – –
813 2612 3315 2814 Don't you speak of him like that. You don’t know him.
486 2660 743 2803 Marg:
762 2814 938 2954 Ha!
500 2814 703 2976 Gil:
820 2928 3241 3086 You don’t know why he objects to my writing. Purly
497 2969 791 3127 Marg:
809 3083 3237 3237 out of love. He feel that if I continue, I will be
820 3226 3083 3370 dwelling in a world entirely apart from him. He
813 3395 3296 3550 blushes at the thought that I should make copy of the
813 3524 3304 3701 most sacred feeling of my soul for unknown people to
817 3675 3267 3870 read. It is his wish that I belong to him only, and
846 3811 3153 4014 that is why he desired out --no, not desired out--for
839 4014 3263 4128 Clement does'nt belong to the class that dahhes out.
846 4117 3579 4300 Your observation is well taken. In any case, he went away.
500 4179 725 4311 Gil:
820 4308 3432 4462 We will not Undertake to discuss the tempo of his going
839 4437 3495 4613 forth. And he went away because he could not bear to see
809 4621 3039 4786 you surrender yourself to the creative impulse.
828 4749 3366 4930 Ah, if he could only understand that! But, of course,
511 4742 776 4918 Marg:
846 4878 3539 5055 that can never be. I could be the best, the faithfullest,
839 5033 3326 5312 the noblest woman in the world, if the right man only
828 5198 1243 5364 existed.
522 5367 3094 5522 Gil: At all events, you admit he is not the right man.
522 5489 1722 5731 Marg: I never said that;
