3688 5112
3009 198 3203 455 26.
1155 489 1547 681 ReMIGIO
1751 609 2196 838 seerpien d
216 596 1431 822 No man has forced me yet.
1205 819 1628 979 LIONARDO
238 913 2203 1130 I'll stand out in the market-place and cry
235 1098 2152 1402 That Paola your wife was mine this night.
1199 1264 1556 1459 REMIGIO
232 1418 2115 1672 They'll know an hour earlier,that's all.
1189 1584 1610 1754 LIONARDO
210 1704 2736 1914 I'll call youque before the court! I'll voorn you
210 1867 1826 2080 As comard playing the magnanimous.
223 2055 2284 2250 l'll swear your wifeersued me till I fell.
1126 2193 1509 2369 REMIGIO
238 2281 2372 2529 "Twill help thee little thus to slur the dead.
1086 2507 1497 2676 LIONARDO
198 2623 1970 2858 Once more Remigio I pray you, bleke!
204 2786 2203 2965 Ere you have let the one right moment pass.
182 2949 1973 3106 For new desire of life within me moves
191 3128 1886 3276 I have more work to do before I die,
173 3291 1989 3432 I hate you more than e'er before a man
169 3398 1842 3596 Did hat another: always hated you,
182 3574 2112 3759 But know it only now since the hot shower
160 3724 2077 3912 Of.poisoned soorn you pour upon my head,
160 3900 2215 4041 I hate you so that I must live to kill you,
157 4019 2334 4211 And yet the more that not a thousand
157 4201 2334 4355 From my poor hand could really take your life.
144 4336 2262 4553 For in your work you live for all the world:
2381 4433 2629 4650 mine?
151 4480 2297 4709 In your wife's longing you will live for her:
138 4672 2268 4916 For me, stronger than death, in my wild hat.
