4104 5208
977 886 2569 1105 XLEMUENS: What do you believe?
977 1028 3686 1255 MARGARET: I mean that sometimes I think that I too am of
875 1222 1497 1409 noble birth.
966 1372 1717 1563 CLEMENS: How?
970 1512 2815 1728 MARGAPET: Well, it would be possible -
977 1684 2577 1878 CLEMENS: I don't understand you.
966 1815 3495 2009 MARGARET: But I told you that my parents déertained
875 1995 1468 2189 aristocratd.
970 2156 2163 2331 CLEMENS: And even so...
966 2295 2042 2492 MARGARET: Who knows?
977 2445 3759 2635 CLEMENS: Margaret! No; how can one speak of such things?
966 2610 3752 2760 MARGARET: One may never say what one thinks to you; that
875 2752 3638 2939 the trouble with you; otherwise you would be perfect. (She
867 2913 3590 3111 strokes his arm). I am so unbelievably fond of you. The
864 3052 3799 3235 very first evening when you came into the café with Wangenheim.
867 3202 3700 3393 I knew at once - it is he. Truly you came among us as from
864 3386 1559 3568 another world.
996 3568 3609 3726 CLEMENS: I hope so; and thank God, you did'nt look as
867 3678 3675 3902 though you belonged there either. No, when I think of that
864 3843 3605 3993 gathering - of the Russian woman for instance, who looked
856 4011 3675 4183 like a student with her short hair, except that she were no
849 4183 1080 4355 cap.
930 4308 3638 4538 MARGARET: That was a very gifted painter, the Baronesa.
