3832 5176
3076 357 3302 576 -11-
1391 844 1674 957 Haus.
459 960 936 1137 Tut, tut?
1384 1038 1674 1254 Hein.
470 1186 3129 1469 Of course, I was only twenty at the time, and it was the
470 1444 3129 1582 spring of the year – two facts that must be taken into
480 1600 1169 1790 consideration.
1402 1755 1681 1879 Haus.
487 1907 1271 2101 I should say so.
1420 1978 1691 2193 Hein.
480 2196 3093 2352 And this time, -- nothing. Not a ray of illumination.
498 2380 1271 2553 On the contrary.
1409 2500 1691 2638 Haus.
494 2613 3330 2790 Then there would seem to be occasions when Hellbrunn doesn't
498 2814 2458 2980 work? How long did you stay in Salzburg?
1441 2980 1706 3118 Hein.
494 3072 3273 3298 I left the next day and went to Munich; I heped a good deal
501 3217 3273 3422 from the soothing influence of the old masters. So I want
505 3394 3348 3616 to the Alte Pinakothek, where my believed Dürers and Holbeins
505 3524 3125 3778 are hung; and there at last I bleathed again, the first
505 3750 1533 3941 time in a long while.
763 3895 1130 4089 (Pause)
498 3973 3168 4181 You don't mind my telling you all this, do you? Somehow
480 4199 1804 4411 I feel I must speak to you.
1451 4361 1727 4555 Haus.
505 4527 1162 4728 Go on, go on.
