3816 5112
1685 823 1908 977 Mag.
542 869 1872 1128 I was thinking of something,
1688 1099 1904 1265 cle.
535 1221 798 1408 Well.
1721 1423 1958 1574 Mag.
528 1538 2601 1753 "Upon his neck all drink with bliss divine "
1685 1732 1900 1865 cle.
769 1839 1397 2066 (Displeased.)
510 2019 2450 2213 Why do you always drag one down to earth.
1663 2156 1886 2346 Mar.
510 2299 3097 2526 Tel1 me Clem, wouldn’t you be prouid if pour wife became
517 2472 1746 2658 aggreat, a desuoua poetess.
1653 2612 1875 2795 cle.
510 2799 3201 2975 I've answered that before; you may think me narrow-minded
496 2906 3359 3122 but I declare to you if you begin to scribble any more versus
510 3086 3276 3237 or still worse, to print them, in which youRumentalized
507 3233 3352 3384 over me, and published our love story to the world, I'd break
499 3373 3226 3596 right off, I'd leave you - and there would be no marriage.
1595 3513 1832 3700 Mas.
507 3682 3391 3912 And you can say that, A man who has had a doesn love affairs.
489 3808 1193 4016 all town talk.
1645 4020 1857 4124 Cle.
481 4124 3323 4307 My pet, toon talk or not I didn't tell, I didn’t put it in p
471 4289 3258 4476 point when a drinken creature hung on my neck, and I didn't
492 4462 3222 4606 sell it for one and a half gulden. That's the point. I
481 4588 3334 4782 know well enough that there are men who make a living by it.
