4168 5976
763 413 2154 621 Marg: It wasent quite so bad.
752 497 3425 774 Clem: Don't take offence, dear. I said, there were some
1055 694 3461 909 interesting individuals among them. But that aldy
1055 836 3509 1081 should feel at case in their company for any length.
1066 986 3480 1194 of time, I cannot and do not pretend to understand.
785 1128 3721 1369 Marg: You forget, dear Clem, that in a sense I'm one of them--
1084 1333 1994 1493 or was at one time.
796 1457 2377 1672 Clem: Nov. please! For my sake!
1132 1639 1994 1833 They were artists.
792 1650 1070 1818 Marg:
1132 1775 3414 1964 Thank goodness, we've returned to the old them.
807 1804 1106 1950 Clem:
803 1921 3494 2099 Marg: Yes, because it hurnts me to think you always lose
1139 2085 2052 2260 eight of that fact.
1136 2194 3505 2399 Lose sight of that fact; Nonsensej You know what
822 2271 1095 2439 Clem:
1143 2373 3637 2549 pained me in your writings--things entirely personal.
1154 2519 3465 2731 Let me tell you, Clem, there are women who, in my
811 2556 1073 2749 Marg:
1150 2673 3553 2833 situation, would have done worse than write pretty.
1168 2830 3655 3001 Iut what sort of peetry! What sort of pretty! (takes
840 2884 1099 3023 Clem:
1161 2983 3607 3133 a slender volume from the mantel-shelf) That's what
1172 3104 3622 3326 repels me. I assure you, every time I see this book
1179 3261 3556 3472 lying here; every time I think of it, I blush with
1176 3450 2465 3637 shame because you wrote it.
1176 3538 3560 3753 That's why you fail to understand--Now, don't take
840 3659 1132 3790 Marg:
1179 3764 3655 3921 offense. If you did understand, you'd be quite per-
1190 3885 3567 4075 fect and that, obviously, is impossible. Why does
1187 4035 3688 4206 it repel you? You know I did'nt live through all the
1201 4210 2454 4400 experienses I write about.
1194 4392 1753 4549 I hope not.
876 4400 1136 4571 Clem:
1201 4491 2508 4659 The peems are only visions.
865 4557 1132 4758 Marg:
1201 4622 3586 4820 That's just it. That's what makes me inquire: How
876 4725 1146 4885 Clem:
1205 4772 3805 5024 can a lady indulge in visions of that character? (read)
1497 4969 3932 5185 “Abandoned on the broast and suoklod by the "lips--"
1176 5137 3900 5272 (shaking his head). How can a lady write such stuff--how
1187 5225 3870 5437 can a lady have such stuff printed? That's what I simply
1187 5389 3713 5638 can’t make out.Tverybedy who reada will'h wattably
1172 5579 3878 5732 conjure up the person of the authoress and the particular
2056 5700 3929 5853 And the particular abandonnent hinted at.
