3848 5192
595 765 3185 940 thinking me terrible, too -- what it is that makes us
588 918 3290 1114 wretched human creatures andure such misery, such martyr-
595 1103 3316 1284 dom, when it lies in our own power to put an end to it at
595 1302 1070 1444 any time.
1520 1389 1806 1574 Haus.
591 1567 1081 1796 Heinrich!
1524 1672 1810 1883 Hein
588 1821 3181 2133 If my mother did do what you say you know she did, she
588 2013 1716 2213 was right, quite right.
1538 2220 1799 2343 Haus.
588 2372 1066 2594 Heinrich!
1527 2481 1781 2655 Hein
602 2615 1846 2811 That is my honest opinion.
1538 2808 1810 2975 Haus.
588 2917 3199 3120 because you don’t understand, Heinrich -- because you
595 3127 3330 3279 know nothing! She would have gone on living and reluring,
3257 392 3504 577 —22—
599 3236 3308 3428 as long as the good God gave her life, - - she would have
606 3446 3348 3584 lived for my sake and her own – here for these few hours
617 3540 3272 3758 in the garden, so full of remembrances of our young days
606 3696 3290 3874 and our happiness; but she is dead, and she died for you,
599 3852 2209 4030 Heinrich, for you, for your sake!
1538 4012 1832 4201 Hein.
791 4143 2017 4426 (Nore and more overcome)
580 4349 3497 4582 For me, for my sake? But I can't understand, in the least --
595 4494 2264 4738 for my sake – what do you mean?
