3624 5064
2848 515 3013 731 17
270 925 3042 1080 I think it vulgar in the extreme, I tell you it seems worse
277 1040 2974 1235 to me than to rose as a "living picture at Ronacher's. A
295 1224 3046 1372 "living picture “ doesn't say “boo” but what a voet balbles
266 1364 1462 1580 forth goes beyond a jobe.
1458 1541 1670 1728 Mag.
504 1688 994 1854 (Uneasily)
241 1843 3118 1987 Dearest you forget that a post does not always tell the exact
248 1991 569 2171 truth.
1411 2131 1642 2279 cle.
241 2268 1760 2502 Do you commend him for braging,
1393 2448 1624 2628 Mag.
241 2599 3118 2830 They don’t call it "braging then. They say that they give it
274 2768 590 2927 "style"
1375 2905 1620 3107 Cle.
241 3056 828 3262 What's that?
1390 3193 1602 3377 Mag.
220 3341 3118 3542 Or we desoribe things that we have never experienced; that we
212 3514 1894 3708 have dreamed of or merelyinvented.
1393 3665 1620 3838 Cle.
223 3755 3053 3985 I beg you Margaret do not say “ve” Thank heaven you do not
230 3956 1202 4162 belong to the tribe.
1372 4100 1602 4324 Mag.
212 4158 716 4453 Who knows.
1332 4367 1570 4594 Cle.
241 4558 1721 4766 What do you mean by "who knows"
