4152 5960
571 385 2560 673 Clem: Where did you get that information?
571 662 2334 880 Marg: Szigrati himself gave me a rip.
582 818 1702 1022 Clem: Where-and when;
571 985 3494 1160 Marg: Oh, this morning in the Fredenau, while you were engaged
844 1124 2189 1327 in conversation with Milner.
578 1295 3269 1465 Clem: Now look here: Szigrati is'nt fit company for you.
898 1440 1313 1622 Jealous?
578 1447 862 1611 Marg:
578 1571 3436 1749 Clem: Not at all. Moreover, let it be understood, that from
905 1734 3393 1938 now on I shall introduce you everywhere as my francee.
913 1902 1764 2084 (Marg. kisses him)
582 2076 2105 2218 Clem: Now what did Szigrati say?
905 2204 3527 2411 That he's not going to enter Badegast in the Handicap at
578 2211 833 2389 Marg:
862 2371 1080 2513 all.
913 2487 3531 2680 Well, don't you believe everything Szigrati is likely to
582 2487 847 2662 Clem:
913 2673 3494 2793 say. He's circulating the rumor that Badegast will not
916 2793 2887 2993 be entered so that the odds may be bigger.
895 2964 3174 3127 Nonensensei That’s too much like an investment.
575 2953 833 3120 Marg:
916 3069 3538 3258 Se you don't believe there is such a thing asennestment
589 3127 851 3294 Cäem:
913 3302 3585 3418 in this game? For a great many it's all a commercial en-
913 3414 3494 3582 terprise. Do you think that a fellow of Szigrati's ilk
916 3564 3498 3742 eares a fig for sport? He might just as well speculate
916 3734 3585 3902 on the market, and would'nt realize the difference. Any-
916 3858 3534 4033 way, as far as Badegast is concerned, One hundred to one
913 3996 2953 4189 would'nt be too much to put up against him.
905 4185 3487 4371 Really? I found him in first-rate little this morning.
582 4178 840 4324 Marg:
916 4305 2171 4516 Then you saw Badegast too?
578 4353 840 4491 Clem:
913 4403 3713 4640 certainly. Did'nt Butters exereise him right behind Busserl
582 4494 844 4654 Marg:
931 4585 3404 4807 But Butters is'nt riding for Seigrati. He was only a
600 4625 862 4833 Clem:
887 4800 3738 4989 table-boy. Badegast can be in as fine little as he chooses,
880 4931 3622 5149 it's all the same to me. He's nothing but a blind. It is
905 5102 3502 5276 ovident, Margaretta, that with the help of your unusual
895 5233 3654 5451 talent, you will soon be able to distinguish the veritable
895 5403 3462 5553 senebodys from theshans. Really, its remerkable with
895 5538 3673 5702 what proficienoy you have, so to speak, insinulated yourself
840 5662 3389 5840 into all these things. You go behind myexpectations.
