<?xml version="1.0" encoding="UTF-8" standalone="yes"?>
<PcGts xmlns="http://schema.primaresearch.org/PAGE/gts/pagecontent/2013-07-15" xmlns:xsi="http://www.w3.org/2001/XMLSchema-instance" xsi:schemaLocation="http://schema.primaresearch.org/PAGE/gts/pagecontent/2013-07-15 http://schema.primaresearch.org/PAGE/gts/pagecontent/2013-07-15/pagecontent.xsd">
    <Metadata>
        <Creator>prov=READ-COOP:name=TrHtr:version=2.1.0:model_id=51170:date=14_08_2023_19:59</Creator>
        <Created>2023-05-10T15:29:48.864+02:00</Created>
        <LastChange>2023-08-14T19:59:36.795+02:00</LastChange>
        <TranskribusMetadata docId="1429072" pageId="55436229" pageNr="14" tsid="132823950" status="IN_PROGRESS" userId="64420" imgUrl="https://files.transkribus.eu/Get?id=EOKOCFBPJIXJQZOBCLELQDPN&amp;fileType=view" xmlUrl="https://files.transkribus.eu/Get?id=LJQUWDWKKFLLVSUARGTRTMAV" imageId="44710218"/>
    </Metadata>
    <Page imageFilename="1429072_0014.jpg" imageWidth="4088" imageHeight="5208">
        <ReadingOrder>
            <OrderedGroup id="ro_1711797485623" caption="Regions reading order">
                <RegionRefIndexed index="0" regionRef="tr_1"/>
                <RegionRefIndexed index="1" regionRef="tr_2"/>
            </OrderedGroup>
        </ReadingOrder>
        <TextRegion id="tr_1" custom="readingOrder {index:0;}">
            <Coords points="854,953 3696,953 3696,3241 854,3241"/>
            <TextLine id="tr_1_tl_1" custom="readingOrder {index:0;}">
                <Coords points="919,1068 3689,1006 3109,893 922,962"/>
                <Baseline points="937,1063 1009,1057 1098,1057 1188,1051 1278,1051 1367,1051 1457,1045 1546,1045 1636,1045 1726,1045 1815,1045 1905,1045 1994,1039 2084,1039 2173,1033 2263,1033 2353,1033 2442,1027 2532,1027 2621,1021 2711,1021 2801,1021 2890,1021 2980,1021 3069,1015 3159,1015 3249,1015 3338,1015 3428,1009 3517,1009 3607,1003 3696,1009"/>
                <TextEquiv>
                    <Unicode>CLEMENS: I know; you pointed her out to me in the picture</Unicode>
                </TextEquiv>
            </TextLine>
            <TextLine id="tr_1_tl_2" custom="readingOrder {index:1;}">
                <Coords points="838,1265 3306,1225 3361,1050 1064,1075 842,1155"/>
                <Baseline points="860,1230 949,1218 1039,1212 1128,1212 1218,1212 1307,1206 1397,1206 1487,1200 1576,1200 1666,1200 1755,1200 1845,1200 1935,1194 2024,1194 2114,1188 2203,1188 2293,1188 2383,1188 2472,1182 2562,1182 2651,1182 2741,1182 2830,1182 2920,1176 3010,1176 3099,1176 3189,1170 3278,1170 3368,1164"/>
                <TextEquiv>
                    <Unicode>gallery. She stood on a ladder and copied. And that</Unicode>
                </TextEquiv>
            </TextLine>
            <TextLine id="tr_1_tl_3" custom="readingOrder {index:2;}">
                <Coords points="838,1396 1604,1374 1899,1418 2085,1360 2223,1407 2227,1214 2008,1258 1374,1232 1276,1294 1017,1239 838,1265"/>
                <Baseline points="860,1373 889,1373 979,1367 1069,1367 1158,1367 1248,1361 1337,1361 1427,1355 1517,1355 1606,1355 1696,1349 1785,1349 1875,1349 1964,1349 2054,1343 2144,1343 2233,1343"/>
                <TextEquiv>
                    <Unicode>fallow with the Polish name -</Unicode>
                </TextEquiv>
            </TextLine>
            <TextLine id="tr_1_tl_4" custom="readingOrder {index:3;}">
                <Coords points="908,1538 1021,1586 1130,1535 1516,1575 2220,1535 2220,1400 2085,1360 1874,1425 1764,1381 1637,1447 1491,1374 1440,1414 1345,1378 911,1422"/>
                <Baseline points="931,1522 973,1522 1063,1517 1152,1517 1242,1517 1331,1517 1421,1517 1511,1511 1600,1511 1690,1511 1779,1511 1869,1511 1958,1505 2048,1505 2138,1505 2227,1505"/>
                <TextEquiv>
                    <Unicode>MARGAOET: (Begins) Svkd..</Unicode>
                </TextEquiv>
            </TextLine>
            <TextLine id="tr_1_tl_5" custom="readingOrder {index:4;}">
                <Coords points="926,1710 3332,1677 3332,1527 3204,1491 929,1564"/>
                <Baseline points="949,1684 1009,1678 1098,1678 1188,1672 1278,1672 1367,1672 1457,1666 1546,1666 1636,1660 1726,1660 1815,1660 1905,1660 1994,1660 2084,1660 2173,1654 2263,1654 2353,1654 2442,1654 2532,1654 2621,1648 2711,1648 2801,1642 2890,1642 2980,1642 3069,1636 3159,1636 3249,1636 3338,1630"/>
                <TextEquiv>
                    <Unicode>CLEMENS: Don't trouble yourself - it is no longer</Unicode>
                </TextEquiv>
            </TextLine>
            <TextLine id="tr_1_tl_6" custom="readingOrder {index:5;}">
                <Coords points="835,1877 3412,1855 3590,1822 3594,1655 838,1746"/>
                <Baseline points="854,1839 913,1833 1003,1833 1092,1827 1182,1827 1272,1833 1361,1833 1451,1827 1540,1821 1630,1821 1720,1821 1809,1815 1899,1815 1988,1815 2078,1815 2168,1815 2257,1809 2347,1809 2436,1809 2526,1803 2615,1803 2705,1803 2795,1803 2884,1803 2974,1803 3063,1797 3153,1797 3243,1791 3332,1791 3422,1785 3511,1785 3601,1797"/>
                <TextEquiv>
                    <Unicode>necessary. He read something about in the café, once when</Unicode>
                </TextEquiv>
            </TextLine>
            <TextLine id="tr_1_tl_7" custom="readingOrder {index:6;}">
                <Coords points="835,2038 2818,2016 2982,1961 2985,1848 838,1866"/>
                <Baseline points="854,2000 931,1988 1021,1988 1110,1982 1200,1982 1290,1982 1379,1982 1469,1976 1558,1976 1648,1976 1737,1970 1827,1970 1917,1970 2006,1970 2096,1970 2185,1964 2275,1964 2365,1964 2454,1958 2544,1958 2633,1958 2723,1953 2813,1953 2902,1953 2992,1958"/>
                <TextEquiv>
                    <Unicode>I was there, without the least embarrassment,</Unicode>
                </TextEquiv>
            </TextLine>
            <TextLine id="tr_1_tl_8" custom="readingOrder {index:7;}">
                <Coords points="937,2165 3273,2154 3361,2140 3364,1987 937,2041"/>
                <Baseline points="955,2138 1039,2138 1128,2138 1218,2132 1307,2138 1397,2132 1487,2132 1576,2126 1666,2126 1755,2120 1845,2120 1935,2120 2024,2120 2114,2120 2203,2120 2293,2120 2383,2120 2472,2120 2562,2114 2651,2108 2741,2108 2830,2108 2920,2108 3010,2108 3099,2102 3189,2102 3278,2102 3368,2102"/>
                <TextEquiv>
                    <Unicode>MARGARET: He is very talented, you may believe me.</Unicode>
                </TextEquiv>
            </TextLine>
            <TextLine id="tr_1_tl_9" custom="readingOrder {index:8;}">
                <Coords points="937,2307 3598,2300 3404,2118 937,2187"/>
                <Baseline points="955,2293 1009,2293 1098,2293 1188,2287 1278,2287 1367,2287 1457,2287 1546,2281 1636,2281 1726,2281 1815,2281 1905,2275 1994,2275 2084,2269 2173,2269 2263,2269 2353,2269 2442,2269 2532,2269 2621,2269 2711,2263 2801,2263 2890,2263 2980,2257 3069,2257 3159,2251 3249,2257 3338,2251 3428,2251 3517,2251 3607,2263"/>
                <TextEquiv>
                    <Unicode>CLMENS: Naturalty - they are alliesnted at the café.</Unicode>
                </TextEquiv>
            </TextLine>
            <TextLine id="tr_1_tl_10" custom="readingOrder {index:9;}">
                <Coords points="838,2475 2661,2471 2628,2322 1739,2307 1480,2380 842,2315"/>
                <Baseline points="860,2460 877,2454 967,2448 1057,2448 1146,2448 1236,2442 1325,2442 1415,2442 1505,2442 1594,2442 1684,2436 1773,2436 1863,2436 1953,2430 2042,2430 2132,2430 2221,2424 2311,2424 2400,2424 2490,2430 2580,2430 2669,2436"/>
                <TextEquiv>
                    <Unicode>And then that cad, that unbearable...</Unicode>
                </TextEquiv>
            </TextLine>
            <TextLine id="tr_1_tl_11" custom="readingOrder {index:10;}">
                <Coords points="933,2635 1032,2643 1101,2613 1214,2646 1363,2617 1578,2635 1633,2606 1731,2632 1735,2486 1655,2464 1538,2508 1283,2457 1170,2500 937,2493"/>
                <Baseline points="955,2609 1027,2604 1116,2598 1206,2598 1296,2598 1385,2598 1475,2592 1564,2598 1654,2592 1743,2598"/>
                <TextEquiv>
                    <Unicode>MARGARET: who?</Unicode>
                </TextEquiv>
            </TextLine>
            <TextLine id="tr_1_tl_12" custom="readingOrder {index:11;}">
                <Coords points="937,2821 3605,2752 3605,2624 3455,2577 940,2635"/>
                <Baseline points="961,2765 1015,2765 1104,2759 1194,2759 1284,2753 1373,2753 1463,2753 1552,2753 1642,2747 1732,2747 1821,2747 1911,2741 2000,2741 2090,2741 2179,2741 2269,2741 2359,2741 2448,2735 2538,2735 2627,2735 2717,2729 2807,2729 2896,2729 2986,2729 3075,2723 3165,2723 3255,2717 3344,2717 3434,2717 3523,2717 3613,2717"/>
                <TextEquiv>
                    <Unicode>CLEMENS: You know whom I mean. He always made tactless</Unicode>
                </TextEquiv>
            </TextLine>
            <TextLine id="tr_1_tl_13" custom="readingOrder {index:12;}">
                <Coords points="838,2942 1903,2963 2121,2912 2238,2956 2278,2952 2278,2825 1600,2767 1268,2847 1130,2796 838,2839"/>
                <Baseline points="860,2920 943,2914 1033,2914 1122,2914 1212,2914 1302,2908 1391,2908 1481,2908 1570,2908 1660,2902 1749,2902 1839,2902 1929,2902 2018,2896 2108,2896 2197,2902 2287,2902"/>
                <TextEquiv>
                    <Unicode>remparks about theglstocracy.</Unicode>
                </TextEquiv>
            </TextLine>
            <TextLine id="tr_1_tl_14" custom="readingOrder {index:13;}">
                <Coords points="948,3098 2726,3102 2985,3069 2989,2920 948,2967"/>
                <Baseline points="967,3075 1021,3069 1110,3069 1200,3069 1290,3069 1379,3069 1469,3063 1558,3063 1648,3063 1737,3063 1827,3057 1917,3057 2006,3051 2096,3051 2185,3051 2275,3051 2365,3051 2454,3051 2544,3045 2633,3045 2723,3045 2813,3039 2902,3039 2992,3045"/>
                <TextEquiv>
                    <Unicode>MARGARET: Gilbert - you must mean Gilbert.</Unicode>
                </TextEquiv>
            </TextLine>
            <TextLine id="tr_1_tl_15" custom="readingOrder {index:14;}">
                <Coords points="937,3244 3674,3211 3674,3058 940,3124"/>
                <Baseline points="955,3231 997,3231 1086,3225 1176,3225 1266,3225 1355,3225 1445,3225 1534,3219 1624,3219 1714,3219 1803,3213 1893,3213 1982,3213 2072,3213 2162,3213 2251,3207 2341,3207 2430,3207 2520,3207 2609,3201 2699,3201 2789,3201 2878,3195 2968,3195 3057,3195 3147,3189 3237,3189 3326,3189 3416,3183 3505,3183 3595,3183 3685,3195"/>
                <TextEquiv>
                    <Unicode>CLEMUNS: Yes. I can’t defend all of my class; there are</Unicode>
                </TextEquiv>
            </TextLine>
        </TextRegion>
        <TextRegion id="tr_2" custom="readingOrder {index:1;}">
            <Coords points="860,3288 3792,3288 3792,4650 860,4650"/>
            <TextLine id="tr_2_tl_1" custom="readingOrder {index:0;}">
                <Coords points="857,3412 3393,3408 3787,3353 3791,3262 1203,3233 857,3321"/>
                <Baseline points="877,3392 925,3386 1015,3386 1104,3386 1194,3380 1284,3380 1373,3380 1463,3374 1552,3374 1642,3374 1732,3368 1821,3368 1911,3368 2000,3368 2090,3368 2179,3362 2269,3362 2359,3362 2448,3362 2538,3362 2627,3362 2717,3356 2807,3356 2896,3350 2986,3350 3075,3350 3165,3350 3255,3350 3344,3344 3434,3344 3523,3344 3613,3344 3702,3338 3792,3344"/>
                <TextEquiv>
                    <Unicode>rascals everywhere, even among writers, I have been told - but</Unicode>
                </TextEquiv>
            </TextLine>
            <TextLine id="tr_2_tl_2" custom="readingOrder {index:1;}">
                <Coords points="864,3590 3248,3528 3248,3448 2989,3412 864,3437"/>
                <Baseline points="883,3547 925,3541 1015,3535 1104,3535 1194,3535 1284,3535 1373,3529 1463,3529 1552,3523 1642,3523 1732,3523 1821,3523 1911,3523 2000,3517 2090,3517 2179,3517 2269,3517 2359,3517 2448,3517 2538,3517 2627,3517 2717,3517 2807,3511 2896,3505 2986,3505 3075,3511 3165,3511 3255,3523"/>
                <TextEquiv>
                    <Unicode>it certainly is rude when one of us is present...</Unicode>
                </TextEquiv>
            </TextLine>
            <TextLine id="tr_2_tl_3" custom="readingOrder {index:2;}">
                <Coords points="937,3736 2260,3700 2300,3689 2304,3539 1906,3547 1746,3623 1484,3547 1389,3601 1112,3550 940,3590"/>
                <Baseline points="955,3696 961,3696 1051,3690 1140,3690 1230,3690 1319,3690 1409,3690 1499,3685 1588,3685 1678,3679 1767,3679 1857,3679 1947,3679 2036,3679 2126,3673 2215,3673 2305,3679"/>
                <TextEquiv>
                    <Unicode>MARGARET: He was that sort.</Unicode>
                </TextEquiv>
            </TextLine>
            <TextLine id="tr_2_tl_4" custom="readingOrder {index:3;}">
                <Coords points="940,3893 3496,3827 3496,3754 3222,3681 944,3729"/>
                <Baseline points="961,3852 997,3852 1086,3852 1176,3846 1266,3846 1355,3846 1445,3846 1534,3840 1624,3840 1714,3840 1803,3840 1893,3834 1982,3834 2072,3834 2162,3834 2251,3834 2341,3834 2430,3834 2520,3834 2609,3828 2699,3828 2789,3828 2878,3822 2968,3816 3057,3822 3147,3822 3237,3816 3326,3816 3416,3810 3505,3816"/>
                <TextEquiv>
                    <Unicode>CLLANENS: In those days I had to pull myself together</Unicode>
                </TextEquiv>
            </TextLine>
            <TextLine id="tr_2_tl_5" custom="readingOrder {index:4;}">
                <Coords points="838,4042 1141,4039 1196,4006 1250,4042 1863,4035 1888,3871 1804,3849 1553,3904 1498,3860 1422,3889 1371,3860 1174,3911 1053,3867 940,3907 842,3889"/>
                <Baseline points="860,4019 907,4019 997,4007 1086,4007 1176,4007 1266,4001 1355,4001 1445,4001 1534,4001 1624,3995 1714,3995 1803,3995 1893,3995"/>
                <TextEquiv>
                    <Unicode>not to become coarse.</Unicode>
                </TextEquiv>
            </TextLine>
            <TextLine id="tr_2_tl_6" custom="readingOrder {index:5;}">
                <Coords points="948,4192 3445,4163 3419,3988 951,4042"/>
                <Baseline points="973,4174 1033,4168 1122,4162 1212,4162 1302,4162 1391,4162 1481,4156 1570,4156 1660,4150 1749,4150 1839,4150 1929,4150 2018,4144 2108,4144 2197,4144 2287,4144 2377,4144 2466,4144 2556,4138 2645,4138 2735,4138 2824,4138 2914,4138 3004,4132 3093,4132 3183,4132 3272,4126 3362,4126 3452,4126"/>
                <TextEquiv>
                    <Unicode>MARGAJENT: He was interesting for all that... and it</Unicode>
                </TextEquiv>
            </TextLine>
            <TextLine id="tr_2_tl_7" custom="readingOrder {index:6;}">
                <Coords points="846,4370 2770,4338 2832,4195 849,4225"/>
                <Baseline points="866,4330 955,4330 1045,4324 1134,4324 1224,4318 1313,4318 1403,4318 1493,4312 1582,4312 1672,4312 1761,4306 1851,4306 1941,4306 2030,4306 2120,4306 2209,4306 2299,4300 2388,4300 2478,4300 2568,4300 2657,4294 2747,4294 2836,4294"/>
                <TextEquiv>
                    <Unicode>happened that he was very ucalous of you.</Unicode>
                </TextEquiv>
            </TextLine>
            <TextLine id="tr_2_tl_8" custom="readingOrder {index:7;}">
                <Coords points="940,4487 3514,4505 3619,4483 3623,4338 944,4378"/>
                <Baseline points="961,4485 1033,4479 1122,4473 1212,4473 1302,4473 1391,4473 1481,4473 1570,4473 1660,4467 1749,4467 1839,4467 1929,4467 2018,4467 2108,4461 2197,4461 2287,4461 2377,4461 2466,4461 2556,4461 2645,4455 2735,4455 2824,4449 2914,4449 3004,4449 3093,4449 3183,4443 3272,4443 3362,4443 3452,4443 3541,4443 3631,4449"/>
                <TextEquiv>
                    <Unicode>CLBENS: Prem all I could observe, that is not hand to</Unicode>
                </TextEquiv>
            </TextLine>
            <TextLine id="tr_2_tl_9" custom="readingOrder {index:8;}">
                <Coords points="857,4666 893,4651 944,4684 981,4677 1097,4713 1196,4666 1268,4706 1294,4702 1294,4520 1177,4502 1042,4520 981,4491 940,4487 911,4509 857,4487"/>
                <Baseline points="877,4640 967,4640 1057,4640 1146,4634 1236,4640 1302,4640"/>
                <TextEquiv>
                    <Unicode>believe.</Unicode>
                </TextEquiv>
            </TextLine>
        </TextRegion>
    </Page>
</PcGts>
