3899 5160
1433 610 2057 823 LEONHARD
547 757 3108 1018 I suppose they licnized him to their heart’s content?
1447 933 1841 1150 PAULINE
566 1102 1701 1308 Does that getress you?
1447 1267 1885 1422 LEONHARD
569 1400 3339 1572 The whole world may kneel at his feet for all I care. But
569 1572 3339 1741 you Pauline, you loved him more than ever last night,--you
566 1727 1447 1932 were proved of him.
1451 1859 1844 2039 PAULINE
558 1991 3406 2230 Had I not cause? Do you not admire him yourself? You were
577 2190 3387 2300 presentely under the spell of his work and you ingplanded as
566 2359 3453 2553 enthusiastically as any one when the ourtain fell on the last
555 2476 805 2667 act.
1400 2623 1830 2836 LEONHARD
547 2744 1135 2961 You saw me?
3233 2788 3406 2965 Etat
1385 2917 1782 3137 PAULINE
3023 2928 3336 3152 a sort
547 3108 2270 3310 I looked down at you more than once.
2774 3104 3328 3321 jove 1 must
1381 3262 1830 3461 LEONHARD
2689 3277 3483 3479 that old gentle¬
566 3428 1389 3586 (Kisses her hand)
1381 3564 1807 3751 PAULINE
2814 3593 3483 3744 be at all sur-
558 3677 3512 3876 (Draws her hand Cently away) You promised to show me a picture
551 3887 1561 4074 which is so like me?
834 4045 1297 4210 have been
1378 4026 1929 4232 LEONHARD
3126 4012 3486 4199 of the
529 4162 2821 4412 Here it is. This large one on the conter wall.
1396 4295 1771 4526 PAULINE
558 4427 3431 4644 (Walks over to the picture of the Lady With The Dagger) This
547 4647 3240 4835 one?--yes--it has something of me in it is not intended
