3560 5240
1127 730 1456 952 Hein.
222 919 3048 1073 That is my right, perhaps my duty as well. There is nothing
218 1023 2869 1224 left for me to do -- either kill myself, or else strive
222 1234 2494 1377 to prove that my mother – did not die in vain.
1134 1352 1410 1549 Haus.
211 1531 2944 1678 Heinrich!  A month ago she was alive, – and you can say
222 1685 2891 1846 that! She killed herself for you, and you can wish your
211 1839 2783 1982 hands of responsibility, -- In a few days you will be
211 1950 2969 2172 beginning to think it was her own fault, Am I not right --
211 2168 2823 2272 aren’t you after all just like the others – all stuck
211 2282 1782 2468 full of pride, little and big!
1810 2297 3030 2465 What does all your scrib-
204 2468 2876 2612 bling amount to, in comparsion with one hour here in the
200 2619 2969 2762 garden, one living hour, when your mother sat in her chair,
211 2776 2862 2955 and talk to us or else we were silent together -- yet
211 2916 3030 3048 whether she talked or not, there she was, in the flesh, with
211 3052 1728 3259 us, her very self, alive, alive!
1105 3245 1384 3391 Hein.
186 3352 2805 3527 Living hours! These living hours of yours live just so
182 3545 2901 3699 long as the last person who members them. And so it is,
186 3710 2841 3839 that his is not the meanest of destinies, in whose power
186 3849 2994 4014 it lies to give such hours immortality. Farewell Herr Haus-
175 4000 2998 4161 dorfer, your sorrow gives you the right to misunderstand me.
175 4157 3048 4332 next spring, when this garden of yours is once more in bloom,
172 4293 2508 4490 we shall meet again. For you, too, will live on.
401 4461 2787 4661 (He goes up the terrace, across which a bread path
2941 472 3145 612 -26—
