3528 5112
2928 490 3099 612 45
1343 861 1588 1058 cle.
186 1009 3162 1180 fannot I help you. You used to talk about your writings, when
186 1158 1102 1373 worinMünich.
1332 1329 1611 1466 Gilb.
189 1477 2898 1618 To be sure - as a matter of fact it was about my new book.
1388 1640 1596 1796 Cle.
163 1733 3051 1948 Please go on. I know something of literature too now. Don't
178 1941 3166 2119 I Margaret. Is it a naturalistic novel. or a symbolic one? or
186 2115 2334 2282 a human document, or of a personal experience.
1384 2238 1652 2416 Gilb.
174 2401 2880 2605 Well, after a fashion all novels are personal experiences.
1373 2572 1581 2694 Cle.
174 2642 1306 2906 That’s very interesting.
1355 2858 1626 2999 Gilb.
152 3028 3010 3166 Even in describinq Nero it is positively necessary that a man
156 3188 2535 3381 should have set Rome on fire - - the inner man - -
1366 3333 1551 3459 cle.
145 3411 649 3637 of course
1355 3637 1629 3785 silb.
148 3778 3095 3930 Whence else can hispiration come? Where look for models if not
156 3941 1247 4145 amongst people we know.
1332 4086 1559 4231 Mag.
386 4160 1317 4476 (still more uneasy)
1347 4390 1562 4539 Cle.
126 4531 2876 4732 It is a city tho' that the model’s permission is so
156 4669 2962 4862 asked. I really must say that if I were a woman I should de-
