3832 5176
1618 695 1874 895 Bor.
709 898 2498 1039 (Laughs, suddenly becomes very solemn)
1611 1070 1902 1193 Haus
442 1140 3267 1361 Don't be worried, Borromaus, I’m not crazy. I don’t mean a
453 1404 2975 1540 real halo, just a figurative one. You can’t see it,
453 1505 3098 1688 Borromaus, neither can I; but the Frau Councillor could.
1607 1698 1846 1811 Bor.
456 1761 3112 1940 I knew perfectly well what you mean, sir. It's because
446 2000 3119 2095 Herr Heinrich, young as he is, has been getting into the
446 2151 3200 2344 papers, and making people talk about him -- oh yes, that's
460 2291 628 2414 it.
698 2418 2972 2565 (He makes aie gesture, describin a halo about his
709 2607 1007 2751 head)
1593 2716 2049 2881 Heinrich
691 2821 3011 3028 (Dressed in black, goes by outside the hence. He
723 3070 1039 3193 bows.)
1593 3175 1825 3337 Bor.
691 3316 1747 3498 (Follows Hau's glance)
1586 3470 1863 3670 Haus.
435 3582 1361 3803 Yes, here he comes.
674 3825 1765 3986 (Heursits down silently)
1582 3993 1814 4109 Bor.
428 4032 3130 4256 would you permit me, sir, I haven’t had a chance to offer
404 4221 2189 4421 Herr Heinrich my respectful sympathy.
1589 4400 1856 4575 Haus.
411 4523 2972 4754 Well, then, go and offer him your respectful sympathy.
