4168 5976
989 430 2505 641 like a soul from another world.
641 602 3519 760 Clon: I hope so. And I thank heaven, that somehow you didn't
975 767 3516 928 seem to be altogether one of them, either. He. When-
975 885 3526 1086 over I call to mind that junto – the Russian girl, for
971 1089 3440 1240 istance, who because of her close-cropped hair gave
982 1211 3645 1387 the appearance of a Student--except that she did not wear
960 1390 1394 1537 a cap—
971 1477 2817 1681 Baranzewitsch is a very gifted painter.
602 1502 857 1709 Marg:
982 1663 3397 1842 No doubt. You pointed her out to me one day in the
606 1706 871 1899 Clem:
971 1821 3476 1985 picture gallery. She was standing on a ladder at the
993 1964 3727 2172 timeulpying. And then the fellow with the polish name--
946 2139 2003 2308 (Beginning) Zrkd=======
595 2147 871 2301 Marg:
982 2279 3562 2480 Spare yourself the pain¬ You don't have to use it now
613 2326 864 2498 Clem:
989 2408 3476 2566 anymore. He read something at the café' while I was
978 2609 3236 2731 there without putting himself out the least bit.
943 2763 3559 2889 He's a man of extraordinary talent, take my word for it.
602 2745 867 2932 Marg:
946 2892 3537 3028 Oh, no doubt, Heverybody isiesnted at the café'. And
613 2932 885 3068 Clem:
953 3078 2652 3236 then that yokel, that intolerable--
946 3222 1168 3358 Who?
613 3197 882 3394 Marg:
953 3358 3304 3505 You know when I mean. The fellow who persisted in
613 3383 885 3577 Clem:
943 3519 3329 3666 making taetless observations about the aristocracy.
960 3645 2491 3810 Gilbert. You must mean Gilbert?
613 3666 900 3860 Marg:
953 3806 3354 3967 Yes. Of course, I don’t feel called upon to make a
616 3860 885 4014 Clem.
964 3985 3401 4121 brief for my class. Profligates erop up everywhere,
953 4096 3480 4272 oven among writers, I hunderstand". But, you realize,
953 4268 3448 4437 it was very bad laste on his part while one of us was
953 4462 1365 4584 present.
953 4559 1989 4774 That's just like him.
620 4612 903 4738 Margt
953 4756 3551 4881 I had to hold myself in check lest I should be moved to
627 4723 917 4910 Clem:
964 4895 1516 5053 strike him.
613 4949 3469 5214 Marg: In spite of that, he was quite interesting. And then
946 5164 3225 5347 you must'nt forget he was raving ualous of you.
624 5297 2767 5505 Clem: I thought I noticed that too. (pause)
3035 5429 3200 5619 dans les
