3800 5192
648 724 3346 931 ins - everything. Ah, I an ashamed of myself - we belong
637 906 3280 1096 gether, we two. Clemens was right when he upbraided me.
648 1074 1722 1253 Widdenly) come Amandus.
644 1214 2044 1435 GILBERT: What do you want?
679 1404 2443 1554 MARGARET: I accept your proposition.
644 1550 3020 1746 GILBERT: what proposition are you talking about?
634 1708 3224 1894 MARGARET: I will fly with you. (Locks for her hat and
626 1844 861 2037 at).
626 2009 3164 2180 OILBERT: What is the matter with you? What are you
612 2156 889 2376 ing?
626 2324 3388 2482 MARGARET: (Very excited, puts on her hat). unge oannet
644 2468 3451 2716 as they were; you said so; it need not be the Isar - well,
612 2632 1071 2804 am ready.
620 2800 3154 2950 GILBERT: You are absolutely crazy - fly? What does
606 2926 3420 3143 that mean? Did'nt you yourself say that he would know where
637 3108 3332 3262 find me any place? If you are with me he will find you
595 3262 3322 3440 Do. It would be much more clear if each went his way...
606 3426 3409 3574 MARGARET: Wrench! Now you would leave me in this fix, and
602 3563 3332 3742 few minutes ago you were on your̃knees to me - areint you
584 3696 1561 3902 shamed of yourself?
606 3860 3238 4036 GILBERT: Why? I am a sick, nervous man... subject to
581 4028 850 4210 bods.
595 4151 2104 4364 MARGARET: (At window, sereams).
578 4368 3234 4560 GILRINT: What are you doing? What will the General's
550 4498 1152 4711 Ldow think »
