3640 5048
290 845 3190 998 You've caught him, your high-born youth with his nearly pared
290 1035 3283 1195 nails, and his understood head-piece, the perfect horseman and
290 1154 3079 1284 fenoer, and huntsman, and tennis player and heart breaker--
331 1310 3205 1463 Marlitt could not have made his more naussous. What else can
331 1482 3224 1671 you want. It is another question whether you, who have known
339 1623 3313 1813 better things, will be able to stand it in the long run. I can
339 1791 3183 1973 only tell you that as far as I am concerned, you, you are a
342 1936 1035 2088 fallen avel -
1500 2148 1720 2327 Mag.
324 2312 2036 2531 You thought of that up on the grain.
1444 2490 1731 2628 Galb.
339 2632 1817 2833 It came to me this very minute.
1448 2784 1675 2904 Mag.
339 2859 1995 3138 Well, make a note of it, it's good.
1496 3060 1779 3242 Gilb.
342 3194 3004 3402 I have this too expressly for you: You were once a woman
1448 3358 3008 3577 Just that - What was it else that
320 3380 1351 3581 you are now a female.
339 3555 2959 3696 lured you away to a man of this kind. nothing but base
331 3685 704 3912 desire.
1470 3816 1727 4020 Mag.
342 3964 1463 4188 heally, you have reason
1482 4132 1761 4307 Oilb.
339 4299 3108 4482 My dearnchild in those days, a living soul was at my side.
1485 4445 1712 4657 Mag.
391 4594 1351 4772 Sonnetimes, no doubt.
