3656 5096
2920 325 3267 479 21.
536 401 2427 626 "I love thee so" and "Ah I love thee se"
509 634 2595 767 And "Thou hast based me, dost remember it?"
509 772 2668 924 And ""Twas this night" and "Ah and woe is me!"
1157 937 1568 1100 LIONARDO
501 1056 1346 1251 What did Remigio?
1105 1230 1403 1371 PAOLA
501 1400 2600 1563 He chased the shameless huzzy from his door.
742 1536 1831 1704 (There is a long panse)
1208 1688 1625 1837 LIONARDO
507 1839 2571 1988 (Rises slowly, speaks in quite another one)
485 1996 2069 2134 No, I am not like Perugina, no!
482 2121 2216 2283 For were this woman I, or like to me
504 2302 2416 2451 Then she had done what I shall surely do.
490 2470 929 2611 Farewell.
1176 2584 1468 2766 PAOLA
463 2779 2281 2923 Foor Lionardo! wilt thou kill thyself?
474 2923 2273 3055 Well I maintain that I am worthy of it
1165 3055 1595 3215 LIONARDO
474 3183 2129 3367 Verily! and therefore I must do it
460 3367 2492 3524 With thine own danger here before thy door.
455 3532 2178 3695 Then all will think, as will Remigio
447 3692 2129 3846 That unrequited love has goaded me.
452 3817 2281 3995 Yes I will do it: and for my own sake:
447 3955 2627 4147 Forkebrs burne deep—and then besides all this
425 4134 2292 4288 I die for you a little, for your sake.
1216 4288 1533 4459 PAOLA
420 4434 1124 4616 For me?
609 4564 1931 4803 LIONARDO
420 4713 2316 4979 To free you, lest that any word or look
