4088 5240
3359 263 3552 409 11 1
900 932 3690 1149 ance. There were interesting people among them. You must
1342 1100 1609 1203 do not
292 1114 505 1320 G.C.F.P.
883 1128 3676 1295 know that I/consider myself above all people who are bodily
904 1288 3381 1441 dressed. It is'nt that; there is something in their
893 1427 3189 1626 manner,in their make-up, that makes one nervous.
1004 1573 3267 1762 MARGARET: That is nothing to be made light of.
993 1776 3569 1929 CLEMENS: Now don't be offended, dear. I have already
886 1893 3747 2071 said they were interesting people. But I shall never under-
893 2071 3541 2249 stand how a woman like you could have felt at home with
904 2253 2238 2402 them for any length of time.
972 2370 3480 2562 MARGARET: You forget one thing, my dear; that in a
893 2530 3509 2715 certain sense I belong to them, or at least did belong
900 2712 1306 2843 to them.
972 2861 2352 3039 CLEMENS: Oh, please don't - -
968 3028 2377 3196 MARGARET: They were artiste.
979 3164 3221 3324 CLEMENS: Hoppily, we are again on the subject.
957 3317 3491 3484 HARGARET: Yes, and it is my overlasting regret that
875 3466 1854 3644 you are not with me.
947 3591 3580 3787 KLEMENS: Not with you? I could be with you alright!
868 3779 3630 3932 You know what bothers me about your writings, and you know
858 3947 2306 4121 it is something very personal.
943 4075 3427 4281 MARGARET: There are women in similar circumstances
858 4281 2961 4434 who would have done worse than write pretty.
