3336 5144
93 820 2692 1067 them to you. They really should not be lost. There are
82 1010 2556 1235 ome you never received; they were far too beautiful
93 1160 2202 1396 or you; you would not have understood them.
115 1307 2703 1493 MARGARET: Ah, for heaven's sake, if it is so - (burna
118 1471 2567 1683 ages of Gilbert’s book) It is just as if we two...
107 1604 2638 1862 h,Heavens, (angrily turns pages), and did you use the
104 1761 2889 2005 etter which you sent me the morning after our first night?
132 1969 2112 2166 GILBERT: Naturalty - that was brilliant.
136 2123 2800 2295 MARGARET: But this is terrible. It will be a European
107 2205 2925 2449 candal. And Clemens! Oh,what shall I do? I am beginning
115 2370 3000 2617 to wish that he would not return. I am lost, and you with me.
107 2574 2749 2732 therever you may be, he will know where to find you, and
115 2703 1747 2896 will shoot you down like a mad dog.
161 2907 2510 3086 GILBERT: (Pocketing the book) Absurd comparison.
154 3007 2843 3222 MARGARET! Where did you get such crazy ideas? Letters
122 3183 2613 3394 to a woman you ostensibly loved... One sees at once
115 3372 1482 3541 that you are not a gentleman.
172 3494 2753 3730 GILBERT: This is delicious ; did'nt you do the same?
172 3670 1357 3884 MARGARET: I am a woman.
172 3827 1650 4013 GILBERT: Now you beast of it!
165 3967 2642 4185 MARGARET: It is true; I have nothing for which to
136 4042 2739 4332 repreach you. We are equally guilty. Yes, Clemens was
136 4275 2961 4454 right; we are worse than the women at Ronscher's who exhibit
143 4421 2832 4679 hemselves in tights; we tell our innermost amctions, our
