3384 5128
224 830 2565 1064 MARGARET: My landlady is the widow of a General.
234 1019 1780 1191 GILBERT: You need'nt apologize.
241 1181 2537 1349 MARGARET: Apologise? It never occurred to me
231 1346 2396 1494 GILBERT: It is wonderful to think of it now.
234 1487 2066 1656 MARGARET: of what are you thinking?
231 1621 2950 1776 GILBERT: Well, why should'nt I say? Of the little room
172 1807 2861 2000 on Sternsdorfer Strasse, with the balcony overlooking the
151 1952 1563 2145 Isar; do you remember, dear?
241 2090 1928 2258 MARGARET: Not so familiar, please.
244 2251 2857 2410 GILBERT: As you wish, dear,- I mean Margaret. (Pause).
172 2420 2227 2585 (Wddenly) You behaved miserably, Margaret,
244 2575 1098 2744 MARGARET: What?
251 2726 2730 2909 GILBERT: Or do you want me to beat about the bush?
172 2895 2943 3029 Unfortunately I found no other word, and it was so unneces
169 3040 2664 3202 sary. It would have been just as well had you acted
169 3188 2788 3367 honestly; you did'nt have to leave Munich by night and
172 3343 623 3522 darkness.
231 3470 2916 3687 MARGARET: It was neither night nor dark. I left on the
151 3635 2603 3825 express at eight in the monring, in bread daylight.
258 3790 2785 4011 GILBERT: At any rate, you might have said good byo
158 3955 1563 4141 before leaving. (Sits down).
251 4048 2468 4279 MARGARET: The Baron may return at any moment.
251 4289 2895 4482 GILBERT: And what of it? You surely have'nt told him
