4168 5976
737 521 3588 744 Marg: Good seavens, they were allRealous of you. Naturally
1060 755 3634 918 enough--you were so unlike them. They all paid court
1053 883 3563 1042 to me because I would'nt diseriminate in favor of any
1053 1067 3641 1195 one of them. You certainly must have noticed that, eh?
1064 1244 2063 1390 Why are you laughing?
1078 1336 3729 1507 Comical--is no word for it! If someone had Maophesied to
744 1375 1010 1535 Clem:
1049 1482 3506 1666 me that I was going to carry a regular frequenter of
1074 1680 3722 1790 the café' Maximilian – – I fancied the two young painters
1064 1847 3673 1953 most. They'd have made an incomparable vaudoville toam.
1074 1978 3697 2120 Do you know, they ressembled each other so much andlic
1071 2113 3644 2258 everything they possessed in common--and, if I mistake
1067 2276 3478 2428 not, the Russian on the ladder along with the rest.
1085 2428 2946 2577 I did'nt bother myself with such things.
752 2453 1010 2595 Marg:
1078 2613 2680 2712 And then both must have been yews?
769 2634 1014 2733 Clem:
1092 2705 1425 2815 Why so?
769 2715 1000 2808 Marga
1095 2712 3719 2879 Oh simply because they always jested in such a way. And
769 2790 1014 2903 Clem:
1088 2914 1939 3088 their enunciation.
1092 3070 2967 3173 You may spare your anti-semitic remains.
755 3070 1017 3212 Marg:
1095 3166 3471 3325 Now, sweetheart, don't be touchy. I know that your
776 3219 1046 3354 Clem:
1085 3329 3478 3471 blood is not untainted, and I have nothing whatever
1078 3502 3453 3634 against the jews. I once had a tutor in Greek who
1095 3602 3655 3772 was a few. Henest and truly.? He was a capital fellow.
1102 3822 3634 3938 One meets all sorts and conditions of people. I don't
1085 3921 3712 4084 in the least regret having made thedesquaintance of your
1092 4116 3502 4258 associates in Munich. It's all in the weave of our
1078 4268 3453 4438 Life-experience. But I can't help thinking that I
1092 4414 3538 4552 must have appeared to you like a hero come to rescue
1088 4531 2240 4796 you in the uick of time.
1092 4722 3417 4874 Yes, so you did. My Clem! Clom! (embraces him)
769 4626 1046 4878 Harg:
1095 4857 2318 5055 What are you laughing at?
780 4899 1035 5034 clom:
769 5016 2616 5218 Marg: something's just occurred to me.
787 5151 1379 5346 Clem: What?
769 5218 2666 5559 Marg: “Abandoned on the breast and...
791 5417 3605 5672 Cien: (vexed) Plessei Must you always rouse me from my il-
1156 5605 1585 5778 lusions?
