3624 5080
2842 460 2997 597 14
326 818 1745 977 remparks about the som-t-teracy.
1473 1006 1698 1191 Mag.
329 1115 1607 1281 Gilbert - you mean Gilbert.
1488 1321 1709 1441 cle.
315 1462 3149 1607 Yes - I don’t defend all the members of my caste - There are
304 1575 3055 1770 fools everywhere - even among the points I understand. But
315 1763 2867 1937 it's unmannerly of a man when one of us is by to - - -
1459 1919 1712 2053 Mag 2
308 2034 1354 2219 That was just his way.
1455 2168 1712 2371 cle.
308 2339 2610 2559 I had to keep myself well in hand not to be rude.
1484 2480 1727 2664 Mag.
308 2628 3110 2892 still, he was an interesting fellow - yes, and morroover very
290 2769 1046 2976 Jealous of you.
1459 2918 1676 3102 cle.
300 3073 970 3254 I supposed so.
529 3236 945 3425 (Puise.)
1441 3330 1676 3555 Mag.
282 3530 3005 3743 Goodmbacious. They were allRealous of you. You were so
300 3689 3088 3935 superior and they all made love to me and I never showed any
282 3863 3037 4058 pre ference. You noticed it, didn’t you? Why do you laugh?
695 3986 1274 4149 indeed, dear,
1430 4062 1662 4156 Cle.
282 4196 3066 4355 Fanny. If anyone had foretold that I should meet my future
279 4326 3171 4482 wife at the café. Maximilian. The ones I like best were the
268 4449 3182 4659 two painters. They were good enough for a play. You know the
257 4666 3160 4865 two that looked so much slike, and owned everything in common.
