3608 5080
1446 978 1680 1131 Mag.
542 1095 1418 1294 (Goes to the door)
553 1269 1422 1489 (Gilbert comes on)
1478 1414 1758 1581 Gilb.
567 1567 1978 1772 (To the house man at the door)
316 1687 3098 1854 I told you I knew the lady was at home. How do you do Mar-
312 1918 645 2120 garet.
1485 2021 1698 2173 Mag.
571 2180 1102 2386 (Surprised)
333 2350 840 2524 Is it you?
1492 2453 1780 2666 Gilb.
333 2637 1900 2829 It is I, - I, Amandus Gilbert,
1492 2772 1712 2981 Mag.
351 2932 1067 3134 I am annexed -
1468 3084 1741 3237 Gilb.
354 3141 3127 3403 I see you are, But why. I am merely passing through town
369 3396 3105 3566 on my way to Italy, and I have come to see you to bring you
344 3541 2740 3712 my last book, in remembrance of our old friendship.
603 3701 3159 3871 (He hands her the book - as she doesn’t take it at once
642 3857 1797 4034 he puts it on the table)
1478 4009 1691 4144 Mag.
362 4087 2265 4350 Tou a e very kind. Thark you very much.
1535 4311 1801 4488 Gilb.
362 4339 3212 4626 Not at all. You Margaret, have a right to it. And so this
369 4608 1255 4796 is where you live.
