3656 5080
0 646 140 3683 L'Œuvre nouvelle.
2123 846 2429 1114 3n e
1303 948 1889 1095 LITERARURE
839 1235 3075 1469 A decently but inelegantly furnished room where
839 1443 3147 1560 Margaret lives. A little stove, a table, a small
861 1613 3052 1772 table,Mr. Stool and cupboard; two windows at back;
854 1749 1534 1881 oors I and R.
1303 1976 1719 2134 SCENÉ I.
839 2134 3128 2376 Clement leans back in an arm-chain very elegantly
842 2342 3154 2497 dressed in grey sack owat (morning get up. He is
842 2512 3128 2671 sm Ettkng aÓgjrette and reads the newspaper. As
842 2667 3135 2848 the curtain soles, Margaret stands at the window-
842 2814 3207 2965 then goes to and fromin the room. She is restless)
1526 2965 1757 3079 Cle.
608 3052 2720 3245 (As he read, he catches and hisses her hand)
366 3260 3048 3400 Horner has made sure of his business- or rather of mine-
374 3385 3268 3558 Waterloo five to one - Barometer twenty to one – Busserl seven
2104 3540 2402 3668 G.C.H.P.
378 3543 1836 3698 to one - Attila boxteen to one.
1507 3668 2289 3876 Mag.
1409 3785 2149 4031 Mm. Foblerins dee
378 3857 1099 3997 Sixteen to one?
1511 3959 1779 4174 Cle.
325 4091 2591 4401 Lord Byron one half to one, here we are my pet.
1511 4299 1749 4552 Mag.
336 4435 718 4627 I know.
