3672 5160
511 671 2290 878 CLEMENS: I cannot say, this instant.
515 830 2371 1056 MARGARET: Clemens! (would detain him).
515 1011 1734 1197 CLEMENS: Please- (Goes).
515 1160 3034 1334 MARGARET: Clemens,Clenens, what does this mean? He
474 1323 3179 1486 caves me? What shall I do? Clemens, is everything at
448 1456 3042 1649 ###n end? No, it oennot be - I must go after him. (She
463 1630 3034 1804 looks for her hat) - (the bell) Ah, he is coming back.
452 1804 2616 1990 He only wanted to frighten me. Oh my Clemens.
500 1945 3138 2108 GILBERT: (Struts in) - (To the maid who has opened the
426 2104 3294 2297 door): I tell you the lady is in. How do you do, Margaret?
500 2234 2212 2434 MARGARET: (Taken aback) It is you!
511 2397 2367 2590 GILBERT: It is I, - Amandus Gilbert.
511 2564 2138 2731 MARGARET: But I am so surprised.
515 2705 3053 2853 GILBERT: So I see; there is no reason for it. I am
415 2879 3394 3053 traveling to Italy and am here on route, so for the sake of old
433 3027 3175 3197 times I have come to bring you my latest work. (Hands her
422 3175 3209 3383 the book. She does not take it at once - he laye it on the
422 3334 778 3523 table).
504 3464 2486 3690 MARGARET: You are very kind; thank you.
504 3642 3175 3853 GILBERT: Don't mention it; you have a perfect right to
422 3805 2253 4005 the book. So this is where you live?
485 3964 1615 4157 MARGARET: Yes, but...
485 4057 3316 4272 GILBERT: I know, only Amporary quarters. For a furnished
400 4261 3146 4476 room it looks sad enough - those family denmts on the
415 4427 1597 4642 wall would drive me mad.
