3832 5144
546 788 3360 959 every day for the last fifteen or twenty years, and yet –
1466 924 1750 1102 Haus.
553 1068 3230 1267 Yes, we were all younger, twenty years ago. But even to
556 1218 3136 1393 the very last day the Frau Councillor didn’t look like
553 1368 3360 1554 an old woman. And this summer, since she had grown thinner
553 1516 3213 1694 and paler, one would have/sworn – why, one night I was
560 1680 3136 1862 coming through here, late in the evening, and the Frau
550 1866 3255 1992 Councillor was sitting there, -- my eyes, but I took her
564 2006 2782 2205 for her younger sister – begging your pardon.
1480 2170 1754 2314 Haus.
805 2300 1824 2474 (After a short cause)
550 2474 3192 2628 Well, Borromaus, what was it that arrogant Franz of the
595 2597 1729 2800 Baron's told you to do?
1477 2779 1754 2947 Borr.
553 2884 3280 3108 Oh, no indeed, sir, I mustn't bother you any more with my
553 3076 833 3210 talk.
805 3199 1774 3420 (He hisses his hand)
546 3346 3052 3570 I know what it means – you see I was married and I
546 3521 1295 3703 buried my wife.
791 3682 2443 3840 (He is terrified at his own words)
553 3850 1628 4011 I-- I mean only --
1477 3966 1750 4172 Haus
553 4116 1586 4305 Very good, Borromaus.
788 4249 1536 4504 (qhort fause)
1480 4470 1750 4630 Borr.
518 4554 1589 4812 And the young master?
3269 364 3444 497 -5-
