<?xml version="1.0" encoding="UTF-8" standalone="yes"?>
<PcGts xmlns="http://schema.primaresearch.org/PAGE/gts/pagecontent/2013-07-15" xmlns:xsi="http://www.w3.org/2001/XMLSchema-instance" xsi:schemaLocation="http://schema.primaresearch.org/PAGE/gts/pagecontent/2013-07-15 http://schema.primaresearch.org/PAGE/gts/pagecontent/2013-07-15/pagecontent.xsd">
    <Metadata>
        <Creator>prov=READ-COOP:name=TrHtr:version=2.1.0:model_id=51170:date=14_08_2023_19:59</Creator>
        <Created>2023-05-10T15:29:52.136+02:00</Created>
        <LastChange>2023-08-14T19:59:41.774+02:00</LastChange>
        <TranskribusMetadata docId="1429072" pageId="55436347" pageNr="32" tsid="132823969" status="IN_PROGRESS" userId="64420" imgUrl="https://files.transkribus.eu/Get?id=PANDTSDIHFMKEZTBKNMKGCIY&amp;fileType=view" xmlUrl="https://files.transkribus.eu/Get?id=KWUOITQVZZVJICBDNDIBLNYL" imageId="44710336"/>
    </Metadata>
    <Page imageFilename="1429072_0032.jpg" imageWidth="3384" imageHeight="5160">
        <ReadingOrder>
            <OrderedGroup id="ro_1711797525812" caption="Regions reading order">
                <RegionRefIndexed index="0" regionRef="tr_1"/>
                <RegionRefIndexed index="1" regionRef="tr_2"/>
            </OrderedGroup>
        </ReadingOrder>
        <TextRegion id="tr_1" custom="readingOrder {index:0;}">
            <Coords points="157,1027 2994,1027 2994,3297 157,3297"/>
            <TextLine id="tr_1_tl_1" custom="readingOrder {index:0;}">
                <Coords points="184,1158 481,1133 662,1197 800,1126 881,1175 1274,1186 1296,974 924,1009 839,970 630,1030 404,977 184,1020"/>
                <Baseline points="203,1088 287,1088 372,1082 456,1082 541,1082 625,1082 710,1082 795,1082 879,1082 964,1077 1048,1077 1133,1077 1218,1077 1302,1077"/>
                <TextEquiv>
                    <Unicode>GILBERT: Copied them?</Unicode>
                </TextEquiv>
            </TextLine>
            <TextLine id="tr_1_tl_2" custom="readingOrder {index:1;}">
                <Coords points="184,1328 258,1299 662,1313 750,1271 796,1306 917,1303 917,1179 857,1158 804,1179 701,1161 662,1193 591,1143 375,1158 336,1136 283,1175 237,1143 184,1158"/>
                <Baseline points="203,1240 287,1240 372,1240 456,1235 541,1240 625,1240 710,1240 795,1235 879,1240 924,1240"/>
                <TextEquiv>
                    <Unicode>MARGARET: Yes.</Unicode>
                </TextEquiv>
            </TextLine>
            <TextLine id="tr_1_tl_3" custom="readingOrder {index:2;}">
                <Coords points="177,1487 2655,1434 2924,1395 2928,1253 177,1328"/>
                <Baseline points="197,1398 225,1398 310,1398 394,1398 479,1398 563,1398 648,1392 733,1392 817,1387 902,1392 986,1387 1071,1387 1156,1387 1240,1387 1325,1387 1409,1381 1494,1381 1579,1381 1663,1376 1748,1376 1832,1370 1917,1370 2001,1370 2086,1370 2171,1370 2255,1370 2340,1364 2424,1364 2509,1359 2594,1359 2678,1359 2763,1353 2847,1353 2932,1353"/>
                <TextEquiv>
                    <Unicode>GILBERT: Copied them! These letters to me, which seemed</Unicode>
                </TextEquiv>
            </TextLine>
            <TextLine id="tr_1_tl_4" custom="readingOrder {index:3;}">
                <Coords points="166,1607 2556,1604 2733,1462 166,1473"/>
                <Baseline points="186,1556 197,1550 281,1550 366,1550 451,1550 535,1550 620,1550 704,1545 789,1550 874,1545 958,1545 1043,1545 1127,1545 1212,1545 1297,1545 1381,1539 1466,1539 1550,1539 1635,1539 1720,1528 1804,1528 1889,1528 1973,1528 2058,1528 2142,1522 2227,1528 2312,1522 2396,1522 2481,1522 2565,1516 2650,1511 2735,1511"/>
                <TextEquiv>
                    <Unicode>ritten in Trembling haste - "One more word ere I go to</Unicode>
                </TextEquiv>
            </TextLine>
            <TextLine id="tr_1_tl_5" custom="readingOrder {index:4;}">
                <Coords points="170,1781 2641,1742 2779,1710 2782,1565 1908,1646 173,1607"/>
                <Baseline points="191,1714 253,1714 338,1708 422,1708 507,1708 592,1708 676,1708 761,1708 845,1703 930,1708 1015,1703 1099,1703 1184,1703 1268,1703 1353,1697 1438,1697 1522,1691 1607,1691 1691,1691 1776,1691 1860,1691 1945,1686 2030,1686 2114,1686 2199,1680 2283,1680 2368,1674 2453,1674 2537,1674 2622,1669 2706,1663 2791,1663"/>
                <TextEquiv>
                    <Unicode>loop - my eyes arechering", and then when her eyes were</Unicode>
                </TextEquiv>
            </TextLine>
            <TextLine id="tr_1_tl_6" custom="readingOrder {index:5;}">
                <Coords points="152,1968 2174,1876 2174,1774 2050,1731 1158,1812 156,1774"/>
                <Baseline points="174,1872 236,1866 321,1872 406,1866 490,1866 575,1866 659,1866 744,1866 828,1860 913,1860 998,1855 1082,1855 1167,1849 1251,1855 1336,1849 1421,1855 1505,1849 1590,1849 1674,1844 1759,1844 1844,1838 1928,1844 2013,1838 2097,1838 2182,1838"/>
                <TextEquiv>
                    <Unicode>aght shut, she made a sough draft of them!</Unicode>
                </TextEquiv>
            </TextLine>
            <TextLine id="tr_1_tl_7" custom="readingOrder {index:6;}">
                <Coords points="166,2078 2832,2046 2857,1862 170,1933"/>
                <Baseline points="186,2030 242,2030 327,2024 411,2018 496,2018 580,2018 665,2018 750,2018 834,2018 919,2018 1003,2013 1088,2013 1172,2007 1257,2007 1342,2007 1426,2007 1511,2007 1595,2007 1680,2001 1765,2001 1849,2001 1934,1996 2018,1996 2103,1990 2188,1990 2272,1990 2357,1985 2441,1985 2526,1979 2611,1979 2695,1979 2780,1979 2864,1985"/>
                <TextEquiv>
                    <Unicode>MARGARET: Well, are you perhaps, complaining about it?</Unicode>
                </TextEquiv>
            </TextLine>
            <TextLine id="tr_1_tl_8" custom="readingOrder {index:7;}">
                <Coords points="184,2223 2790,2198 2790,2078 2577,2039 1943,2046 1766,2135 1600,2053 188,2110"/>
                <Baseline points="208,2182 259,2182 344,2182 428,2176 513,2176 597,2176 682,2176 766,2171 851,2171 936,2171 1020,2171 1105,2165 1189,2165 1274,2159 1359,2159 1443,2159 1528,2159 1612,2159 1697,2159 1782,2159 1866,2154 1951,2148 2035,2148 2120,2142 2204,2142 2289,2142 2374,2142 2458,2142 2543,2142 2627,2137 2712,2137 2797,2142"/>
                <TextEquiv>
                    <Unicode>GILBERT: I might have known it. I ought to be glad</Unicode>
                </TextEquiv>
            </TextLine>
            <TextLine id="tr_1_tl_9" custom="readingOrder {index:8;}">
                <Coords points="145,2421 2931,2361 2970,2195 1512,2177 566,2283 149,2212"/>
                <Baseline points="169,2340 186,2340 270,2334 355,2334 439,2329 524,2323 609,2329 693,2329 778,2329 862,2329 947,2323 1032,2323 1116,2323 1201,2317 1285,2317 1370,2317 1454,2312 1539,2312 1624,2306 1708,2306 1793,2306 1877,2306 1962,2300 2047,2300 2131,2295 2216,2295 2300,2295 2385,2295 2470,2295 2554,2295 2639,2289 2723,2289 2808,2289 2892,2289 2977,2289"/>
                <TextEquiv>
                    <Unicode>that they were not taken from lodel Letter Uriter for Lovers.</Unicode>
                </TextEquiv>
            </TextLine>
            <TextLine id="tr_1_tl_10" custom="readingOrder {index:9;}">
                <Coords points="142,2566 2156,2563 2290,2485 2959,2577 2984,2343 145,2418"/>
                <Baseline points="163,2492 203,2492 287,2492 372,2492 456,2486 541,2486 625,2486 710,2486 795,2481 879,2481 964,2481 1048,2475 1133,2475 1218,2475 1302,2475 1387,2470 1471,2470 1556,2470 1641,2464 1725,2464 1810,2464 1894,2464 1979,2458 2064,2458 2148,2458 2233,2458 2317,2453 2402,2453 2486,2453 2571,2453 2656,2447 2740,2447 2825,2447 2909,2447 2994,2447"/>
                <TextEquiv>
                    <Unicode>dow everything humbles about my ears! The whole past ruine;</Unicode>
                </TextEquiv>
            </TextLine>
            <TextLine id="tr_1_tl_11" custom="readingOrder {index:10;}">
                <Coords points="142,2722 340,2694 425,2729 542,2687 630,2740 843,2690 1044,2733 1087,2694 1239,2687 1239,2552 1207,2542 1150,2581 489,2545 340,2591 145,2574"/>
                <Baseline points="163,2650 231,2656 315,2650 400,2650 484,2644 569,2644 654,2644 738,2644 823,2639 907,2639 992,2633 1077,2633 1161,2633 1246,2639"/>
                <TextEquiv>
                    <Unicode>###he copied her letters!</Unicode>
                </TextEquiv>
            </TextLine>
            <TextLine id="tr_1_tl_12" custom="readingOrder {index:11;}">
                <Coords points="173,2882 2853,2825 2920,2701 177,2719"/>
                <Baseline points="197,2814 214,2808 298,2808 383,2808 468,2808 552,2802 637,2802 721,2797 806,2797 891,2791 975,2797 1060,2791 1144,2791 1229,2791 1313,2791 1398,2785 1483,2785 1567,2780 1652,2780 1736,2774 1821,2774 1906,2774 1990,2768 2075,2768 2159,2768 2244,2768 2329,2768 2413,2763 2498,2763 2582,2757 2667,2757 2752,2757 2836,2752 2921,2752"/>
                <TextEquiv>
                    <Unicode>MARGARET: But he glad; who knows but what these letters</Unicode>
                </TextEquiv>
            </TextLine>
            <TextLine id="tr_1_tl_13" custom="readingOrder {index:12;}">
                <Coords points="135,3048 857,3059 1823,2942 2177,3023 2209,2874 142,2882"/>
                <Baseline points="157,2971 180,2966 265,2966 349,2966 434,2966 518,2960 603,2960 688,2960 772,2960 857,2955 941,2955 1026,2949 1110,2949 1195,2943 1280,2943 1364,2943 1449,2938 1533,2938 1618,2938 1703,2938 1787,2932 1872,2932 1956,2932 2041,2926 2126,2926 2210,2921"/>
                <TextEquiv>
                    <Unicode>will be the only things which remain of you.</Unicode>
                </TextEquiv>
            </TextLine>
            <TextLine id="tr_1_tl_14" custom="readingOrder {index:13;}">
                <Coords points="195,3200 2768,3165 2818,3002 198,3037"/>
                <Baseline points="214,3129 287,3124 372,3124 456,3118 541,3118 625,3112 710,3112 795,3112 879,3107 964,3107 1048,3107 1133,3101 1218,3101 1302,3101 1387,3101 1471,3096 1556,3096 1641,3096 1725,3090 1810,3090 1894,3090 1979,3090 2064,3084 2148,3084 2233,3084 2317,3079 2402,3079 2486,3079 2571,3079 2656,3079 2740,3079 2825,3084"/>
                <TextEquiv>
                    <Unicode>GILBERT: And incidentally, that is a very fatal thing</Unicode>
                </TextEquiv>
            </TextLine>
            <TextLine id="tr_1_tl_15" custom="readingOrder {index:14;}">
                <Coords points="195,3356 365,3321 584,3363 768,3331 1005,3345 1009,3200 772,3165 666,3207 428,3175 198,3211"/>
                <Baseline points="214,3287 248,3282 332,3282 417,3282 501,3276 586,3276 671,3276 755,3270 840,3265 924,3270 1009,3259"/>
                <TextEquiv>
                    <Unicode>MARGARET: Why?</Unicode>
                </TextEquiv>
            </TextLine>
        </TextRegion>
        <TextRegion id="tr_2" custom="readingOrder {index:1;}">
            <Coords points="140,3339 2915,3339 2915,4555 140,4555"/>
            <TextLine id="tr_2_tl_1" custom="readingOrder {index:0;}">
                <Coords points="198,3508 2690,3430 2740,3321 202,3342"/>
                <Baseline points="219,3445 293,3440 377,3434 462,3434 547,3434 631,3428 716,3428 800,3423 885,3423 969,3417 1054,3417 1139,3411 1223,3411 1308,3411 1392,3411 1477,3411 1562,3406 1646,3406 1731,3406 1815,3400 1900,3394 1985,3400 2069,3394 2154,3394 2238,3394 2323,3389 2408,3389 2492,3389 2577,3389 2661,3389 2746,3394"/>
                <TextEquiv>
                    <Unicode>GILBERT: (Points to his book) They are in that too.</Unicode>
                </TextEquiv>
            </TextLine>
            <TextLine id="tr_2_tl_2" custom="readingOrder {index:1;}">
                <Coords points="198,3636 326,3671 683,3628 874,3671 1214,3653 1363,3625 1370,3473 202,3519"/>
                <Baseline points="219,3597 276,3592 360,3592 445,3586 530,3586 614,3586 699,3580 783,3580 868,3575 953,3575 1037,3569 1122,3569 1206,3564 1291,3564 1376,3564"/>
                <TextEquiv>
                    <Unicode>MARGAHET! Vhat? Where?</Unicode>
                </TextEquiv>
            </TextLine>
            <TextLine id="tr_2_tl_3" custom="readingOrder {index:2;}">
                <Coords points="212,3798 343,3777 513,3820 573,3791 634,3830 722,3788 1197,3795 1289,3781 1292,3682 1193,3643 669,3689 216,3639"/>
                <Baseline points="231,3755 281,3755 366,3750 451,3744 535,3744 620,3744 704,3738 789,3738 874,3733 958,3733 1043,3733 1127,3727 1212,3721 1297,3721"/>
                <TextEquiv>
                    <Unicode>GILBERT: In my novel.</Unicode>
                </TextEquiv>
            </TextLine>
            <TextLine id="tr_2_tl_4" custom="readingOrder {index:3;}">
                <Coords points="191,3972 1625,3951 1848,3876 1851,3795 195,3830"/>
                <Baseline points="214,3913 248,3913 332,3908 417,3908 501,3902 586,3902 671,3896 755,3891 840,3891 924,3891 1009,3885 1094,3885 1178,3885 1263,3879 1347,3874 1432,3874 1516,3868 1601,3868 1686,3868 1770,3862 1855,3868"/>
                <TextEquiv>
                    <Unicode>MARGARET: What is in your novel?</Unicode>
                </TextEquiv>
            </TextLine>
            <TextLine id="tr_2_tl_5" custom="readingOrder {index:4;}">
                <Coords points="205,4121 2004,4106 2036,3905 1253,3990 209,3972"/>
                <Baseline points="225,4071 265,4071 349,4065 434,4060 518,4060 603,4060 688,4054 772,4049 857,4049 941,4043 1026,4043 1110,4037 1195,4037 1280,4037 1364,4032 1449,4032 1533,4026 1618,4026 1703,4026 1787,4020 1872,4020 1956,4020 2041,4020"/>
                <TextEquiv>
                    <Unicode>GILBERT: Our letters, yours and mine.</Unicode>
                </TextEquiv>
            </TextLine>
            <TextLine id="tr_2_tl_6" custom="readingOrder {index:5;}">
                <Coords points="188,4287 2836,4276 2864,4075 191,4121"/>
                <Baseline points="208,4229 242,4229 327,4229 411,4223 496,4218 580,4218 665,4218 750,4212 834,4206 919,4206 1003,4201 1088,4195 1172,4195 1257,4195 1342,4190 1426,4190 1511,4184 1595,4184 1680,4184 1765,4184 1849,4178 1934,4178 2018,4178 2103,4178 2188,4173 2272,4173 2357,4167 2441,4167 2526,4161 2611,4161 2695,4161 2780,4161 2864,4161"/>
                <TextEquiv>
                    <Unicode>MARGARET: And where did you get yours? I have those -</Unicode>
                </TextEquiv>
            </TextLine>
            <TextLine id="tr_2_tl_7" custom="readingOrder {index:6;}">
                <Coords points="120,4432 1689,4436 1724,4259 988,4244 581,4322 127,4287"/>
                <Baseline points="140,4387 208,4393 293,4393 377,4387 462,4387 547,4381 631,4381 716,4376 800,4370 885,4370 969,4364 1054,4359 1139,4353 1223,4347 1308,4347 1392,4342 1477,4342 1562,4342 1646,4336 1731,4342"/>
                <TextEquiv>
                    <Unicode>Ah, you see, you oopied them too!</Unicode>
                </TextEquiv>
            </TextLine>
            <TextLine id="tr_2_tl_8" custom="readingOrder {index:7;}">
                <Coords points="195,4606 1204,4620 1384,4528 1781,4627 2719,4528 2846,4602 2910,4429 1101,4407 198,4506"/>
                <Baseline points="219,4545 293,4545 377,4545 462,4545 547,4539 631,4539 716,4539 800,4534 885,4528 969,4528 1054,4522 1139,4522 1223,4511 1308,4511 1392,4505 1477,4505 1562,4500 1646,4500 1731,4500 1815,4494 1900,4500 1985,4488 2069,4488 2154,4488 2238,4483 2323,4483 2408,4477 2492,4477 2577,4477 2661,4477 2746,4477 2830,4477 2915,4488"/>
                <TextEquiv>
                    <Unicode>GILBERT: Oh, no, I just transoribed them before sending</Unicode>
                </TextEquiv>
            </TextLine>
        </TextRegion>
    </Page>
</PcGts>
