3672 5096
297 404 2263 660 And yet I'll kill you, for theelessness
297 622 2539 840 Whips up my lagging will with soorpion thrusts.
283 760 1983 957 Let me not go Remigio, for as sure
290 895 2329 1085 As if a thousand words were bared for you
297 1050 2581 1278 Your lost when I through yonder door shall pass.
1268 1240 1686 1423 REMIGIO
314 1382 1807 1558 (Goes to the door and open it)
287 1517 2066 1738 The door is open you may go your way.
650 1700 2926 1900 (He turns back to tenter, Lionardo goes to door)
1271 1828 1565 2042 PAOLA
269 1980 2301 2170 Let him not go! he'll surely hold his vow!
1202 2170 1631 2370 LIONARDO
283 2273 1126 2491 (Turning at door)
453 2467 1368 2640 while I have life!
1202 2612 1489 2816 PAOLA
280 2740 1278 2944 while you have life!
463 2881 3106 3092 (She runs to him and stabs him with her dagger. Lionardo
449 3082 3099 3230 sicks dying at her feet. Paola stands over him with the
446 3237 3110 3396 dagger in her upreised hand, exactly like the picture in
411 3389 1240 3562 the first scene.)
1192 3521 1579 3721 REMIGIO
256 3645 3033 3859 Paola! (There is a long cause) (Remigio stores at her for a
242 3856 3006 4053 long time. Then a change comes over xxx his fastures, his
2028 3991 2263 4136 und
238 3991 1050 4184 faoe lights up.)
1161 4129 1593 4336 REMIGIO
242 4260 2408 4516 Was that the answer? Is my prayer fulfilled?
221 4440 2640 4692 That light might come for this great work of mine?
225 4609 2194 4789 This is the answer! I will finish it--
3089 173 3303 463 27.
