3624 5048
1531 861 1759 1011 Cle.
282 993 3012 1202 And you didn’t look as if you - - belonged to their world
267 1143 2920 1341 either - when I think of that set - particularly of that
267 1323 3143 1484 Russian woman with the short hair - she looked just like a boy
267 1484 806 1634 at College.
1403 1641 1627 1784 Mag.
271 1759 2378 1975 She had a great deal of talent Barauzewitzh -
1414 1934 1634 2114 cle.
253 2088 3026 2257 Iiknow - you pointed her out to me at the Pina Kothek. She
253 2275 3107 2389 wasulpying an old master from the top of a step ladder - and
249 2359 1905 2583 then the chap with the Polish name.
1378 2543 1616 2726 Mag.
476 2627 934 2869 (Begins)
234 2836 736 2986 Zrhd - -
1400 2979 1616 3147 Cle.
223 3140 3103 3290 never mind. We do not need it now. He read something about
242 3275 2444 3459 once at the café and it didn't upset him a bit.
1378 3440 1612 3590 Mag.
227 3521 1740 3781 He is really very highly gifted.
1389 3733 1612 3942 cle.
209 3902 3158 4107 Of course, of course. They are all highly gifted at the café.
212 4056 2341 4232 And then that man Bengel - that unendorable -
1352 4191 1590 4371 Mag.
231 4364 447 4536 Joho?
1363 4484 1594 4675 cle.
202 4660 2982 4821 You know very well - the man who was always making taotless
