3688 5096
485 803 3098 1078 but look - I must have come to you as a friend in need.
590 1057 3192 1270 MARGARET: Yes, that is indeed, true, Clem,Clem- (They
492 1187 963 1390 embrace).
572 1274 2128 1549 CLHENS: Why are you laughing?
575 1509 2544 1751 MARGARET: something just occurred to me.
677 1650 1364 1867 AMENS: Well?
612 1820 2454 2055 ARGARET: "As I hung about your neck"
583 2008 3184 2207 CLEMENS: I beg of you; can't you let me keep my illu¬
489 2178 847 2294 sions?
565 2236 3279 2515 MARGARET: Tell me Clemens, would'nt you be proud of your
474 2428 3087 2624 beloved, your wife, were a great and celebrated write?
583 2595 3094 2830 CLEMENS: I have already told you that as far as I am
489 2739 3112 2913 concerned - you may consider me stupid in that respect -
481 2928 3174 3119 but let me assure you that if, loving me as you do today,
481 3090 3300 3257 you should begin to write poens again, or have them printed,
489 3242 3391 3452 thes telling the world of our love, our marriage would come to
474 3358 2486 3601 naught; I would leave you then and there.
572 3568 3192 3760 MARGARET: And this from a man who has had a dezen well
441 3669 1147 3872 known affairs.
554 3847 3282 4017 CLEMENS: known, or not known, I told no one of them. If
456 4013 3116 4219 anyone did hang about my neck, I didn't have it printed,
463 4169 3137 4386 so that anyone with a gulden and a half could know of it;
463 4364 2949 4560 that's it. I know there are people who live by such
452 4480 3199 4719 means, but I consider it very undignified. I tell you it
