4120 5992
575 213 735 407 21
575 434 3353 639 Marg: Her first husband is not a eotton manufacturer, but
898 613 3243 803 a big financier, and, of course, it would'nt do to
914 799 2280 997 deceive him with a tenor....
582 952 834 1111 Gil-
906 967 1283 1115 Ha! Ha!
563 1073 2143 1298 Marg: What strikes you so funny?
910 1199 3437 1397 So you deceased him with a tenor? I did'nt know that.
582 1271 799 1416 Gil)
579 1405 834 1606 Marg:
914 1401 1690 1564 Whoever said so?
910 1538 2151 1709 Why you yourself just now,
571 1561 784 1747 Gil:
898 1656 3350 1873 How so? I say, the heroine of the book deceives her
579 1732 830 1888 Margi
910 1873 2048 2055 husband with a baritone.
898 2025 3372 2173 Base would have been more supplime, mezzo-soprane more
582 2014 788 2185 Gil:
910 2158 1306 2322 piquant.
914 2299 3483 2478 Then she does'nt go to Munich but to Dresden; and there
567 2303 837 2470 Marg:
914 2463 2318 2657 has an affair with a sculptor.
914 2634 1774 2809 That’s me--veiled
586 2645 796 2763 Gil:
921 2779 3422 2950 Very much coiled, I rather fear. The sculptor, as it
575 2794 837 2916 Marg:
910 2946 3490 3079 happens, is young, handsome, and a genus. In suite of
929 3072 1915 3243 that, she leaves him.
963 3247 1172 3380 For-
575 3201 818 3388 Gil:
910 3395 1214 3551 Guess.
571 3410 849 3532 Marg:
910 3528 1755 3688 A j Bcko y, I fancy.
582 3517 799 3684 Gil:
575 3696 1267 3863 Marg: Wrotch!
575 3860 2421 4054 Gil: A count, a prince of the Empire?
575 4000 1922 4153 Marg: Wrong. An arch-duke.
586 4141 2615 4309 Gil: I must say, you have spared no costa.
571 4305 3403 4442 Marg: Yes, an arch-duke who gave up the court for her sake,
906 4396 3570 4594 married her and emigrated with her to the Camary Islands.
2908 4541 3178 4632 - Marg.
563 4625 3627 4781 Gil:- The Canary Islands--splendid! And then--? With the dis-
540 4720 1625 4921 Marg: embarkation – –
582 4880 1583 5078 Ollse—In Canaryland.
582 5043 1648 5245 Marg:- The story ends.
575 5154 3620 5359 Gil: Good. I'm very much interested, especially in the veiling.
582 5367 3445 5527 Marg: You, yourself would'nt recognise me were it not for--
571 5527 1195 5725 Gil: What?
