3656 5112
3008 218 3353 471 24.25.
595 526 2667 700 As would a hungry beast in your soft throat.
570 672 2201 843 I beg you Paola--I beseech you--
595 865 2667 1028 His step is on the stair – if once the words
581 995 2562 1165 Escape your laps then there is only death.
601 1154 2540 1361 Forget my hasty speech, forgive me, love--
595 1344 2617 1501 Ne'er shall my hated self mour eyes offend.
581 1482 2513 1631 I leave this city e'er the evening falls.
606 1620 2094 1777 I was aernadow only on the wall
595 1791 2171 1934 And as a I hadow will I face away.
595 1917 2562 2108 Myne you are not, and neither are you his:
581 2086 2424 2256 Life only has the perfect right to you.
581 2237 2353 2400 Do not refuse it! It was sin to light
581 2391 2480 2562 And springtime if you die. Live Paola.
587 2559 2485 2725 For you are much too fair--tooaglorious
587 2700 2631 2843 To die. You leave behind you here too much
587 2843 2752 2997 That's worth the living for. The door without
587 3017 2802 3163 gently on the hinge--I know you’re brave
587 3146 2526 3306 Be gratious and borgive me--then I swear
581 3320 2441 3463 That in an hour's time I'll be no more!
570 3488 2455 3631 His hand is on the latoh--ah!--Paola!
815 3612 2537 3802 (Remigio comes in smiling and happy.)
1460 3772 1766 3956 PAOLA
587 3931 1592 4110 (Draws back from him)
570 4097 2692 4290 take care that you embrace me not too soon--
557 4273 2471 4460 This man here was my lower yester night.
934 4372 2116 4573 (There is a long panse)
