4104 5256
1782 219 1972 434 11
991 809 3725 1006 CLIMENS: How can you ask? who should ride him? And if
886 999 3813 1163 Horner did'nt know that I am to ride him, his edds would'nt be
893 1126 3000 1301 one and a half to one, you may rely on that.
984 1327 3758 1487 MARGARET: I believe it. You look so splendid on a horse,
882 1476 3609 1658 simply too adorable. I shall never forget how in Munich,
893 1648 2238 1782 on the very day I met you --
973 1731 3736 1943 GIMMENS: Don't remind me of it I Lack was against me that
875 1903 3609 2085 day; Windisch would never have won that race if he had'nt
864 2107 3685 2253 had ten lengtha advantage in the start. But this time! and
882 2238 2231 2413 the day after- we start out.
959 2377 2231 2566 MARGARET: In the evening -
948 2562 2136 2734 CLEMENS: Yes, but why?
970 2679 3576 2880 MARGARET: For we are to carry in the morning, I farcy.
948 2829 2460 3029 CLEMENS: Yes, yes, my darling.
951 3003 3838 3186 MARGARET: I am so happy - (they embrace); and where shall we
849 3193 1094 3310 go?
937 3353 3616 3496 CLREENS: I think we are agreed on that - to our estate.
937 3485 3652 3656 MARGARET: Yes, later; but are'nt we going to the Riviera
835 3634 1841 3813 first, for a while?
926 3791 3616 3988 CLEMENS: ThatM depends upon the cutoome of the race - if
835 3915 1316 4119 I win it.
897 4086 2176 4250 MARGARET! Dead certainty.
831 4254 3718 4447 CLEMENS: After all, the Riviera is no longer marit in April.
889 4392 2442 4607 MARGARET: Oh, on that account!
900 4545 3601 4742 CLMENS: But child, of course on that account; you have
