4184 6024
546 315 701 516 12
546 527 1183 785 Marg: Clem;
902 633 3162 925 I make that request. I have a right to make it.
569 773 853 933 Clem:
565 872 2282 1081 Marg: Impossible! It simply —===
576 1008 3624 1187 Clem: Why? If I wish it; if I tell you our whole future dependa
910 1164 3302 1323 on it. De you understand? Is it still impossible?
565 1327 3196 1486 Marg: But, Clement, the novel has already been printed.
580 1498 1680 1691 Clem: What! Printed?
917 1623 3488 1846 Yes. In a few days it will be on sale on all the book-
588 1676 872 1835 Marg:
917 1816 1278 2002 stalls.
595 1892 3378 2104 Clem: Margaret, you did all that without a word to me--?
584 2062 3556 2328 Marg: I could'nt do otherwise. When once you see it, you will
917 2229 3135 2426 forgive me. More than that; you will be proud.
610 2354 2961 2589 Clem: My dear, this has progressed beyond a job.
607 2578 1350 2730 Marg: Clement!
618 2711 1793 2893 Clem: Adieu, Margarette.
618 2851 3147 3037 Marg: Clement, what does this mean? You are leaving?
622 3037 1494 3219 Clem: As you see.
622 3128 2423 3336 Marg: When are you coming back again?
622 3336 2328 3530 Clem: I can't say just now. Adieu.
622 3446 2567 3624 Marg: Clement; (tries to hold him back)
648 3628 1786 3806 Clem: Please (goes out)
637 3753 3621 3985 Marg) (alone) Clement! What does this mean? He's left me for
963 3897 3678 4083 good. What shall I do? Clement! Is everything between us
963 4068 3640 4223 at an end? No. It ean't be. Clement:I'11 go after him.
982 4212 3545 4432 (she looks for her hat. The door-bell rings) Ah, he's
982 4375 3609 4580 coming back. He only wanted to give me a soare. Oh, my
971 4496 3128 4731 Clement! (goes to the door. Gilbert enters)
948 4671 3575 4849 (to the maid) I told you so. Madame's at home. How do
648 4709 887 4891 Gil:
990 4834 1907 5027 gou do, Margarette.
993 4993 1865 5190 (astonished) You?
648 5008 921 5183 Marg:
2589 5103 2840 5315 H.H.
982 5111 2347 5346 It's I--I. Amandus Gilbert.
671 5167 895 5304 Gil:
660 5281 1975 5509 Marg: I'm so astonished –
671 5395 3636 5603 Gil: So I see. There's no cause for it. I merely thought i'd
917 5562 3571 5812 trop over. I'm on my way to Italy. I am(to Effor you my
914 5717 3696 5884 latest book for auld lang syne.(hands her the book. As she
