3848 5192
3251 455 3481 597 -24-
1084 682 1798 917 truth. I de no
1488 874 1798 1059 Haus.
1176 867 1368 1023 G.C.F.P.
806 1020 2316 1240 (Interrupting him passionately)
576 1201 3311 1389 Can’t you believe me -- do you think I am lying to you --
576 1375 1567 1567 do you? Well, then!
817 1496 2359 1719 (Pulls a letter from his possket)
565 1620 3425 1862 Road it, read it--she wrote it when her mind was perfectly
590 1854 3272 2004 clear, it was the note on her desk – she wrote it that
590 1961 3343 2146 last night, and half an hour after – you can read it all
593 2128 3290 2306 she say you suffer -- she saw you suffer! -- and so she
590 2277 2036 2480 died -- died before her time!
1503 2480 1780 2622 Hein.
838 2579 2043 2760 (Runs through the letter)
583 2750 1400 2938 Mother! Mother!
838 2870 2622 3108 (Sicks down into the reclining chair)
593 3055 3236 3251 For me! On my account -- because I was -- Oh, my God,
2458 3222 2753 3378 vad ee
593 3222 970 3418 my God?
845 3382 3208 3549 (Huries his head against the arm of the chair)
1520 3535 1762 3716 Haus
845 3677 2391 3862 (Gazes at him and nods his head)
2533 3812 2725 3979 G.H. de
838 3844 1446 4029 (Long pause)
1517 3965 1822 4164 Hein.
835 4124 1329 4316 (Gets up)
590 4252 3364 4476 I will go now. I know my presence must be painful to you,
1684 4455 2060 4600 Zu vermeldt
593 4448 1542 4643 Here is the letter.
842 4572 2341 4778 (He still holds it in his hand)
586 4735 3286 4991 It was written when her mind vas perfectly clear, and it
