3899 5160
1059 784 3568 948 The Stage is "empty" when the Curtain rises." An atten-
780 814 979 964 l'appos
505 952 3395 1151 dant passes slowly through the room. When he is gone Pauline
509 1086 3373 1292 enters from L. with a Iatalogue. She walks through the room
497 1292 3571 1438 looks at a picture on the right wall. She isandeing a handsome
509 1411 3365 1595 street dress with rich furs. A few seconds later, Leonhard
497 1568 3346 1759 comes from the R. He is a good looking young man in a long
505 1732 3017 1923 overcoat of the latest out. He stope behind Pauline.
1514 1897 1950 2095 LEONHARD
512 2004 1189 2260 "Good morning,
1530 2195 1920 2390 PAULINE
1572 2340 3212 2589 Good morning, I have just arrived.
497 2352 1530 2581 (Furns to him smiling
482 2531 1950 2719 Room 9, that’s right, isn’t it?
1514 2680 1946 2940 LEONHARD
482 2814 1292 3032 How do you mean?
1464 2960 1862 3158 PAULINE
482 3105 2963 3311 because we finished with room 8 last time didn’t we?
1464 3300 1908 3476 LEONHARD
486 3418 3395 3621 quite right. I didn't know you were so particular about the
474 3598 3082 3816 piotures. I soaroely dared hope you would come today.
1472 3751 1858 3950 PAULINE
474 3881 1411 4107 You had my promise.
1461 4034 1889 4237 LEONHARD
444 4183 2187 4413 Last night's affair was a late one?
1461 4367 1843 4546 PAULINE
466 4466 3525 4722 Until morning almost, It was too bad you had to leave so early.
482 4673 2160 4925 It was really a delightful evening.
