3832 5176
3158 444 3368 573 -12-
786 727 3295 901 (He seems a little more friendly, and offers Heinrich
804 894 1279 1104 his hand)
1446 1038 1726 1205 He in:
517 1191 1041 1356 Thank you.
772 1349 1317 1534 (Sits down)
524 1495 3267 1667 You see, Herr Hansdorfer, for my part it has distressed me
531 1674 3186 1852 considerably to feel that we have somehow, in the course
517 1831 3291 1967 of the past few years – – I don't know how to put it except
517 1960 3064 2170 to say that we have somehow become a little estrenged.
1446 2142 1708 2274 Haus.
493 2267 1398 2467 Estranged – – how?
1439 2421 1705 2575 Hein.
507 2585 2987 2774 Yes. I felt that you no longer had the same kindly
507 2753 3113 2924 feeling for me that you had when I was a boy and played
500 2879 1467 3081 here in your garden.
1422 3061 1705 3221 Haus
479 3183 3155 3364 But good heaven, my dear Heinrich, that was such a long
493 3357 3291 3487 time ago! And besides you must admit that you were really
507 3515 3092 3672 the one – well, no, I don't mean that exactly, still,
489 3665 3137 3787 it was natural enough for you to go your own way. There
493 3815 3057 3958 was no pleasure out here for a young man, and you have
479 3969 2959 4154 your own friends, I haven't reproached you, have I?
1408 4130 1698 4283 Hein.
461 4234 3204 4437 Not at all -- I only wanted to let you know howcomply I
454 4434 3267 4584 felt, after this wretehed journey, -- this laight, rather,
468 4587 3249 4821 that I was more drawn to you than anyone else in the world.
