3832 5176
3054 403 3284 556 -15-
1398 764 1677 952 Hein.
488 941 3103 1122 Yes, And that was just when the worst came, She never
488 1115 3178 1309 went out of her room again, never had another hour in the
471 1253 1688 1408 garden she loved so well.
733 1416 2438 1614 (Locks at the ampty reclining chair)
1398 1575 1677 1688 Haus.
467 1677 3273 1918 Should I have made my mind to come in once in while, do you
471 1868 796 2006 think?
1377 2028 1660 2176 Hein.
708 2159 1486 2304 (Rather ashamed)
464 2311 3263 2452 Ah, my dear Herr Hausdorfer, here I am talking about myself
464 2488 3026 2622 all the time, – yet I am young, with a future before
446 2605 3061 2764 me, of some kind or other. But how much you have lost!
1373 2810 1649 2958 Haus
453 2916 1327 3089 Very much, indeed,
1373 3107 1653 3227 Hein.
446 3245 3121 3436 I know what my mother was to you, I always knew it, even
456 3415 1136 3564 in those days,
1362 3574 1642 3698 Haus.
446 3694 754 3861 When?
1352 3840 1660 3999 Hein.
414 4002 3188 4229 I was not such a very small child, when my father left us.
1355 4179 1642 4381 Haus.
407 4254 899 4466 Les, yes.
1348 4399 1653 4611 Hein.
418 4540 3266 4848 I can remember the day when my mother told me "Papa has gone
