<?xml version="1.0" encoding="UTF-8" standalone="yes"?>
<PcGts xmlns="http://schema.primaresearch.org/PAGE/gts/pagecontent/2013-07-15" xmlns:xsi="http://www.w3.org/2001/XMLSchema-instance" xsi:schemaLocation="http://schema.primaresearch.org/PAGE/gts/pagecontent/2013-07-15 http://schema.primaresearch.org/PAGE/gts/pagecontent/2013-07-15/pagecontent.xsd">
    <Metadata>
        <Creator>prov=READ-COOP:name=TrHtr:version=2.1.0:model_id=51170:date=14_08_2023_20:00</Creator>
        <Created>2023-05-10T15:30:06.498+02:00</Created>
        <LastChange>2023-08-14T20:00:05.176+02:00</LastChange>
        <TranskribusMetadata docId="1429072" pageId="55436794" pageNr="115" tsid="132824063" status="IN_PROGRESS" userId="64420" imgUrl="https://files.transkribus.eu/Get?id=AXCSDPAIYIOKUKCKMKPFTNJI&amp;fileType=view" xmlUrl="https://files.transkribus.eu/Get?id=YKUVSGBVCPYMQKYYZASVILZV" imageId="44710783"/>
    </Metadata>
    <Page imageFilename="1429072_0115.jpg" imageWidth="3992" imageHeight="6040">
        <ReadingOrder>
            <OrderedGroup id="ro_1711797716481" caption="Regions reading order">
                <RegionRefIndexed index="0" regionRef="tr_1"/>
                <RegionRefIndexed index="1" regionRef="tr_2"/>
            </OrderedGroup>
        </ReadingOrder>
        <TextRegion id="tr_1" custom="readingOrder {index:0;}">
            <Coords points="632,564 3497,564 3497,3071 632,3071"/>
            <TextLine id="tr_1_tl_1" custom="readingOrder {index:0;}">
                <Coords points="614,642 737,705 1887,631 2143,709 2571,621 2820,698 2824,459 2452,554 1673,463 1035,596 614,530"/>
                <Baseline points="632,644 680,644 769,644 859,644 948,644 1038,644 1128,644 1217,644 1307,638 1396,638 1486,632 1575,632 1665,632 1754,632 1844,632 1933,626 2023,626 2112,620 2202,620 2291,620 2381,620 2470,614 2560,614 2649,614 2739,614 2829,614"/>
                <TextEquiv>
                    <Unicode>Gil: Oh, I do not wish to intrude any further.</Unicode>
                </TextEquiv>
            </TextLine>
            <TextLine id="tr_1_tl_2" custom="readingOrder {index:1;}">
                <Coords points="614,880 1108,800 2234,845 2389,772 3023,863 3023,698 2932,687 1428,737 1291,663 614,659"/>
                <Baseline points="632,799 704,793 793,793 883,787 972,787 1062,787 1151,787 1241,787 1330,787 1420,781 1510,781 1599,781 1689,781 1778,781 1868,781 1957,781 2047,775 2136,775 2226,775 2315,769 2405,769 2494,769 2584,763 2673,763 2763,763 2852,763 2942,763 3031,769"/>
                <TextEquiv>
                    <Unicode>Gil: Madame, --Baren, may I offer you a copy of my</Unicode>
                </TextEquiv>
            </TextLine>
            <TextLine id="tr_1_tl_3" custom="readingOrder {index:2;}">
                <Coords points="887,965 2571,986 3171,919 3174,793 2964,856 2634,793 2269,866 887,856"/>
                <Baseline points="907,937 943,937 1032,931 1122,937 1211,937 1301,937 1390,937 1480,931 1569,931 1659,931 1748,925 1838,925 1927,925 2017,925 2106,925 2196,919 2285,919 2375,919 2464,913 2554,913 2643,913 2733,913 2823,913 2912,907 3002,907 3091,901 3181,913"/>
                <TextEquiv>
                    <Unicode>book, as a taken that all ill-feeling between us</Unicode>
                </TextEquiv>
            </TextLine>
            <TextLine id="tr_1_tl_4" custom="readingOrder {index:3;}">
                <Coords points="887,1105 1891,1084 2413,1172 3378,1094 3437,968 887,1017"/>
                <Baseline points="907,1080 937,1080 1026,1086 1116,1086 1205,1080 1295,1080 1384,1080 1474,1080 1563,1080 1653,1080 1742,1080 1832,1080 1921,1074 2011,1074 2100,1074 2190,1074 2279,1074 2369,1068 2458,1062 2548,1068 2638,1062 2727,1068 2817,1062 2906,1056 2996,1062 3085,1062 3175,1062 3264,1056 3354,1050 3443,1056"/>
                <TextEquiv>
                    <Unicode>has vanished? As a feeble sign of my sympathy, Baron?</Unicode>
                </TextEquiv>
            </TextLine>
            <TextLine id="tr_1_tl_5" custom="readingOrder {index:4;}">
                <Coords points="614,1284 3399,1242 3427,1105 1249,1186 1024,1094 614,1196"/>
                <Baseline points="632,1241 662,1241 752,1241 841,1241 931,1241 1020,1235 1110,1235 1199,1235 1289,1235 1378,1235 1468,1235 1557,1235 1647,1235 1736,1229 1826,1229 1915,1229 2005,1223 2094,1223 2184,1223 2273,1217 2363,1217 2453,1217 2542,1217 2632,1217 2721,1211 2811,1211 2900,1211 2990,1211 3079,1211 3169,1211 3258,1205 3348,1199 3437,1205"/>
                <TextEquiv>
                    <Unicode>Clem: You're very good, Mr. Gilbert. I must, however, tell</Unicode>
                </TextEquiv>
            </TextLine>
            <TextLine id="tr_1_tl_6" custom="readingOrder {index:5;}">
                <Coords points="905,1435 1803,1385 1950,1456 2266,1371 2441,1438 2564,1371 3192,1445 3192,1298 905,1326"/>
                <Baseline points="925,1390 960,1390 1050,1390 1139,1384 1229,1384 1319,1384 1408,1384 1498,1384 1587,1384 1677,1384 1766,1378 1856,1384 1945,1378 2035,1378 2124,1372 2214,1372 2303,1366 2393,1372 2482,1366 2572,1366 2661,1366 2751,1366 2840,1360 2930,1360 3020,1360 3109,1354 3199,1354"/>
                <TextEquiv>
                    <Unicode>you that this is going to be the last, or the one</Unicode>
                </TextEquiv>
            </TextLine>
            <TextLine id="tr_1_tl_7" custom="readingOrder {index:6;}">
                <Coords points="901,1547 3006,1578 2999,1452 2683,1399 2494,1473 901,1435"/>
                <Baseline points="919,1539 954,1533 1044,1533 1133,1533 1223,1533 1313,1533 1402,1533 1492,1533 1581,1533 1671,1533 1760,1527 1850,1527 1939,1527 2029,1527 2118,1521 2208,1521 2297,1521 2387,1521 2476,1515 2566,1515 2655,1515 2745,1515 2834,1515 2924,1515 3014,1510"/>
                <TextEquiv>
                    <Unicode>before the last--that I ever intend to read.</Unicode>
                </TextEquiv>
            </TextLine>
            <TextLine id="tr_1_tl_8" custom="readingOrder {index:7;}">
                <Coords points="610,1775 1270,1764 1435,1705 1778,1782 2052,1740 2052,1627 1894,1582 1684,1606 1498,1554 1235,1642 1115,1589 887,1652 775,1599 614,1634"/>
                <Baseline points="632,1695 716,1695 805,1689 895,1689 984,1689 1074,1689 1163,1689 1253,1689 1342,1689 1432,1683 1521,1683 1611,1677 1700,1683 1790,1683 1880,1677 1969,1677 2059,1689"/>
                <TextEquiv>
                    <Unicode>Gil: The one before the last?</Unicode>
                </TextEquiv>
            </TextLine>
            <TextLine id="tr_1_tl_9" custom="readingOrder {index:8;}">
                <Coords points="624,1862 684,1877 789,1852 922,1880 1007,1852 1045,1877 1073,1862 1129,1884 1172,1877 1175,1810 989,1771 951,1792 912,1771 782,1775 716,1750 628,1764"/>
                <Baseline points="644,1844 734,1844 823,1844 913,1844 1002,1844 1092,1838 1181,1844"/>
                <TextEquiv>
                    <Unicode>Clem: Yes.</Unicode>
                </TextEquiv>
            </TextLine>
            <TextLine id="tr_1_tl_10" custom="readingOrder {index:9;}">
                <Coords points="614,2013 894,2062 1466,1982 1606,2066 1947,2062 2157,1992 2424,2069 2459,1901 1901,1831 1599,1901 1410,1838 1126,1943 617,1905"/>
                <Baseline points="632,1999 674,1999 763,1993 853,1999 943,1999 1032,1993 1122,1993 1211,1987 1301,1993 1390,1987 1480,1981 1569,1981 1659,1981 1748,1981 1838,1987 1927,1981 2017,1981 2106,1981 2196,1975 2285,1975 2375,1975 2464,1975"/>
                <TextEquiv>
                    <Unicode>Marg: And what's the last going to be?</Unicode>
                </TextEquiv>
            </TextLine>
            <TextLine id="tr_1_tl_11" custom="readingOrder {index:10;}">
                <Coords points="631,2196 3241,2196 3244,2041 635,2087"/>
                <Baseline points="650,2154 656,2148 746,2148 835,2148 925,2148 1014,2142 1104,2142 1193,2142 1283,2142 1372,2142 1462,2136 1551,2130 1641,2136 1730,2142 1820,2130 1909,2130 1999,2130 2088,2130 2178,2130 2267,2130 2357,2130 2447,2124 2536,2124 2626,2124 2715,2118 2805,2124 2894,2118 2984,2118 3073,2112 3163,2112 3252,2112"/>
                <TextEquiv>
                    <Unicode>Clem: Yours, my love. (draws, an advance copy from his</Unicode>
                </TextEquiv>
            </TextLine>
            <TextLine id="tr_1_tl_12" custom="readingOrder {index:11;}">
                <Coords points="954,2340 1950,2378 2739,2280 3171,2350 3206,2182 954,2196"/>
                <Baseline points="972,2309 978,2303 1068,2297 1157,2291 1247,2291 1336,2291 1426,2291 1515,2285 1605,2285 1695,2285 1784,2285 1874,2285 1963,2279 2053,2279 2142,2279 2232,2279 2321,2273 2411,2273 2500,2279 2590,2273 2679,2273 2769,2273 2858,2273 2948,2267 3037,2267 3127,2262 3216,2267"/>
                <TextEquiv>
                    <Unicode>packet) I whoedled an advance copy from Kunigel</Unicode>
                </TextEquiv>
            </TextLine>
            <TextLine id="tr_1_tl_13" custom="readingOrder {index:12;}">
                <Coords points="965,2476 3101,2441 3486,2518 3490,2350 965,2382"/>
                <Baseline points="984,2447 990,2447 1080,2447 1169,2447 1259,2447 1348,2441 1438,2441 1527,2441 1617,2441 1706,2441 1796,2441 1886,2441 1975,2441 2065,2429 2154,2429 2244,2429 2333,2429 2423,2429 2512,2429 2602,2429 2691,2423 2781,2423 2870,2423 2960,2423 3049,2423 3139,2423 3228,2423 3318,2417 3407,2423 3497,2429"/>
                <TextEquiv>
                    <Unicode>to bring to you or, rather, to both of us. (Margaret)</Unicode>
                </TextEquiv>
            </TextLine>
            <TextLine id="tr_1_tl_14" custom="readingOrder {index:13;}">
                <Coords points="958,2610 2119,2592 2259,2662 2452,2592 2624,2662 2683,2641 2687,2483 1929,2550 1733,2487 958,2536"/>
                <Baseline points="978,2596 990,2596 1080,2596 1169,2596 1259,2596 1348,2596 1438,2590 1527,2590 1617,2590 1706,2584 1796,2590 1886,2590 1975,2590 2065,2584 2154,2584 2244,2584 2333,2578 2423,2578 2512,2578 2602,2578 2691,2584"/>
                <TextEquiv>
                    <Unicode>and Gilbert exchange sacred glances.)</Unicode>
                </TextEquiv>
            </TextLine>
            <TextLine id="tr_1_tl_15" custom="readingOrder {index:14;}">
                <Coords points="614,2774 1189,2841 1361,2750 1757,2817 2585,2736 3329,2827 3329,2652 3125,2613 1529,2697 856,2599 614,2680"/>
                <Baseline points="632,2757 650,2757 740,2757 829,2757 919,2757 1008,2751 1098,2751 1187,2751 1277,2745 1366,2745 1456,2745 1545,2745 1635,2739 1724,2745 1814,2739 1903,2739 1993,2739 2082,2739 2172,2733 2262,2733 2351,2727 2441,2727 2530,2733 2620,2733 2709,2727 2799,2733 2888,2727 2978,2721 3067,2721 3157,2721 3246,2721 3336,2727"/>
                <TextEquiv>
                    <Unicode>Marg: How good of you! (taking the book) Yes, it's mine.</Unicode>
                </TextEquiv>
            </TextLine>
            <TextLine id="tr_1_tl_16" custom="readingOrder {index:15;}">
                <Coords points="624,2946 2140,2911 2140,2834 2010,2817 1312,2859 1017,2817 926,2883 624,2831"/>
                <Baseline points="644,2912 668,2906 757,2906 847,2906 937,2906 972,2906 984,2906 1074,2900 1163,2900 1253,2900 1342,2900 1432,2894 1521,2894 1611,2894 1700,2894 1790,2894 1880,2894 1969,2888 2059,2888 2148,2894"/>
                <TextEquiv>
                    <Unicode>Clem: We will read it together.</Unicode>
                </TextEquiv>
            </TextLine>
            <TextLine id="tr_1_tl_17" custom="readingOrder {index:16;}">
                <Coords points="624,3080 3094,3108 3332,3037 3336,2883 1733,3023 624,2946"/>
                <Baseline points="644,3061 656,3061 746,3061 835,3061 925,3055 1014,3055 1104,3055 1193,3055 1283,3049 1372,3049 1462,3049 1551,3043 1641,3049 1730,3049 1820,3049 1909,3043 1999,3043 2088,3037 2178,3037 2267,3037 2357,3037 2447,3037 2536,3031 2626,3031 2715,3031 2805,3025 2894,3025 2984,3025 3073,3025 3163,3025 3252,3020 3342,3025"/>
                <TextEquiv>
                    <Unicode>Marg: No, Clement, no. I cannot accept so much kindness.</Unicode>
                </TextEquiv>
            </TextLine>
        </TextRegion>
        <TextRegion id="tr_2" custom="readingOrder {index:1;}">
            <Coords points="656,3119 3491,3119 3491,4796 656,4796"/>
            <TextLine id="tr_2_tl_1" custom="readingOrder {index:0;}">
                <Coords points="958,3258 3276,3213 3339,3101 958,3111"/>
                <Baseline points="978,3210 1020,3210 1110,3205 1199,3205 1289,3199 1378,3199 1468,3193 1557,3193 1647,3193 1736,3193 1826,3193 1915,3193 2005,3193 2094,3193 2184,3187 2273,3187 2363,3187 2453,3187 2542,3187 2632,3181 2721,3181 2811,3181 2900,3181 2990,3181 3079,3181 3169,3175 3258,3169 3348,3169"/>
                <TextEquiv>
                    <Unicode>( she knows the book into the fireplace.) I don’t</Unicode>
                </TextEquiv>
            </TextLine>
            <TextLine id="tr_2_tl_2" custom="readingOrder {index:1;}">
                <Coords points="958,3364 1147,3427 1680,3346 2932,3395 2999,3371 2999,3241 958,3283"/>
                <Baseline points="978,3348 1038,3354 1128,3354 1217,3348 1307,3348 1396,3348 1486,3348 1575,3348 1665,3348 1754,3342 1844,3342 1933,3342 2023,3342 2112,3342 2202,3342 2291,3342 2381,3336 2470,3342 2560,3342 2649,3336 2739,3336 2829,3336 2918,3330 3008,3330"/>
                <TextEquiv>
                    <Unicode>want to hear of this sort of thing any more.</Unicode>
                </TextEquiv>
            </TextLine>
            <TextLine id="tr_2_tl_3" custom="readingOrder {index:2;}">
                <Coords points="937,3539 1403,3550 1508,3599 1803,3515 2150,3578 2385,3522 2385,3381 1957,3378 1764,3476 1642,3392 1536,3455 1266,3416 1161,3472 1080,3427 940,3451"/>
                <Baseline points="960,3503 1050,3509 1139,3515 1229,3509 1319,3509 1408,3509 1498,3503 1587,3509 1677,3503 1766,3503 1856,3497 1945,3503 2035,3497 2124,3497 2214,3491 2303,3491 2393,3503"/>
                <TextEquiv>
                    <Unicode>Very joyfull But, dear madame!</Unicode>
                </TextEquiv>
            </TextLine>
            <TextLine id="tr_2_tl_4" custom="readingOrder {index:3;}">
                <Coords points="642,3581 694,3578 793,3525 887,3525 894,3388 873,3385 821,3420 775,3423 758,3441 726,3437 705,3455 645,3455"/>
                <Baseline points="662,3515 722,3509 811,3509 901,3503"/>
                <TextEquiv>
                    <Unicode>Gil:</Unicode>
                </TextEquiv>
            </TextLine>
            <TextLine id="tr_2_tl_5" custom="readingOrder {index:4;}">
                <Coords points="958,3707 1308,3764 1599,3679 1782,3774 2133,3655 3483,3651 3483,3560 3157,3536 958,3557"/>
                <Baseline points="978,3670 984,3670 1074,3664 1163,3664 1253,3664 1342,3658 1432,3652 1521,3652 1611,3646 1700,3646 1790,3646 1880,3646 1969,3646 2059,3646 2148,3646 2238,3646 2327,3646 2417,3646 2506,3646 2596,3640 2685,3640 2775,3640 2864,3640 2954,3634 3043,3634 3133,3634 3222,3628 3312,3634 3401,3628 3491,3622"/>
                <TextEquiv>
                    <Unicode>(going toward the Elreplace) Margareter, what have you</Unicode>
                </TextEquiv>
            </TextLine>
            <TextLine id="tr_2_tl_6" custom="readingOrder {index:5;}">
                <Coords points="638,3690 673,3679 694,3690 705,3679 723,3690 740,3679 765,3693 810,3683 842,3704 856,3690 898,3683 898,3613 852,3623 803,3595 761,3602 719,3588 705,3599 673,3581 638,3581"/>
                <Baseline points="656,3664 746,3664 835,3664 907,3664"/>
                <TextEquiv>
                    <Unicode>Clem:</Unicode>
                </TextEquiv>
            </TextLine>
            <TextLine id="tr_2_tl_7" custom="readingOrder {index:6;}">
                <Coords points="929,3848 958,3844 979,3827 1003,3841 1038,3816 1084,3827 1122,3813 1172,3827 1172,3732 1080,3728 1073,3735 1035,3718 1010,3735 986,3725 958,3750 929,3753"/>
                <Baseline points="948,3807 1038,3807 1128,3807 1181,3807"/>
                <TextEquiv>
                    <Unicode>done?</Unicode>
                </TextEquiv>
            </TextLine>
            <TextLine id="tr_2_tl_8" custom="readingOrder {index:7;}">
                <Coords points="972,4041 1361,3963 2059,4037 2276,3953 3297,3978 3346,3792 1743,3928 975,3872"/>
                <Baseline points="996,3974 1026,3968 1116,3957 1205,3957 1295,3957 1384,3957 1474,3957 1563,3951 1653,3951 1742,3951 1832,3951 1921,3951 2011,3951 2100,3951 2190,3951 2279,3945 2369,3945 2458,3945 2548,3945 2638,3945 2727,3939 2817,3939 2906,3939 2996,3933 3085,3933 3175,3933 3264,3927 3354,3927"/>
                <TextEquiv>
                    <Unicode>(in front of the fireplace, through her arms about</Unicode>
                </TextEquiv>
            </TextLine>
            <TextLine id="tr_2_tl_9" custom="readingOrder {index:8;}">
                <Coords points="638,4048 677,4044 694,4027 740,4044 765,4034 793,4044 821,4027 887,4034 887,3865 852,3865 835,3883 807,3869 765,3869 740,3883 691,3851 663,3865 638,3858"/>
                <Baseline points="656,3968 746,3968 835,3968 895,3968"/>
                <TextEquiv>
                    <Unicode>Marg:</Unicode>
                </TextEquiv>
            </TextLine>
            <TextLine id="tr_2_tl_10" custom="readingOrder {index:9;}">
                <Coords points="965,4146 2652,4097 3136,4184 3139,4030 2932,4002 968,4034"/>
                <Baseline points="984,4118 996,4112 1086,4112 1175,4112 1265,4112 1354,4112 1444,4106 1533,4106 1623,4106 1712,4106 1802,4106 1891,4106 1981,4106 2071,4100 2160,4100 2250,4100 2339,4094 2429,4094 2518,4094 2608,4094 2697,4094 2787,4088 2876,4094 2966,4088 3055,4088 3145,4082"/>
                <TextEquiv>
                    <Unicode>Clement) Now, do you believe that I love you!</Unicode>
                </TextEquiv>
            </TextLine>
            <TextLine id="tr_2_tl_11" custom="readingOrder {index:10;}">
                <Coords points="965,4307 3343,4286 3409,4076 2981,4188 2217,4114 1943,4188 1743,4118 1498,4198 965,4170"/>
                <Baseline points="984,4273 996,4273 1086,4267 1175,4267 1265,4267 1354,4267 1444,4261 1533,4261 1623,4261 1712,4261 1802,4261 1891,4261 1981,4255 2071,4255 2160,4255 2250,4249 2339,4249 2429,4249 2518,4243 2608,4243 2697,4243 2787,4243 2876,4243 2966,4243 3055,4243 3145,4243 3234,4237 3324,4243 3413,4255"/>
                <TextEquiv>
                    <Unicode>(Most gleeful) It appears that I'm entirely de trop</Unicode>
                </TextEquiv>
            </TextLine>
            <TextLine id="tr_2_tl_12" custom="readingOrder {index:11;}">
                <Coords points="642,4300 677,4311 694,4293 747,4297 761,4283 782,4300 803,4283 849,4293 849,4184 817,4184 796,4198 782,4188 747,4209 698,4170 673,4181 642,4181"/>
                <Baseline points="662,4273 674,4267 763,4267 853,4267"/>
                <TextEquiv>
                    <Unicode>Gil:</Unicode>
                </TextEquiv>
            </TextLine>
            <TextLine id="tr_2_tl_13" custom="readingOrder {index:12;}">
                <Coords points="958,4437 2708,4405 3290,4507 3469,4437 3469,4335 2655,4272 2259,4367 958,4353"/>
                <Baseline points="978,4416 1062,4416 1151,4416 1241,4416 1330,4422 1420,4410 1510,4416 1599,4410 1689,4410 1778,4410 1868,4410 1957,4410 2047,4404 2136,4404 2226,4404 2315,4398 2405,4398 2494,4404 2584,4398 2673,4398 2763,4392 2852,4398 2942,4392 3031,4392 3121,4392 3210,4392 3300,4392 3390,4392 3479,4398"/>
                <TextEquiv>
                    <Unicode>here. Dear madame--Baron--(to himself) Pituthough.</Unicode>
                </TextEquiv>
            </TextLine>
            <TextLine id="tr_2_tl_14" custom="readingOrder {index:13;}">
                <Coords points="972,4612 1196,4665 1410,4581 2774,4602 3020,4581 3023,4448 972,4493"/>
                <Baseline points="990,4565 1056,4565 1145,4565 1235,4571 1324,4571 1414,4565 1504,4571 1593,4565 1683,4565 1772,4559 1862,4559 1951,4559 2041,4559 2130,4559 2220,4559 2309,4559 2399,4559 2488,4559 2578,4559 2667,4553 2757,4553 2846,4553 2936,4547 3025,4553"/>
                <TextEquiv>
                    <Unicode>that I must miss the conclusion! (goes out)</Unicode>
                </TextEquiv>
            </TextLine>
            <TextLine id="tr_2_tl_15" custom="readingOrder {index:14;}">
                <Coords points="1947,4844 1996,4844 2052,4802 2066,4809 2087,4791 2097,4802 2136,4795 2168,4819 2189,4816 2196,4651 2168,4647 2133,4612 2090,4637 2048,4619 1999,4651 1978,4633 1954,4637"/>
                <Baseline points="1969,4786 2059,4786 2148,4780 2202,4786"/>
                <TextEquiv>
                    <Unicode>tain.</Unicode>
                </TextEquiv>
            </TextLine>
        </TextRegion>
    </Page>
</PcGts>
