3656 5080
1471 925 1750 1120 Gilb.
116 1096 3293 1359 Do not attempt to belittle our relations. They make up the best of
136 1280 618 1507 your life
1519 1415 1742 1587 Mag.
151 1515 3305 1774 Good gratious to think that I andured this twaddle for a whole year.
1483 1706 1754 1905 Cilb.
151 1826 3193 2057 Endured it. You were drink with it - do not be ungrateful - I am
155 2045 3153 2268 not. No matter how pitifully youüehaved at the last it has not
155 2165 3273 2440 embittered my memory. But something more which belongs to the mat-
167 2404 458 2579 ter -
1451 2479 1666 2647 Mag.
159 2579 1080 2842 What won't you say.
1594 2770 1870 2934 Gilb.
171 2894 3093 3121 This, I owe this explanation. At the very time that you began
183 3105 3117 3305 to care less for me, at the very moment that your heart turned,
179 3245 3201 3460 toward the table - - "A nostatgie de l'ecurie" - - just at that
183 3388 1583 3683 time I had had enough of you.
1555 3580 1774 3715 Mag.
179 3743 1009 3986 You don't say so,
1523 3815 1818 4018 Gilb.
187 3994 3384 4225 It was so like you not to have realized it - Yes I had done with you.
195 4134 3313 4405 I had no more use for you - to be plain. What you had been able to
195 4309 3285 4552 give you had given me. Your duty was done. In the depth of your
207 4465 1997 4744 soul you knew - - you knew lnknowingly
