3464 5112
2505 383 2673 558 44
201 756 2974 1031 myself be shot down, by a jealous gentleman like a mad dog.
540 964 912 1195 (Bell.)
1400 1124 1630 1281 Mag.
205 1303 1072 1515 It's ha. It's he.
1411 1429 1671 1642 Cils.
223 1582 1310 1787 You shall not tell him.
1396 1746 1638 1917 Mag.
216 1880 864 2144 I will speak.
1422 2066 1701 2219 Gilb.
205 2204 3201 2356 Will you. very well - look but - I mean to sell my hide, dear.
1407 2382 1623 2546 Mag.
227 2528 1042 2699 What will you do.
1474 2643 1750 2825 Gilb.
223 2803 3194 3030 I will cast such words in his teeth as never Baron heard before.
1422 2993 1634 3149 Cie.
476 3134 2018 3320 (Comes in very cool and polite.)
223 3298 1407 3495 Ah, Mr. Gilbert, I think.
1485 3402 1761 3600 Gilb.
238 3570 3127 3797 Yes, Baron. I could not deny myself the pleasure of paying my
238 3752 1697 3938 respects to this faireming lady.
1448 3909 1664 4076 Cie.
242 3998 3105 4232 I am afraid that I have broken in on a talk; I donnot want to
246 4169 2520 4463 interrupt it. Please do not let me disturb you.
1441 4385 1757 4519 Gilb.
261 4512 1761 4735 What were we just talking about.
