<?xml version="1.0" encoding="UTF-8" standalone="yes"?>
<PcGts xmlns="http://schema.primaresearch.org/PAGE/gts/pagecontent/2013-07-15" xmlns:xsi="http://www.w3.org/2001/XMLSchema-instance" xsi:schemaLocation="http://schema.primaresearch.org/PAGE/gts/pagecontent/2013-07-15 http://schema.primaresearch.org/PAGE/gts/pagecontent/2013-07-15/pagecontent.xsd">
    <Metadata>
        <Creator>prov=READ-COOP:name=TrHtr:version=2.1.0:model_id=51170:date=14_08_2023_19:59</Creator>
        <Created>2023-05-10T15:29:54.755+02:00</Created>
        <LastChange>2023-08-14T19:59:46.276+02:00</LastChange>
        <TranskribusMetadata docId="1429072" pageId="55436449" pageNr="48" tsid="132823987" status="IN_PROGRESS" userId="64420" imgUrl="https://files.transkribus.eu/Get?id=BOODUVRZULQNVEMHUHOEQNDT&amp;fileType=view" xmlUrl="https://files.transkribus.eu/Get?id=QOGPRGGRMKGEKMOYDYBEXKYQ" imageId="44710438"/>
    </Metadata>
    <Page imageFilename="1429072_0048.jpg" imageWidth="3576" imageHeight="5064">
        <ReadingOrder>
            <OrderedGroup id="ro_1711797559401" caption="Regions reading order">
                <RegionRefIndexed index="0" regionRef="tr_1"/>
                <RegionRefIndexed index="1" regionRef="tr_2"/>
            </OrderedGroup>
        </ReadingOrder>
        <TextRegion id="tr_1" custom="readingOrder {index:0;}">
            <Coords points="286,719 3191,719 3191,3254 286,3254"/>
            <TextLine id="tr_1_tl_1" custom="readingOrder {index:0;}">
                <Coords points="338,780 3183,888 3179,746 3023,709 338,687"/>
                <Baseline points="357,769 447,775 536,775 626,781 715,781 805,781 894,781 984,781 1073,787 1163,787 1252,787 1342,793 1431,799 1520,793 1610,799 1699,805 1789,805 1878,805 1968,811 2057,811 2147,817 2236,817 2326,817 2415,823 2505,823 2594,823 2684,829 2773,829 2863,835 2952,835 3041,835 3131,835 3191,829"/>
                <TextEquiv>
                    <Unicode>teresting enough. But how a lady could feel at ease amongst</Unicode>
                </TextEquiv>
            </TextLine>
            <TextLine id="tr_1_tl_2" custom="readingOrder {index:1;}">
                <Coords points="353,966 3008,1006 3004,865 2748,839 349,832"/>
                <Baseline points="375,924 465,930 554,930 644,936 733,930 823,936 912,936 1002,942 1091,942 1181,942 1270,948 1359,948 1449,948 1538,954 1628,954 1717,960 1807,960 1896,960 1986,960 2075,960 2165,966 2254,966 2344,972 2433,972 2523,972 2612,978 2701,978 2791,978 2880,984 2970,984 3018,984"/>
                <TextEquiv>
                    <Unicode>them for any length of time, is more than I can make out.</Unicode>
                </TextEquiv>
            </TextLine>
            <TextLine id="tr_1_tl_3" custom="readingOrder {index:2;}">
                <Coords points="1456,1177 1474,1177 1486,1162 1508,1174 1530,1155 1575,1159 1597,1174 1641,1159 1686,1166 1679,1051 1634,1062 1604,1051 1597,1062 1575,1066 1504,999 1448,1006"/>
                <Baseline points="1473,1097 1562,1103 1652,1103 1693,1109"/>
                <TextEquiv>
                    <Unicode>Mag.</Unicode>
                </TextEquiv>
            </TextLine>
            <TextLine id="tr_1_tl_4" custom="readingOrder {index:3;}">
                <Coords points="334,1278 2696,1348 2893,1315 2893,1214 2121,1148 1627,1211 327,1077"/>
                <Baseline points="351,1228 441,1228 530,1234 620,1234 709,1234 799,1234 888,1240 978,1240 1067,1240 1157,1246 1246,1252 1336,1246 1425,1252 1515,1252 1604,1258 1693,1258 1783,1264 1872,1264 1962,1264 2051,1270 2141,1270 2230,1276 2320,1276 2409,1276 2499,1282 2588,1282 2678,1282 2767,1288 2857,1288 2904,1294"/>
                <TextEquiv>
                    <Unicode>You forget one thing, Clement dear, which is that in a</Unicode>
                </TextEquiv>
            </TextLine>
            <TextLine id="tr_1_tl_5" custom="readingOrder {index:4;}">
                <Coords points="331,1426 1337,1504 1953,1426 2878,1530 2878,1415 2696,1333 331,1344"/>
                <Baseline points="351,1383 441,1383 530,1383 620,1389 709,1389 799,1389 888,1395 978,1395 1067,1395 1157,1401 1246,1401 1336,1407 1425,1407 1515,1407 1604,1413 1693,1413 1783,1419 1872,1419 1962,1419 2051,1425 2141,1425 2230,1425 2320,1431 2409,1431 2499,1431 2588,1431 2678,1437 2767,1443 2857,1443 2886,1443"/>
                <TextEquiv>
                    <Unicode>certain sense I belong from, or did belong to them.</Unicode>
                </TextEquiv>
            </TextLine>
            <TextLine id="tr_1_tl_6" custom="readingOrder {index:5;}">
                <Coords points="1493,1593 1511,1593 1519,1582 1526,1589 1549,1567 1615,1586 1623,1575 1649,1575 1675,1597 1697,1593 1690,1511 1671,1511 1653,1523 1627,1500 1575,1497 1567,1489 1545,1500 1523,1489 1508,1493 1504,1504 1486,1504"/>
                <Baseline points="1509,1556 1598,1562 1688,1574 1705,1574"/>
                <TextEquiv>
                    <Unicode>Cle.</Unicode>
                </TextEquiv>
            </TextLine>
            <TextLine id="tr_1_tl_7" custom="readingOrder {index:6;}">
                <Coords points="301,1697 535,1731 687,1701 787,1757 888,1705 1047,1719 1047,1638 984,1623 850,1660 602,1589 501,1619 438,1567 297,1560"/>
                <Baseline points="322,1682 411,1682 501,1688 590,1693 679,1693 769,1699 858,1699 948,1693 1037,1693 1055,1693"/>
                <TextEquiv>
                    <Unicode>Now please, - -</Unicode>
                </TextEquiv>
            </TextLine>
            <TextLine id="tr_1_tl_8" custom="readingOrder {index:7;}">
                <Coords points="1463,1890 1578,1890 1604,1909 1712,1927 1701,1738 1667,1734 1623,1749 1589,1734 1575,1745 1526,1734 1497,1753 1452,1745"/>
                <Baseline points="1479,1860 1568,1866 1658,1872 1717,1872"/>
                <TextEquiv>
                    <Unicode>Mag.</Unicode>
                </TextEquiv>
            </TextLine>
            <TextLine id="tr_1_tl_9" custom="readingOrder {index:8;}">
                <Coords points="319,2035 542,1994 817,2065 1110,2020 1177,2083 1315,2039 1589,2098 1868,2050 1864,1924 1582,1887 1244,1953 761,1875 557,1935 316,1905"/>
                <Baseline points="339,1980 429,1992 518,1992 608,1998 697,1998 787,1998 876,1998 966,2004 1055,2010 1145,2010 1234,2010 1324,2016 1413,2016 1503,2016 1592,2016 1682,2022 1771,2027 1860,2027 1878,2022"/>
                <TextEquiv>
                    <Unicode>They were artist, men and women.</Unicode>
                </TextEquiv>
            </TextLine>
            <TextLine id="tr_1_tl_10" custom="readingOrder {index:9;}">
                <Coords points="1463,2176 1486,2173 1508,2191 1537,2180 1586,2221 1597,2213 1619,2221 1660,2187 1667,2195 1686,2191 1675,2069 1645,2069 1619,2095 1586,2091 1567,2109 1508,2102 1486,2121 1460,2124"/>
                <Baseline points="1485,2159 1574,2171 1664,2177 1693,2171"/>
                <TextEquiv>
                    <Unicode>Cle.</Unicode>
                </TextEquiv>
            </TextLine>
            <TextLine id="tr_1_tl_11" custom="readingOrder {index:10;}">
                <Coords points="342,2317 2321,2369 2317,2291 2225,2262 1363,2232 1263,2288 858,2176 342,2206"/>
                <Baseline points="363,2290 453,2302 542,2302 632,2302 721,2308 811,2308 900,2308 990,2314 1079,2314 1169,2320 1258,2320 1348,2320 1437,2326 1526,2326 1616,2332 1705,2332 1795,2338 1884,2332 1974,2338 2063,2338 2153,2338 2242,2344 2332,2344 2338,2338"/>
                <TextEquiv>
                    <Unicode>Here we are back to the same old question.</Unicode>
                </TextEquiv>
            </TextLine>
            <TextLine id="tr_1_tl_12" custom="readingOrder {index:11;}">
                <Coords points="1452,2488 1478,2488 1519,2510 1549,2503 1571,2514 1578,2507 1597,2522 1660,2507 1656,2340 1638,2340 1608,2362 1545,2362 1515,2377 1500,2369 1482,2388 1448,2388"/>
                <Baseline points="1473,2475 1562,2481 1652,2481 1670,2481"/>
                <TextEquiv>
                    <Unicode>Mag.</Unicode>
                </TextEquiv>
            </TextLine>
            <TextLine id="tr_1_tl_13" custom="readingOrder {index:12;}">
                <Coords points="286,2652 2726,2696 2722,2585 2336,2507 1890,2611 1463,2481 282,2510"/>
                <Baseline points="304,2600 393,2612 483,2612 572,2612 662,2618 751,2618 841,2618 930,2624 1019,2624 1109,2630 1198,2630 1288,2630 1377,2630 1467,2630 1556,2636 1646,2636 1735,2636 1825,2642 1914,2642 2004,2642 2093,2648 2183,2648 2272,2648 2362,2654 2451,2654 2540,2660 2630,2660 2719,2666 2737,2660"/>
                <TextEquiv>
                    <Unicode>And it is my daily grief that you cannot understand.</Unicode>
                </TextEquiv>
            </TextLine>
            <TextLine id="tr_1_tl_14" custom="readingOrder {index:13;}">
                <Coords points="1463,2800 1511,2796 1537,2815 1589,2819 1619,2789 1634,2796 1667,2793 1660,2696 1630,2700 1608,2685 1589,2689 1582,2681 1534,2678 1523,2670 1511,2678 1493,2674 1482,2685 1456,2685"/>
                <Baseline points="1479,2773 1568,2779 1658,2785 1676,2779"/>
                <TextEquiv>
                    <Unicode>Cle</Unicode>
                </TextEquiv>
            </TextLine>
            <TextLine id="tr_1_tl_15" custom="readingOrder {index:14;}">
                <Coords points="312,2964 2752,3023 3045,3001 3079,2915 2477,2815 1467,2874 876,2744 308,2804"/>
                <Baseline points="328,2898 417,2910 506,2916 596,2916 685,2916 775,2922 864,2922 954,2922 1043,2922 1133,2922 1222,2928 1312,2928 1401,2934 1491,2928 1580,2940 1670,2940 1759,2940 1849,2946 1938,2946 2027,2952 2117,2952 2206,2952 2296,2952 2385,2958 2475,2958 2564,2964 2654,2964 2743,2964 2833,2964 2922,2964 3012,2970 3089,2970"/>
                <TextEquiv>
                    <Unicode>"Not understand" - I like that - I can understand very well.</Unicode>
                </TextEquiv>
            </TextLine>
            <TextLine id="tr_1_tl_16" custom="readingOrder {index:15;}">
                <Coords points="297,3094 3008,3168 3004,2997 293,2960"/>
                <Baseline points="316,3053 405,3065 495,3071 584,3071 674,3071 763,3071 852,3071 942,3071 1031,3077 1121,3077 1210,3083 1300,3083 1389,3083 1479,3089 1568,3089 1658,3095 1747,3095 1837,3095 1926,3101 2016,3101 2105,3101 2194,3107 2284,3107 2373,3107 2463,3113 2552,3107 2642,3113 2731,3113 2821,3113 2910,3119 3000,3119 3012,3113"/>
                <TextEquiv>
                    <Unicode>You know how uncomfortable your writing makes me, and that</Unicode>
                </TextEquiv>
            </TextLine>
            <TextLine id="tr_1_tl_17" custom="readingOrder {index:16;}">
                <Coords points="267,3283 1805,3279 1805,3120 1526,3120 1404,3201 1188,3105 267,3120"/>
                <Baseline points="286,3214 375,3214 465,3220 554,3226 644,3226 733,3226 823,3232 912,3232 1002,3232 1091,3232 1181,3232 1270,3232 1359,3226 1449,3232 1538,3238 1628,3244 1717,3244 1807,3244 1813,3244"/>
                <TextEquiv>
                    <Unicode>it is a personal matter with me.</Unicode>
                </TextEquiv>
            </TextLine>
        </TextRegion>
        <TextRegion id="tr_2" custom="readingOrder {index:1;}">
            <Coords points="256,3331 3238,3331 3238,4811 256,4811"/>
            <TextLine id="tr_2_tl_1" custom="readingOrder {index:0;}">
                <Coords points="1411,3420 1441,3420 1460,3435 1467,3428 1482,3443 1515,3439 1541,3454 1589,3439 1638,3465 1664,3458 1656,3331 1608,3346 1567,3328 1526,3342 1471,3294 1426,3320 1404,3320"/>
                <Baseline points="1431,3381 1520,3387 1610,3393 1670,3399"/>
                <TextEquiv>
                    <Unicode>Mag.</Unicode>
                </TextEquiv>
            </TextLine>
            <TextLine id="tr_2_tl_2" custom="readingOrder {index:1;}">
                <Coords points="286,3591 2978,3591 2975,3480 2748,3432 1864,3495 282,3391"/>
                <Baseline points="304,3513 393,3519 483,3525 572,3519 662,3525 751,3525 841,3525 930,3525 1019,3525 1109,3531 1198,3531 1288,3531 1377,3537 1467,3543 1556,3543 1646,3543 1735,3548 1825,3548 1914,3554 2004,3554 2093,3554 2183,3554 2272,3554 2362,3560 2451,3560 2540,3566 2630,3566 2719,3566 2809,3566 2898,3572 2988,3572 2994,3566"/>
                <TextEquiv>
                    <Unicode>Well, there are women who, in my position, would have done</Unicode>
                </TextEquiv>
            </TextLine>
            <TextLine id="tr_2_tl_3" custom="readingOrder {index:2;}">
                <Coords points="267,3706 412,3677 490,3710 720,3691 828,3740 951,3691 1021,3725 1151,3695 1415,3721 1415,3602 1170,3639 928,3554 267,3617"/>
                <Baseline points="286,3662 375,3674 465,3674 554,3674 644,3680 733,3680 823,3680 912,3680 1002,3686 1091,3680 1181,3686 1270,3686 1359,3686 1419,3686"/>
                <TextEquiv>
                    <Unicode>worse than write pretty.</Unicode>
                </TextEquiv>
            </TextLine>
            <TextLine id="tr_2_tl_4" custom="readingOrder {index:3;}">
                <Coords points="1419,3862 1489,3855 1530,3866 1552,3851 1589,3881 1593,3873 1638,3870 1630,3732 1537,3729 1497,3699 1445,3706 1434,3695 1408,3703"/>
                <Baseline points="1437,3835 1526,3841 1616,3847 1646,3847"/>
                <TextEquiv>
                    <Unicode>Cle.</Unicode>
                </TextEquiv>
            </TextLine>
            <TextLine id="tr_2_tl_5" custom="readingOrder {index:4;}">
                <Coords points="249,4018 602,3989 862,4041 1006,3989 1489,4044 1656,4007 1653,3892 1552,3851 1333,3892 1244,3833 1018,3862 850,3810 706,3885 245,3807"/>
                <Baseline points="268,3966 357,3972 447,3972 536,3978 626,3978 715,3984 805,3978 894,3978 984,3978 1073,3984 1163,3990 1252,3990 1342,3990 1431,3990 1520,3996 1610,3996 1664,3996"/>
                <TextEquiv>
                    <Unicode>But such pretty - such points.</Unicode>
                </TextEquiv>
            </TextLine>
            <TextLine id="tr_2_tl_6" custom="readingOrder {index:5;}">
                <Coords points="490,4137 2618,4211 2611,3989 2470,4052 1820,3951 1489,4052 487,4022"/>
                <Baseline points="512,4121 602,4121 691,4127 781,4127 870,4133 960,4133 1049,4133 1139,4133 1228,4139 1318,4139 1407,4145 1497,4145 1586,4145 1676,4151 1765,4151 1855,4151 1944,4157 2033,4157 2123,4157 2212,4157 2302,4157 2391,4163 2481,4163 2570,4169 2624,4163"/>
                <TextEquiv>
                    <Unicode>(He takes a little book from the mantelpiece)</Unicode>
                </TextEquiv>
            </TextLine>
            <TextLine id="tr_2_tl_7" custom="readingOrder {index:6;}">
                <Coords points="249,4330 2986,4375 2982,4189 245,4159"/>
                <Baseline points="268,4264 357,4270 447,4270 536,4276 626,4282 715,4282 805,4282 894,4288 984,4288 1073,4288 1163,4288 1252,4288 1342,4288 1431,4294 1520,4294 1610,4294 1699,4300 1789,4300 1878,4300 1968,4300 2057,4306 2147,4306 2236,4312 2326,4312 2415,4318 2505,4318 2594,4324 2684,4324 2773,4330 2863,4330 2952,4336 2994,4336"/>
                <TextEquiv>
                    <Unicode>That's it. I assure you that whenover I see it lying here,</Unicode>
                </TextEquiv>
            </TextLine>
            <TextLine id="tr_2_tl_8" custom="readingOrder {index:7;}">
                <Coords points="249,4464 3064,4542 3227,4416 245,4327"/>
                <Baseline points="268,4419 357,4425 447,4431 536,4431 626,4431 715,4437 805,4437 894,4437 984,4437 1073,4437 1163,4443 1252,4443 1342,4437 1431,4449 1520,4449 1610,4455 1699,4461 1789,4461 1878,4455 1968,4455 2057,4461 2147,4461 2236,4467 2326,4467 2415,4467 2505,4467 2594,4479 2684,4479 2773,4479 2863,4485 2952,4491 3041,4491 3131,4491 3220,4491 3238,4497"/>
                <TextEquiv>
                    <Unicode>Whenever I think of it, I am alhamed that it was written by you.</Unicode>
                </TextEquiv>
            </TextLine>
            <TextLine id="tr_2_tl_9" custom="readingOrder {index:8;}">
                <Coords points="1389,4605 1437,4609 1493,4642 1519,4627 1537,4638 1552,4627 1567,4631 1608,4601 1630,4601 1623,4512 1586,4516 1541,4490 1482,4479 1452,4494 1434,4490 1404,4523 1382,4520"/>
                <Baseline points="1407,4592 1497,4598 1586,4604 1640,4604"/>
                <TextEquiv>
                    <Unicode>Mag.</Unicode>
                </TextEquiv>
            </TextLine>
            <TextLine id="tr_2_tl_10" custom="readingOrder {index:9;}">
                <Coords points="234,4765 3105,4813 3101,4657 2986,4616 1500,4653 847,4542 230,4612"/>
                <Baseline points="256,4729 345,4735 435,4741 524,4741 614,4747 703,4747 793,4747 882,4747 972,4753 1061,4753 1151,4759 1240,4759 1330,4759 1419,4759 1509,4765 1598,4771 1688,4771 1777,4771 1866,4771 1956,4777 2045,4777 2135,4777 2224,4783 2314,4789 2403,4789 2493,4783 2582,4789 2672,4789 2761,4795 2851,4801 2940,4801 3030,4795 3113,4801"/>
                <TextEquiv>
                    <Unicode>You see you have no literary insight— Don't be cross - If you</Unicode>
                </TextEquiv>
            </TextLine>
        </TextRegion>
    </Page>
</PcGts>
