3848 5176
3228 375 3446 626 -20-
518 769 3264 983 self with? You yourself asked the doctor, six weeks ago,
536 958 3239 1137 and he did not hesitate to tell you the truth. It had to
536 1130 819 1305 come.
1441 1262 1759 1455 Haus.
518 1391 1866 1662 But not now – not so soon,
1469 1573 1745 1762 Hein.
540 1641 2485 1927 How can you say that, Herr Hausdorfer -
2578 1709 3346 1902 you can't simply
543 1891 2216 2088 that there was any lack of care –
1480 2048 1752 2206 Haus.
558 2220 2671 2385 Oh no, no. Forgive me. There could be none.
1473 2342 1723 2520 Hein
551 2495 1165 2696 Then why...
1469 2642 1752 2814 Haus,
529 2788 3403 2967 But you said yourself that she might have lived two or three
558 2999 1119 3160 years more.
1487 3096 1762 3271 Hein.
558 3271 3167 3457 Alas, yes. That is true. But the doctor also spoke of
572 3450 2774 3596 the possibility of a sudden death, as you know.
1484 3621 1770 3772 Haus.
551 3707 2091 3918 Sudden, —- yes, quite right –
808 3879 2989 4061 (Hesitatingly, then with suidden determination)
576 4025 2510 4218 but natural -- that is another question.
1455 4183 1766 4390 Hein.
808 4358 1341 4540 (Startled)
572 4494 3225 4658 What? Why -- no, I can't understand what you mean by a
576 4622 3328 4855 supposition of which not the elightest -- why, the doctor
