3816 5176
3077 317 3301 563 — 6—
1378 655 1684 851 Haus.
474 787 1043 983 What? Who?
1378 940 1684 1136 Borr.
470 1115 3333 1296 I mean the young Herr Heinrich. It is Irightful -- oh, Lord,
470 1335 3088 1446 oh Lord! When one thinks how he always brought her out
470 1503 2828 1627 at the last, and came after her in the evening –
1378 1603 1663 1738 Haus.
459 1717 2073 1912 Yes, he is very much to be pitied.
1389 1934 1656 2062 Borr.
438 2030 2821 2261 He must be sick himself or he would have come out.
1378 2229 1660 2368 Haus.
452 2343 3031 2489 Oh, no, I am expecting him every day. He is away on a
456 2543 3230 2660 journey, but he may be back any time. He needs to recover
452 2667 2810 2892 himself a little, so he can get at his work again.
1375 2845 1645 2963 Borr.
438 2991 2055 3180 Yes, if a man has a profession –
1375 3148 1645 3283 Haus.
427 3234 2019 3497 And such a profession -- poet's!
684 3437 1161 3590 (Gets up)
427 3547 2204 3768 A voet! Do you know what that means?
1350 3736 1631 3910 Borr.
417 3825 677 4049 Why?
1350 4053 1638 4181 Haus,
434 4156 3219 4377 Y ou knew nothing, absolutely nothing. None of us ordinary
417 4384 2607 4580 men know anything, beyond digging our gardens.
1346 4533 1631 4658 Borr.
420 4580 1638 4875 Why, sir, you used to --
