3608 5064
2881 431 3059 609 12
1503 780 1741 1004 Cle.
345 940 905 1079 Think what.
1485 1111 1709 1250 Maff.
335 1136 2856 1489 I sometimesordfancy that there's blue blood in my venis.
1481 1435 1706 1542 cle.
324 1556 691 1756 How so.
1478 1745 1681 1941 Mag.
328 1873 1503 2041 Well, it's very possible.
1478 2051 1699 2158 Cle.
317 2108 1278 2315 I don't make it out.
1453 2219 1688 2454 Mat.
303 2493 3059 2614 I have told you that men of rank visited my father's house.
1478 2653 1674 2781 Cle.
313 2678 851 2924 Yes, but. -
1446 2938 1674 3173 Mag.
303 3063 951 3305 Tho can tell.
1457 3251 1695 3369 Cle.
292 3415 2999 3543 Margaret - go along -. How can - you talk such house.
1439 3561 1674 3725 Mag.
303 3697 3166 3868 I never can tell you what's on my mind. You haven’t any tact.
296 3825 1617 4060 If you had you'd be perfect.
541 4006 1375 4177 (She flatters him)
285 4167 3059 4306 I'm so inconceivably fond of you Clem- From the very first
285 4309 2988 4473 night when you came into the café with Wernwagen I said to
285 4452 3080 4658 myself "It is he" Among the rest, you seem to have strayed
271 4598 1389 4829 from a different world.
