4200 6024
593 527 2360 801 Marg: I’s very good of you. thanks.
600 710 3538 948 Gil: You have a certain proprietorship in that book. So you
937 926 1734 1116 are living here?
611 1072 1496 1255 Marg: Yes, but —
622 1182 3531 1394 Gil Opposite the studium, I see. As far as furnished rooms
948 1273 3443 1537 go, it's passable enough. But these family portrait
970 1493 2561 1698 on the walls would drive me crazy.
626 1665 2909 1848 Marg: My house eopers’s the widow of a general.
637 1815 2159 2005 Gil: Oh, you need'nt apologize.
637 1946 3329 2170 Marg: Apologize; Really, the idea never occurred to me.
933 2126 2729 2331 It's wonderful to hark back to it now.
651 2148 878 2331 Gil:
970 2287 1394 2466 To what?
637 2312 911 2440 Marg:
937 2382 3589 2590 Why should'nt I say it? To the small room in Steinsdorf
644 2466 893 2645 Gil:
937 2557 3410 2751 Street, with its balcony abutting over the Isar. Do
937 2759 2166 2927 you remember, Margarettn?
995 2861 2616 3018 Suppose we drop the familiar form.
659 2898 915 3077 Marg:
673 2997 3403 3205 Gil: As you please--as you please. (cause then suddenly)
999 3161 2557 3359 You acted shamefully, Margarette.
1010 3348 1837 3520 What do you mean?
673 3384 962 3538 Marg:
2536 3333 2795 3512 about
688 3458 3468 3692 Gil: I would you much rather that I beat the bush? I
1024 3626 3472 3838 can find no other word, to my regret. And it was so
1017 3754 3571 3944 uncalled for too. Straight forwardness would have done
1039 3915 3520 4156 just as hicely. It was quite unnecessary to run away
995 4054 2927 4281 from Munich under eover of a foggy night.
1024 4186 3458 4438 It was 'nt night and it was'nt foggy. I left in the
702 4281 977 4427 Marg:
988 4376 3542 4548 morning on the eight-thirty express, in open daylight.
702 4522 3637 4723 Gil: At all pevents, you might have said goodbye to me before
995 4698 2023 4917 leaving, Eh? (sits)
1046 4819 2704 5016 I expect the baron back any minute.
721 4859 999 5045 Marg:
1057 4972 3790 5188 What difference does that make? Of course you did'nt tell
735 5038 977 5199 G11:
1043 5082 3688 5371 him that you lay in my arms once and worshiped me. I'm
1057 5313 3684 5477 nerely an old sequence from Munish. And there's no
790 5382 959 5495 it is
1021 5437 3681 5686 harm in an old sequence calling to see you?
750 5623 1888 5898 Marg: Anyhedy but you.
