3515 3640
1741 1369 1846 1497 Fern
1659 1492 1773 1609 Hyrn
1664 1811 2185 1951 Mittmärz 92 Donnerstag.
1106 1923 2125 2044 Thatsachen. 1) Frl. Ingfeld sagt mir, dass die Revue von
1141 1989 2117 2107 Fried in jeder Beziehung recht zu nehmen ist. 2.) Wegen
1088 2061 2176 2193 Jchungkopfs Empfehlung an Bonz müssen wir noch sprechen.
872 2120 1991 2246 5) den Biraten werde ich sobald als möglich 10 fl. schicken.
911 2193 2095 2353 Wär es nicht möglich, daß ich Sonntag um 4 zu
901 2290 2092 2429 Ihnen komme, daß auf Salten befeinend kommt.
878 2363 1970 2520 und daß ich sich ebenst verlesen, was ich zum Druck
853 2453 2175 2596 versprochen habe, aber nicht gern ohne Euch sortschicken möchte;
853 2550 2180 2707 wenn nicht Sonntag, so machen Sie einen anderen Vorschlag
1581 2667 1720 2792 Loris
863 2704 1331 2838 Beiligend, denke, Nichsche.
