2255 3399
1094 580 1181 670 81
1701 613 1809 699 104
653 614 1056 717 A.S. an H.v.H.
650 681 1885 819 dere, kurz, ich kann mich kaum je eine Viertel-
656 808 1875 915 stunde wohl fühlen. Anfang März war ich ein
1352 861 1464 921 habe
652 878 1913 994 paar Tage in Edlach ; ich xxxx dort den Früh-
648 985 1940 1089 ling finden wollen, aber Eis und zehn Grad
648 1084 1916 1167 Kalte, sowie Dora Speyer gefunden, die übrigens
660 1154 910 1264 lieb ist.
655 1254 1882 1350 Jetzt ist Brandes hier, erzählt sehr amüsant
647 1331 1874 1430 und ist gewiss was sehr besonderes. Und doch
660 1407 1911 1523 (warum- und doch“?) hab ich eher ein Gefühl der
666 1514 1885 1597 Entfremdung diesmal ihm gegenüber, Liegt wohl
661 1575 1216 1719 an meiner Stimmung.-
655 1641 1960 1784 Ich arbeite an nichts als an der langen Novelle,
655 1768 1888 1866 die wohl (stofflich ) so eine Art Seitenstück
663 1877 1809 1968 zur Femme de trente ans wird, eine Veuve de
666 1944 1877 2039 trente ans - vielleicht schliess ich sie auf
656 2030 1745 2152 der xxx dalmatinischen Küstenfahrt ab.-
666 2111 1882 2251 Eben telefoniert mir Richard, ich möge in den
660 2194 1950 2324 Schachklub kommen - Ist das nicht ganz unwahr-
666 2291 1896 2402 scheinlich in Paris zu hören, dass hier weiter
665 2361 1953 2524 telefoniert wird - in den Schachklub gegangen—?
