2227 3335
1358 660 1481 774 151
151 662 570 770 A.S. an H.v.H.
818 678 1308 853 Wien, 2.10.1904.
165 814 1645 937 Lieber, in dieser Woche werden wir uns kaum sehen kön-
175 922 1628 1022 nen;-es fügt sich gerade, dass allerlei zusammen kommt:
169 1014 1560 1119 Duse, Burgtheater (Heinrich), Josefstadt, Familie, und
169 1110 1645 1204 so müssen wir das abendliche Hietzing auf Beginn näch-
175 1182 1536 1295 ster Woche verschieben. Nachmittags arbeite ich so
184 1286 1634 1376 viel als möglich. Wie ist Ihre Einteilung? Wenn man ein-
164 1360 1580 1463 mal in den Vormittagsstunden nach Rodaun käme, (wofür
175 1470 1529 1569 ich freilich nicht garantieren kann) würde man Sie
175 1545 386 1661 stören?
169 1624 989 1736 Die Bücher haben Sie bekommen?
182 1709 469 1823 Von Herzen
731 1705 838 1821 Ihr
858 1795 1068 1896 Arthur.
