3494 3577
2139 264 2356 443 th
1128 403 2012 604 D Arthon Schintzler
1539 548 2694 754 Jos Rientenapuis
969 770 2432 940 Ich muss durchaus bitten, mich zu entschuldigen, da
723 886 2455 1020 ich keine Arbeit des Herrn Paul Kornfeld kenne und auch prin-
732 1020 2408 1114 cipiell solche Durcheinandermischungen des Sociälen mit dem
725 1085 2493 1177 litererrischen äusserst wenig liebe - würden sie mich betreffen
723 1175 2517 1293 oder einen anderen Dichter. Was hat das Urteil des Prinzen Reuss
723 1266 2325 1378 und der Gräfin Wydenbruck mit literarischem Wert zu tun?
716 1365 2358 1483 Welche Autorität auf irgend jemand in der Welt soll in der
725 1439 2481 1584 Übereinstimmung dieses Urteiles etwa mit dem meinigen oder dem
727 1539 1475 1660 von Gustav Klimt liegen??
716 1560 2302 1772 Will man sich durch Neuen von Lanten decken lassen, dann
716 1741 2475 1864 man rechtzeitig einen solchen Comité, lege denen, die die Wahl
718 1826 2419 1924 angenommen haben, die betreffenden Stuicke vor und lasse sie
718 1926 2385 2045 die Verentwortung mittragen. Alles andere ist Confusion der
709 2012 1539 2114 Begriffe und beinahe unsolid.
1508 2105 1924 2211 Ergebenst
1768 2177 2370 2323 A.
1564 2204 1700 2291 :V:S:
2412 2338 2490 2486 P.S.
1566 2343 2282 2540 L. Ullmann
725 2358 1544 2578 A dramaturgion
1157 2508 2508 2716 begelyen seit A. Lilding
870 2584 1103 2723 1.8 30
1410 2654 2596 2830 sind nominellen Comités
832 2728 1374 2830 aimez ou dee
846 2783 984 2922 de ces
1521 2768 2596 2976 für eine Kornfelde Aufführung.
