2250 3306
1581 623 1693 718 179
531 604 973 737 A.S. an H.v.H.
1057 700 1314 830 116
1350 702 1687 814 25.1.1908.
528 758 1917 899 Mein lieber Hugo, die Verhältnisse nähern sich sehr
531 876 1931 1000 allmählich dem soit disant normalen. Die "ohnung ist
540 973 1934 1082 desinfiziert. Olga schon viel ausser Bett. Heini noch
536 1066 1698 1187 nicht zuhaus; aber ich treffe ihn zuweilen.
536 1151 1959 1266 In etwa 10 Tagen wollen wir auf den Semmering (jetzt,
536 1243 1895 1371 heisst es, ist Influenza oben)und etwa 6 Tage oder
533 1348 1961 1464 länger, mit Heini oben bleiben-dann erst öffnen sich
536 1441 1881 1538 wieder unseres Hauses Pforten, Vielleicht sieht m
540 1531 1844 1639 sich vorher schon in neutralem Gebiet-? Ich möcht
536 1625 1892 1741 gern näheres über Sie, von Ihnen wissen, von andern,
533 1707 1723 1842 selbst wenn die Andern Richards sind, erfährt
1055 1799 1517 1895 Monsieur M. A. de
535 1796 1016 1901 doch nicht genug.
531 1865 1719 2005 Mit edler Geste schuppsen Sie mir den Gril
531 1972 1773 2101 Preis wieder zurück-immerhin bin ich froh, dass
526 2057 1805 2188 ihn direkt bekommen hab-es vereinfacht die Einbe-
524 2151 1865 2282 rung. Mit Interviewern soll man natürlich nie spre-
536 2268 1631 2387 chen (wenn man Ihnen nicht diktiert, wie
533 2334 1389 2458 tun). ja man soll sie nicht empfe.
