2255 3399
940 601 1143 731 83
466 617 893 747 A.S. an H.v.H.
1626 650 1742 764 107
1197 709 1601 854 Wien, 9.4.1900.
473 839 1763 946 Mein lieber Hugo, heute Vormittag habe ich Ihren
467 922 1794 1027 Papa gesprochen, und ihn zu meiner Freude so vor-
477 1014 1803 1114 trefflich aussehend und bei so guter Stimmung ge-
475 1079 1812 1202 troffen, wie nur einer sein kann, der morgen wieder
471 1175 1818 1303 aufsteht. Ich war gestern Früh gleich nach meiner
477 1278 1825 1383 Ankunft bei Ihrer Mama und fand sie schon vollkom-
458 1336 1839 1484 men beruhigt und hauptsächlich froh über die viele
469 1449 1845 1554 Sympathie von allen Seiten, die bei dieser Gelegen-
460 1511 1877 1652 heit sich aussprach. So weit ich (ohne Untersuchung)
464 1623 1902 1736 das ganze beurteilen kann, saheint mir eine organische
477 1709 1852 1819 Erkrankung (des Herzens) vollkommen ausgeschlossen;
457 1783 1825 1915 ich weiss nicht einmal,ob es richtig ist, von "An-
453 1865 1870 2005 fällen von Herzschwäche " zu sprechen; mir kommt der
460 1975 1807 2087 Vogus als der schuldige vor, und als ich heute vom
449 2070 1897 2184 Ihrer Mama von vagus Neurose sprach, sagte sie, Doktor
451 2152 1874 2267 Schandelbauer habe dieselbe Vermutung ausgesprochen.
442 2224 1769 2361 Jedenfalls dürfen Sie so vergnügt und unbesorgt
446 2327 1847 2466 weiterleben als vorher. Allerdings kommts mir sehr
