2250 3336
1556 628 1670 746 135
337 604 720 727 A.S. an H.v.H.
1100 698 1402 812 27.6.1904.
337 797 1836 905 Mein lieber Hugo, es ist nun doch endlich eine entschie-
348 870 1732 989 dene mässige Gelbsucht geworden, ich liege meisten-
353 974 1778 1096 teils und dass wir diese Woche nach Rodaun hinauskom-
342 1058 1728 1156 men können, ist leider ein Ding der Unmöglichkeit.
348 1131 1775 1242 Hoffentlich gegen Ende der nächsten. Sie hören natür-
340 1223 1266 1337 lich noch von mir. Grüss Sie Gott.
881 1311 1070 1425 Ihr A.
877 1434 1042 1496 ====
