2056 3255
300 620 710 784 A.S. an H.v.H.
836 633 1000 778 (48)
1228 658 1650 765 54
1214 715 1614 855 ne de Maubeuge,
472 769 840 891 G.H.F.D.D'Herrn mn
851 755 993 882 P.F.P.
1056 775 1452 893 Paris, 28.4.97.
293 859 1782 993 Lieber Hugo, an Fischer hab ich geschrieben, ich zweifle
293 947 1798 1054 nicht, dass er ohneweiters einverstanden ist. Warum aber
293 1060 1721 1148 glauben Sie, dass alle diese Sachen sich nur von Paris
300 1138 1717 1281 aus komisch anhören. Sie sind übrigens mehr ekelhaft
298 1224 1656 1364 als komisch. Wenn sich Clara nur nicht viel draus
312 1337 1786 1434 macht und sich nicht gar zu viel sekieren lassen muss.
314 1432 1781 1559 Grüssen Sie sie und Anna von mir herzlich. Ist es mög-
306 1526 1771 1635 lich, dass Minni an dem Tratsch zum Theil schuld ist?
317 1612 1689 1744 (Da wird sie mir ja auch was ähnliches anrichten?)
308 1721 1779 1844 Sonderbarerweise das einzige literarische, worüber ich
308 1809 1754 1930 hier ein bisl nachgedacht, ist das Stück, wo sie mich
308 1891 1798 2041 rettet. Aber sie ändert sich mir im Kopg, sie ist schon
312 1999 683 2102 beinah blond.
308 2083 1846 2217 Meinen Brief von gestern oder vorgestern haben Sie doch!
321 2178 855 2280 - Arbeiten Sie was?
312 2217 1796 2404 Eben komme ich von Verzaillee zurück und habe eine un-
312 2372 1654 2461 beschreibliche Lust nach Grün und Luft und Stille
291 2475 1796 2607 heimgebracht; eine so heftige Ungeduld, dass ich gleich
