2255 3335
1709 662 1838 777 191
498 694 911 792 A.S. an H.v.H.
1058 691 1188 797 123
501 733 1858 885 als meine intervention, so gern ich immer dazu war
504 834 1813 958 und bin. An dem Oedipus haben Sie hoffentlich in
493 921 1855 1054 Mpnchen viel Freude gehabt. Hier schicke ich Ihnen
504 1014 1850 1154 also das "Weite Land", das ich bitte noch durchaus
504 1132 1293 1246 als Manuscript zu behandeln.
504 1190 1588 1337 Auf baldiges Wiedersehen. Herzlichst Ihr
1555 1266 1775 1398 Arthur.
1009 1344 1161 1483 I
