2255 3399
882 615 982 687 85
1553 618 1677 718 114
375 631 788 768 A.S. an H.v.H.
1182 722 1591 822 7.6.1901.Wien.
378 786 1746 889 Mein lieber Hugo, Sie erinnern sich vielleicht die-
387 891 1806 1020 ser kleinen Kassette oder wie Sies nennen wollen, aus
384 971 1822 1080 Salzburg. Ich möchte gern, dass Sie irgendwo in der Ro-
391 1051 1810 1179 dauner Villa einen Platz fänden sie hinzustellen und
393 1159 1839 1262 sich dabei manchmal jenes Salzburger Tags beim Swatek
389 1268 1759 1353 erinnern;und anderer Tage auch. Adieu also und auf
396 1348 1857 1433 ein schönes Wiedersehen, spätestens zu Anfang des Herb-
389 1410 1835 1513 stes. Grüssen Sie Gerty, ich brauche Ihnen Beiden nicht
393 1504 1670 1633 erst zu sagen, wie viel Glück ich Ihnen wünsche.
387 1600 864 1710 Immer Ihr Arthur.
