2071 3129
1630 607 1717 712 43
382 609 750 703 A.S. an H.v.H.
916 679 1063 784 (40)
1169 698 1623 803 Wien, 23. Juni 96.
459 780 1836 867 Mein lieber Hugo, ich lege Ihnen einen Zettel bei,
471 855 1834 914 da steht darauf, wo ich für Briefe zu erreichen bin
461 902 1736 981 und bis wann. In Wien bin ich noch bis zum
461 946 1368 1012 Freitag (spätestens ) (3.Juli).-
464 977 1867 1057 Ich wollte eben niederschreiben, dass ich mich "freu
464 1030 1815 1112 und habe gezögert, weil die Freude nicht ganz rein
468 1071 1757 1122 ist. Es ist, durch heftigeres Erklingen früherer
464 1113 1799 1180 Lebensbeziehungen, in der letzten Zeit wieder man-
468 1166 1750 1223 che Unruhe xxxx in mich gekommen, die in manchen
464 1209 1724 1255 Stunden, besonders Abendstunden allein auf dem
461 1249 1745 1316 Land, schmerzlich bewegt. Nun weiss ich nicht, ob
450 1288 1769 1358 sich das da oben gänzlich beruhigen wird oder ob
459 1333 1804 1398 nicht vielleicht noch dunklere Traurigkeit kommen
464 1386 1817 1450 mag. Ich leide gewiss an einer gewisen (sentimen-
455 1438 1808 1488 talen!) Ueberempfindlichkeit für gewisse Begriffe.
459 1473 1797 1530 die Ferne, Einsamkeit, und Vergangenes. Das hängt
455 1511 1790 1607 wohl mit meiner mangelnden Fähigkeit abzuschlies-
452 1558 1666 1625 sen zusammen, Abzuschliessen in jedem Sinne.
459 1604 1797 1693 Fehler meines Lebens und meiner Kunst sind daraus
455 1658 790 1722 zu erklären.
459 1658 1776 1762 - Das Stück reiset natürlich mit; ist Ihnen noch
455 1748 1024 1806 was dazu eingefallen?
455 1761 1775 1871 - Ist das eine Ihrer Soldatengeschichten, die Sie
450 1836 759 1899 schreiben?-
443 1832 1775 1949 Sie hören sehr bald von mir und lassen mich wohl
452 1906 1717 2002 auch nicht lange ohne Nachricht. Empfehlen Sie
450 1970 984 2056 mich Ihren Eltern.
745 1988 1530 2089 Seien Sie herzlich gegrüsst.
937 2052 1040 2129 Ihr
1030 2091 1223 2174 Arthur.
881 2176 1080 2279 " =======
