2163 3351
1722 661 1811 765 76
450 704 856 788 A.S. an H.v.H.
1009 671 1148 841 (O)
1183 730 1740 873 Bad Gastein,23.7.98.
450 843 1936 990 Mein lieber Hugo, ich riskier noch ein paar Zeilen nach
457 970 1915 1072 Czortkow - Sie wiesen schon, dass ich bei Ihren Eltern
464 1049 1861 1157 war, die von viel Herzlichkeit gegen mich waren. Ich
455 1161 1785 1252 hab mich sehr gefreut. Die Sp(eyer) Mädeln haben
461 1261 1811 1332 mich herumgeführt und mirndie Stät en gezeigt, wo
457 1360 1776 1466 Sie gedeihtet haben - es war nur wenig Zeit, die
457 1443 1839 1542 Weilgunische Table d'hote drohte - und so kam eine
457 1525 1852 1649 rührende Hast über die Geschöpfe. Es ist was Hüb-
451 1622 1880 1726 sches um diese kleinen Unsterblichkeiten - über die
455 1718 1850 1811 grossen werden wir nicht so gemütlich plaudern kön-
451 1798 1536 1902 nen; fürcht ich; es wird zu spät sein.-
450 1897 1856 2004 Herrliches Wetter hab ich überall; hier ganz beson-
461 1975 1885 2105 ders. Montag fahr ich nach Salzburg. Warten Sie je-
446 2106 1936 2190 denfalls eine neue Nachricht ab, bevor Sie mir schrei-
457 2162 1766 2283 ben. Auf Richard scheints werden wir verzichten
450 2248 1828 2381 müssen - doch Sie allein werden ihn später haben.
457 2340 1724 2454 geht aus einem eiligen Brief von ihm hervor.-
466 2424 1778 2560 gearbeitet hab ich nichts, doch ist trotz allem
