2255 3399
927 589 1039 705 87
1552 613 1670 716 117
385 615 780 726 A.S. an H.v.H.
382 680 1695 811 der andere einzige Ort, wo man im Freien speisen
385 791 1641 900 kann, nachdem mir der dritte einzige Ort, in der
382 888 1344 997 Nähe der Weierburg, nicht zusagte.-
395 968 1675 1089 Viel Freude habe ich heuer wieder vom Radfahren
388 1067 1762 1164 gehabt und mich mehr als einmal an unsere Fahrt am
397 1162 1726 1245 Genfersee erinnert, die nun drei Jahre hinter uns
394 1251 1724 1354 liegt. Ich höre hoffentlich noch von Ihnenwehe wir
400 1331 855 1441 nun wiedersehen.
397 1406 1167 1518 Herzliche Grüsse Ihr Arthur.
405 1501 1772 1608 Wenn Poldi bei Ihnen ist, grüssen Sie ihn vielmals.
400 1578 1734 1682 Michel hat mir einen so netten Brief geschrieben.
412 1670 1780 1789 Auch Bahr, den Sie ja öfters sehen, grüssen Sie herz-
402 1779 1365 1891 lich. Und empfehlen mich Ihrer Frau.
993 1866 1104 1959 Ihr
1090 1937 1177 2053 A.
