2255 3399
893 572 1016 688 84
424 627 799 743 A.S.an H.v.H.
1706 629 1813 753 112
424 726 1766 831 auch ein junges blindes Ding mit ihnen, die wahr-
413 833 1784 931 scheinlich verrückt werden wird. Gestern hab ich mit
420 913 1779 1011 denen allen in ihrem kleinen Garten genachtmahlt.
420 1012 1706 1092 Die Schauspielerin hatte Nachmittag die Madonna
422 1081 1737 1192 Dianora studiert; der kleinen Schwester hatte ein
415 1165 1802 1293 20jähriger Verehrer "Gestern" aus Wien mitgebracht.
413 1264 1766 1369 Ich finde den Zufall hübsch, der es macht, dass Sie
417 1344 1828 1463 das gleich erfahren können; nichts beruhigt mehr über
415 1440 1793 1567 die Vielheit und Verwirrtheit des Lebens, als wenn
411 1525 1536 1612 man Fäden irgendwo zusammenlaufen sieht.-
402 1617 1761 1706 Sonst hab ich hier noch Dr. Redlich und seine Frau
424 1706 1826 1806 (die Königsbergerin) gesprochen; meine Anna und meine
406 1802 1730 1898 Schwester wohnen hier, Schwägerin und Familie in
411 1882 1866 1983 Edlach. Den Vormittag verbummle ich und verspazier ich;
408 1969 1799 2061 nur nach Tisch arbeite ich.-Wie denken Sie den Rest
411 2063 1846 2179 des Sommers zu verbringen? es ist sehr wahrscheinlich.
400 2137 1779 2246 dass ich anfangs August in Ischl sein werde; sollte
395 2241 1719 2324 man sich nicht irgendwo, in Salzburg z.B. begegnen
388 2295 1802 2422 können?-Richard arbeitet. Als ich bei ihm war, befand
391 2402 1686 2512 sich seine Frau nicht sehr wohl, doch scheint es
386 2476 764 2596 Paul Marx
