2250 3336
1477 610 1599 700 146
826 614 948 741 103
241 600 655 741 A.S. an H.v.H.
241 698 1624 831 sehr freuen, wenn Ordnung in die ganze Angelegenheit
241 804 1581 898 gebracht werden könnte und ich von England, Irland
237 876 1653 1003 und Schottland nicht länger missverstanden, verfolgt
244 976 793 1091 und geächtet würde.-
253 1066 1623 1156 -Vehse ist und bleibt ein kostbares Buch. Zudem stu-
251 1131 1605 1269 dier ich, des Ueberblicks halber, Geschichte wie zur
242 1215 1664 1352 Matura. Ich wäre weiter als ich bin, wenn ich ein ge-
251 1343 849 1425 bildeter Mensch wäre!
258 1397 1648 1502 Was ists mit Bichard?Seine Karte mit Paula und den
251 1477 1668 1608 Kindern aus Ischl hab ich bekommen. Von sich schreibt
258 1572 1483 1691 er nichts. Grüssen Sie alle, die mir lieb sind.
605 1677 910 1777 Herzlichst
267 1772 1712 1940 Gerty wird wohl auch an liebsten mit dem Zehn Uhr Früh
266 1915 587 2018 Zug fahren?
280 1933 1596 2071 Gestern Abend waren mir mit Bahr (Hietzing), dems
280 2032 1610 2129 recht gut, und was das wesentlichste ist, hoffnungs-
278 2093 889 2210 voll zu gehen scheint.
