2243 3351
1000 607 1158 736 (55
1552 642 1650 719 70
530 646 949 798 A.S. an H.v.H.
1226 727 1611 853 Wien. 4.10.97.
525 817 1919 923 Mein lieber Hugo, ich danke Ihnen sehr; Sie wissen
499 895 1949 1033 ja, dass es immer sehr wohltuend auf mich wirkt, wenn
527 1007 1886 1129 mich irgend was die Herzlichkeit unseres Verhält-
532 1101 2009 1220 nisses lebhaft empfinden lässt.- Es ist sehr schreck-
534 1185 1905 1292 lich gewesen;+ im Anfang so schrecklich, dass ich es
541 1272 1874 1380 gar nicht begriffen habe. In den letzten Tagen
538 1354 1929 1503 hat es sich rasch gemildert; besonders seit dem Au-
539 1444 1945 1598 genblick, wo ich erfahren, dass auch Sie zwischen Tod
547 1580 941 1657 und Leben war.
538 1652 1943 1763 Ich habe auch zu arbeiten angefangen; d.h. ich lese
539 1725 1943 1853 mein neues Stück durch und bin noch nicht drauf ge-
545 1842 1488 1925 kommen, wo der Hauptfehler steckt.-
545 1910 1896 2061 Das neue, was Sie geschrieben haben, möchte ich na-
543 2015 1848 2136 türlich sehr bald hören, nicht wahr, ich weiss es
552 2081 1912 2235 gleich, wenn Sie in Wien angekommen sind? Wie lange
541 2209 1894 2321 hab ich schon nicht mit Ihnen gesprochen! Das was
541 2268 1837 2415 Sie über die Rede von d'Annunzio gesagt haben,
539 2360 1846 2481 ist sehr schön.- Leben Sie wohl. Von Herzen Ihr
