2255 3335
1606 660 1725 757 197
513 639 918 783 .S. an H.v.H.
1035 686 1355 792 130 127
503 751 1772 881 In Concerte gehen wir nicht selten, ins Theater
501 863 1804 951 beinahe nie, aus persönlichen Gründen waren wir
503 932 1828 1035 bei der Novella d'Andrea- und ich habe es nicht
503 1016 1823 1151 ohne Bitterkeit empfunden, dass ich den Kainz nie
503 1107 1870 1224 werde den Sala spielen sehen. Denn das Burgtheater,
503 1201 1790 1324 wie Herr Schlenther an Fischer geschrieben, “re-
510 1289 1816 1434 flaktiert nicht“ auf dieses Stück. Brahm gegenüber
513 1417 1877 1524 (was Sie ja wohl wissen dürften) hat sich Schl.über
501 1475 1905 1601 das Stück sehr missfällig geäussert;scheint es aber,
504 1569 1893 1699 wie Brahm sagt, ganz oberflächlich- und wie ich über-
499 1651 1707 1785 zeugt bin-mit bösem Willen gelesen zu haben.
501 1749 1821 1890 Und nun, wann sieht man sich wieder? Wie wär es,
492 1835 1846 1937 Montag oder Mittwoch Abend in dem Hietzinger Re-
494 1940 1792 2072 staurant? Schreiben Sie mir, wann es Ihnen besser
487 2024 1872 2166 passt und ob auch Ihre Frau mitkommt. Und Richard?
492 2117 1876 2243 Ich höre und sehe nichts von ihm.- Sobald das Vet-
485 2210 1785 2340 ter ein dischen angenehmer wird, kommen wir gern
468 2305 1799 2411 nach Rodaun.-Das andere, das ich bald bekomme, ist
496 2383 1793 2532 wohl das Gerettete Venedig?-Leben Sie wohl, herz-
482 2455 681 2571 lichst
