2226 3383
579 716 1257 870 A.S. an H.v.H. 79
1179 833 1901 958 Wiesbaden, Freitag, 29.9.99.
607 940 2017 1045 Mein lieber Hugo, das geht schon so mit den Stücken.
607 1031 1999 1140 Am leichtesten sind sie wenn sie einem grad einfal-
605 1128 1950 1235 len,-da sind sie beinah fertig. Ueber meines will
610 1222 1899 1322 ich nichts sagen - mein Vertrauen wechselt; das
607 1280 1980 1407 höchste und wohl auch das höhere ist mir nun ein-
607 1377 1994 1470 mal versagt; ich will für die Momente dankbar sein,
614 1452 1941 1550 in denen ich eine gewisse innere Fülle empfinde.-
605 1526 1922 1642 Ich bleibe hier noch bis zum Dienstag, fahre dann
600 1636 1938 1712 nach Berlin (Hotel Savoy, bitte schreiben Sie mir
593 1713 756 1808 hin).
607 1787 1880 1919 Die paar Tage mit Beatrice (München, Nürnberg)
598 1889 1961 1996 waren ziemlich, ja ganz ungestört; eigentlich wirk-
595 1983 1931 2106 lich hübech. Seit zehn Tagen hab ich erst einmal,
602 2071 1959 2192 ganz flüchtig von ihr gehört.- In Frankfurt freute
593 2154 1940 2287 ich mich Paul Goldmann in sozusagen glücklicherer
593 2268 1934 2380 Stimmung zu sehen als je.- Hier leb ich ganz al-
600 2348 1884 2441 elin, in einem schönen, angenehmen Hotel, bin heut
593 2431 1987 2545 (immer schlechtes Wetter) zum ersten Mal geradelt;
575 2489 1952 2624 arbeite nicht wenig; habe natürlich zuweilen Stun¬
