2255 3399
902 565 1028 697 93
1576 556 1706 677 127
364 608 772 723 A.S. an H.v.H.
1027 690 1466 811 Wien, 26.6.1903.
361 728 1755 893 Mein lieber Hugo, aus Ihrem Brief muss ich entneh-
368 824 1744 977 men, dass unsere Karten von der Reise gar nicht zu
361 919 1795 1082 Ihnen gelangt sind. Ich habe Ihnen aus Venedig (auch
381 1006 1737 1171 Hans war auf dieser Karte unterschrieben) und aus
381 1094 1715 1250 Lugano eine (sogar versificierte ) Nachricht
382 1186 1852 1318 gesandt. In Lugano haben wir im Hotel du Parc gewohnt,
382 1294 1788 1418 und die liebenswürdige verheiratete Tochter der Ma-
392 1358 1857 1504 dame Böha zeigte uns die „Stätte“, wo Sie zu schreiben
390 1442 1859 1596 pflegten. Was war es nur, was Sie damals arbeiteten?
393 1530 1781 1669 Vom Wetter waren wir nicht sehr begünstigt; auf dem
393 1647 1799 1771 Generoso Nebel, Gewitter ;in Varese ein Platzregen,
404 1720 1733 1850 dass wir nicht bis zum Grand Hotel gelangten und
399 1810 1766 1936 lieber gleich zurückfuhren. Die andern Seen fielen
392 1920 1711 2028 sozusagen ins Wasser, was sie doch gar nicht mehr
403 1965 1790 2121 notwendig haben. Vor Lugano:Venedig (Hans zeigte uns
406 2066 1738 2209 einige Palazzi, die wir sonst gewiss nicht gesehen
395 2150 1790 2304 hätten), Segelfahrt nach Torcello (wenn Sie es nicht
397 2251 1786 2408 kennen, versäumen Sies nicht bei nächster Venezianer
