3543 3529
595 810 1515 968 in Cuisses. Raut des
614 954 1593 1134 in Sytteck in besse dort
616 1137 1515 1329 fice, da ist gerröhnlich.
618 1315 1405 1445 eine to schöne Zeit.
643 1590 1557 1735 Wm J jemalt rind
608 1760 1582 1932 nach Tirol geht, will
648 1939 1552 2121 ich alles hier, von für
668 2128 1634 2285 Vier Zeit an die gleiche
682 2288 1594 2429 Ort zu komm; ich habe
1794 779 2753 938 eine so schöne lieb (einntrag)
1780 934 2779 1090 an die Tage in Meldberg.
1794 1106 2781 1256 dass ich als auch schon ried
1796 1290 2185 1414 4 Jahre Sr.
1813 1496 2633 1630 Stil̃e dank für zu so
1810 1594 2833 1774 liebe Zeilen nach der Cistive.
1792 1783 2674 1942 Ein Mort schr und Arbeit
1834 1929 2833 2087 von Ihm (auf die Einschreibung
1806 2082 2810 2232 Da ich wir ganz zu sorgen
1762 2255 2790 2420 machen kann) das ist so
