3425 3689
2359 468 2524 659 10/1
871 594 2038 836 Hans Käller Breitensicin Am Semmering
1727 723 2040 856 10e Juli
978 814 2588 1038 mein lieber dritten. seben auf ich das Beel gelesen
849 954 2419 1146 habe, wollte ich ihnen in paar Worte über den
914 1082 2517 1262 Roman Theux sagen. Aber die lefte konnte war
845 1222 2608 1370 bei mir sehr unruhig, damit die beiden Opersprenz
849 1344 2402 1495 und verseliedenes Andere. Amt was ich
847 1415 2590 1588 dazwischen eine Woche in Selyburg, um Reinhardt
874 1557 2415 1707 bei einem Fölen zu helfen, dies vers aus dem
869 1643 2561 1825 Grund, weil es im Fall des Gebirgens- in Würk¬
900 1787 2552 1940 Geld einträgt ud til alles daran selgen möchte
896 1867 2473 2062 très Christiane in kleines Haus in Heidelberg.
876 2000 2659 2178 je laufen (nötigkeit in der bescheidenen Dimensionen)
865 2135 2552 2302 dem der Wohnverhältnisse doch sind unerträglich.
883 2266 2603 2488 Sie leben mit auf mit gewartet, um zu lösen das
2005 2441 2098 2519 P.S.
905 2428 2566 2614 Sie is eines Exvele in der es sehr wenige heisser
907 2548 2537 2747 gibt, in heissen der Eychlung sind. In allen
916 2685 2492 2878 ihnen kurzen und mittelgrassen bezahlungen ist.
907 2852 2570 2998 ein minderbar sicheres Mepjefüll wicksam.
914 2912 2512 3118 und dadurch, deut ihre selben hoffe, bleiben
929 3038 2555 3253 sie auch so sehr und lebendig in des Anwesung
