2255 3399
429 680 804 770 A.S.an H.V.H.
1652 686 1769 795 126
908 642 1056 810 (2)
1089 755 1516 868 Wien, 23.5.1903.
440 855 1868 947 Was ich Ihnen heute zu sagen vergass, lieber Hugo, ein
445 930 1882 1038 Fräulein Maria Lugin, Vorleserin, früher bei der Ebner-
438 1038 1877 1140 Eschenbach glaub ich, jetzt bei der Generalin v. Hüber,
447 1118 1911 1216 von sehr sympathischen Wesen, will im Herbst im kleinen
434 1224 1880 1317 Kreise (Saal des wissensch. Clubs) oder sonstwo, unge-
441 1299 1864 1388 drucktes oder möglichst unbekanntes von bessern Wie-
441 1377 1758 1499 nern resp. Oesterreichern vorlesen; bat mich, bei
441 1461 1855 1570 Ihnen für sie zu reden, was ich sehr gern tue. Ich geb
436 1561 1778 1669 ihr jedenfalls was, wenn ich was habe; kann ich ihr
438 1630 1353 1753 in Ihrem Namen Hoffnung machen?
855 1729 1348 1847 Herzlichst Ihr A.
