2226 3383
1546 690 1654 755 94
429 645 1048 792 A.S. an H.v.H. 75
1049 762 1278 856 14.7.99.
422 810 1838 977 Mein lieber Hugo, Montag reis ich wahrscheinlich ab.
438 941 1849 1062 Adresse: Velden, Pension Pundschu. Bin dort mit Mama
434 1055 1840 1154 und Schwester. Wassermann geht vielleicht mit. Von
438 1129 1790 1244 Richard hör ich wenig ; eben eine Karte; ich hab
445 1241 1833 1368 nicht den Eindruck, dass er in guter Stimmung ist.-
438 1321 1865 1475 Wie lang ich in V. bleibe?- 8-14 Tage. Möchte gern
448 1400 1840 1517 dann höher. Es bleibt hoffentlich bei Mitte August
456 1510 1861 1620 für uns 2; bitte schieben Sies nicht viel weiter hi-
448 1606 1843 1725 naus, wenn es geht.- Was für eine Art 5aktiges Stück
459 1703 1177 1819 ist das, was Sie schreiben?
457 1772 1879 1907 -Ueber alles, was ich innerlich durchmache, ist schwer
461 1866 1849 1980 zu schreiben. Es ist, wie wenn die Wolken nur tiefer
459 1973 1769 2104 und schwerer herabsänken, je aufrechter man geht.
456 2077 1000 2187 Herzlichst der Ihre
1025 2148 1186 2276 Arth.
487 2248 1019 2372 Grüssen Sie Minnie.
