2255 3399
478 629 899 755 A.S. an H.v.H.
1059 653 1159 744 83
1660 701 1779 792 108
465 725 1915 891 fraglich vor, dass Ihre Mama sich entschliessen wird,
480 827 1906 983 Ihren Papa zu Ihnen nach Paris fahren zu lassen; das
470 928 1895 1066 ist ganz begreiflich. Ich höre immer wieder, von Ri-
476 996 1904 1138 chard und von Ihrer Mama, dass Sie sich so wohl fühlen
469 1100 1906 1229 und mit Lust arbeiten, und so freue ich mich nicht nur
467 1183 1895 1325 auf Sie, sondern auch auf das, was Sie mitbringen wer-
461 1273 1851 1415 den. Ich war auf meiner Reise eigentlich nur in den
452 1336 1836 1496 Stunden ziemlich gut dran, in denen ich geschrieben
445 1445 1865 1583 habe; das Wetter war selten schön, nur in Regusa dret
435 1533 1784 1683 klare Tage, aber da wars für Raguze und für xxxx
441 1614 1825 1753 Anfang April doch zu kühl. In Apbazia hat es unun-
445 1701 1756 1871 terbrochen gegossen; dort war ich viel mit Georg
434 1782 1882 1921 Hirschfeld zusammen, zu dem ich neue Sympathke gefasst
426 1882 1804 2000 habe. Elly liebe ich aber noch immer nicht. Es war
424 1989 1878 2103 mir auffallend, wie viel ich auf meiner Reise geträumt
421 2065 1795 2179 habe; so lebhaft und bewegt wie nie, und meine Tote
410 2157 1810 2266 ist mir vier oder fünf Mal erschienen. Der sonder-
411 2238 1897 2393 barste von allen Träumen war der, dass ich träumten, ich
402 2323 1863 2465 hätte drei Träume gehabt, die mir den Tod vorhergesagt
391 2398 1758 2555 und erzählte jemandem diese drei Träume, nach dem
