2210 3287
1592 575 1677 650 87
407 582 825 735 A.S. an H.v.H.
888 615 983 731 70
1324 646 1602 789 Dienstag.
1065 763 1470 853 Anfang 99, 98?
408 832 1678 938 Mein lieber Hugo, ich wusste gar nicht, dass Sie
414 926 1659 1034 schon da sind. Morgen komm ich jedesfalls ins
415 985 1800 1145 Pfob und freu mich Sie endlich wiederzusehen. Pfob
417 1114 1699 1218 ist allerdings wenig. Vor Pfob will ich morgen
426 1213 1821 1319 komischerweise ins Jantschtheater zu Theodora, u.zw.
420 1284 1805 1425 hab ich mit Wassermann vor 28 im Vorraum des Thea-
434 1390 1821 1498 ters Rendez-vous. Vielleicht hat er eine geschenk-
434 1482 1757 1581 te Loge; ev. kaufen wir uns Billetts. Vielleicht
434 1567 1786 1691 sind Sie auch vor 1/8 im Vorreum. Eine gute Schau-
434 1661 1428 1784 spielerin soll die Theodora spielen.
440 1711 1805 1849 Mir ist es wieder innerlich recht miserabel gegan-
450 1817 1810 1943 gen; aber mit dem Arbeiten besser. Im 체brigen muss
443 1920 1753 2031 ich 체ber Burg mit Ihnen reden. Denken Sie, dass
448 2028 1720 2128 der Kakadn nicht unbetr채chtliche Chancen hat!
462 2102 1569 2236 - Aber des alles m체ndlich.-Von Herzen Ihr
1256 2179 1458 2325 Arthur.
