2280 3352
510 634 1111 766 A.S. an H.v.H. 52
516 722 1800 861 und wirklich nötig ists ja gewiss nicht. Schrei-
516 846 1795 951 ben Sie mir aber doch, wenn Sie können, näheres.-
524 903 1846 1042 - Könnten einem doch nur alle äusseren Sachen ab-
509 983 1809 1132 genommen werden. Es gibt ja so viel Leute, denen
519 1076 1872 1203 das so viele Freude macht und die nur dadurch, dass
507 1172 1846 1320 es äussere,ich meine administrative Sachen
981 1259 1068 1304 G.F.P.
516 1267 1774 1403 gibt, die sie zu besorgen haben, zum Bewusstsein
510 1372 1833 1490 ihrer Existenz kommen; - liesse sich das nicht ir-
512 1452 1870 1580 gendwie verteilen? Ich stelle mir ein Sekretariat,
512 1531 1908 1667 eine Agentur im grossen Stile vor, wo man all es fin-
507 1615 1863 1766 det, wenn man nur in 10 Worten mitteilt: diese oder
502 1703 1274 1816 Jene Schwierigkeit habe ich
537 1795 1491 1913 Auf Wiedersehen, Herzliche Grüsse!
1064 1893 1165 2004 Ihr
1167 1962 1379 2080 Arthur.
1016 2066 1179 2169 =========
