2105 3207
481 619 858 722 A.S. an H.v.H.
1568 637 1655 725 47
926 650 1060 761 (43)
1085 760 1433 856 Wien, 2.9.96.
484 844 1753 924 Lieber Hugo, Ihren so gemeinschaftlichen Brief
488 912 1748 974 habe ich in Berlin bekommen und hab mich sehr
489 950 1765 1012 darüber gefreut. Sind Sie noch in Alt-Aussee?
484 995 1816 1060 Jedenfalls sende ich Ihnen dahin meine herzlich-
489 1037 1798 1101 sten Grüsse und hoffe Sie bald in Wien zu sehen.
484 1088 1770 1143 Ich war in Berlin 4 Tage; das bis zur Unkennt-
481 1123 1778 1198 lichkeit umgearbeitete Stück hab ich dem Brahm
486 1176 1689 1234 vorgelesen, der es, nicht ohne ausgesprochenes
489 1216 1709 1274 Vergnügenugleich angenommen hat. Er wollte es
479 1256 1722 1330 schon im September aufführen, wogegen ich mich
479 1305 1133 1354 wehre; wohl mit Erfolg.-
476 1314 1763 1415 Auch in München war ich 2 Tage und seit Samstag
468 1395 1712 1446 Früh bin ich wieder zuhause, wo ich eben einen
471 1441 1735 1503 der wildesten Schnupfen durchlebe. So kann ich
464 1485 1677 1539 nicht mit der nötigen Geistesfrische auf die
476 1521 1772 1579 Vierzeiler antworten, obwohl ich mehr als dreifa-
474 1571 1563 1632 ehen Sinn darin erkannt zu haben glaube.
464 1604 1692 1672 Dass sich Ihre Hovelle nicht hören soll, belei
468 1631 1768 1737 digt mich - nur Richard soll das Vorrecht haben,
459 1704 1667 1762 Sachen zu lesen, die Sie für gelungen halten?
468 1738 1745 1815 Ich wollte, es käme mir einmal was von Ihnen vor
464 1791 1365 1850 Augen mit schönen jungen Fehlern!
464 1828 1692 1899 Wie kommen Sie plötzlich aufs Theaterspielen?
459 1878 1146 1951 Ich war ganz erschüttert!
461 1914 1722 1984 - Aber zusammensein werden wir hoffentlich oft
459 1962 1695 2044 und ohne dass, was Sie "Halbwahres" nennen, was
461 2025 1171 2073 aber was ganz anderse ist.
459 2037 1758 2123 Wüsst ich nur ganz genau was! In Opsala hab ich
459 2102 1607 2185 drüber nachgedacht - wirklich in Opsala! -
808 2141 1267 2221 Herzliche Grüsse
922 2191 1017 2266 Ihr
1004 2263 1211 2340 Arthur.
952 2350 1131 2438 orn...
