2057 2840
1615 334 1705 421 25
359 344 742 443 A.S. an H.v.H.
503 426 588 483 G.F.P.
712 413 843 479 G.C.F.P.
407 421 484 479 G.F.P.
706 422 980 546 26
1130 419 1472 528 Wien.2.8.93.
989 464 1104 526 G.C.F.P.
398 469 575 526 G.C.F.P.
362 520 1795 597 Mein lieber Hugo, ich las Ihren Brief an Salten. Dass
362 591 1778 638 Sie nicht in München, wusste ich, da ich Bahr sprach.
364 627 1729 685 Sie wollen im September hin? Nicht unmöglich, dass
368 659 1789 723 ich mich anschliesse; denn ich habe zur Waffenübung
364 706 1874 783 keine Einberufung bekommen, und dürfte auch voraussicht-
370 760 1055 815 lich keine mehr erhalten.
370 781 1829 869 Vorläufig bleibe ich in Wien; Mitte August fahre ich
374 847 1716 903 vielleicht mit Mama weg, mache auch eventuell eine
370 888 1819 956 Bioykletour mit Salten. Sie müssen Bic. fahren ler-
362 933 1776 1003 nen; ebenso wie Richard ; es ist wirklich ein gros-
364 967 1853 1042 ses Vergnügen.- Wien bietet mir jetzt einiges zu thun;
368 1006 1748 1074 eine kleine Cousine von mir ist schwer krank; die
368 1051 1748 1121 besuch ich 1,2,3 Mal im Tag; dann ab und zu irgend
370 1087 1817 1166 was anderes derstliches, so dass die Zeit zersplittert
370 1147 1761 1211 ist. Abends zuweilen auf dem Kahlenberg,wo Mama und
368 1188 1844 1256 Schwester wohnen oder mit dem Bic. da m oder dorthin.
413 1226 1806 1301 Die "lustige" Hovelle hab ich bis auf wenige Zeilen
366 1273 1722 1342 beendet, die ich erst schreiben kann, wenn ich Lust
370 1320 1767 1387 bekomme, das ganze Zeug wieder durchzulesen. Was ich
368 1350 1825 1436 zunächst schreiben werde ist unklar, - Am liebsten eins
364 1408 1752 1479 meiner im Umrisefertigen 3aktigen Stücke; aber ich
364 1451 1763 1534 stehe der dramatischen Kunst unglaublich mutlos ge-
362 1502 1716 1571 genüber; ja ich hatte in der letzten Zeit oft die
364 1547 1722 1624 Empfindung, dass ich überhaupt nie ein gutes Stück
370 1573 1868 1658 werde schreiben können. Gestalten und Szenenm, einzelne,
368 1620 1844 1697 wären da; aber mir ist, als hätt ich jedes strategische
374 1671 1701 1746 Talent verloren. Vielleicht hatt' ichs auch nie
366 1692 1825 1789 und hab nur aus meinen kleinen Schmerzen die grossen
359 1769 1663 1829 Dreiakter machen können; und seit meinen grossen
360 1804 1746 1891 Schmerzen werden mir nur die kleinen Hovellettchen
370 1846 1744 1932 gelingen. Wie leicht, wie mühelos hab ich vor 10,12
370 1881 1840 1971 Jahren geschrieben, - es kam zwar nie was Gutes heraus
364 1934 1727 2015 aber ich war damals vielleicht ein echterer "Poet"
377 1983 1686 2069 als heut. Denn heut nagen an meiner Poesie viele
360 2037 1021 2112 Würmer, z. B. das Leben.-
398 2060 1772 2153 - Wollen die mir nicht Ihre Pläne für den Res
362 2127 1772 2197 des Sommere mittheilen. Es ist nicht unmöglich, das
368 2157 1757 2264 wir uns begegnen können. Jedenfalls schreiben Sie
