2255 3399
917 576 1041 699 84
432 661 808 793 .S. an H.v.H.
1533 690 1637 793 110
884 731 1755 939 Beichenau bei Payerbach, Kurhaus,
880 860 1179 935 17.7.1900.
393 922 1819 1041 Mein lieber Hugo, wenn Sie diesen Brief bekommen, sind
395 1018 1760 1109 Sie schon wieder zurück von Ihrem kleinen Ausflug
397 1105 1782 1186 und haben hoffentlich alle Verdrossenheit verloren.
697 1162 932 1220 wirklich
399 1201 1782 1288 Ich wüsste nicht, was ich jetzt ohne Arbeit
397 1282 1817 1375 beginnen würde. Komme ich durch äussere Umstände, un-
389 1371 1727 1482 ruhige Verhältnisse durch einige Tage nicht dazu,
399 1445 1727 1550 wenigstens ein paar kurze Stunden zu schreiben, so
397 1537 1764 1655 versinke ich in eine wahre Schwermut. Hier bin ich
378 1633 1779 1736 nun im ganzen gut dran. Ob viel dabei herauskommen
386 1727 1808 1825 wird, bei dem nämlich was ich jetzt schreibe, ist xxxx
389 1819 1762 1900 ja noch nicht sicher, aber das wesentliche liegt ja
389 1893 1810 1993 wo anders. Nachher gibts ja beinah nur Aerger,ob ei-
378 1978 1788 2096 nem was gelungen ist oder nicht. Ich habe hier ein
378 2065 1838 2177 kleines Lustspiel neu geschrieben (dessen erste Fas-
378 2153 1863 2275 sung vor zwei Jahren in Tegernsee unter glücklichern
384 2242 1814 2360 Umständen entstand) und bin jetzt mit einer ziemlich
373 2338 1812 2428 sonderbaren Hovelle beschäftigt, die mir viele Freude
384 2406 736 2535 "Literatur"
376 2494 963 2616 (14) "Leutnant Gustl”.
