2185 3160
1406 564 1490 657 83
380 591 945 704 A.S. an H.v.H. (68)
897 616 1611 772 Dienstag.4.10.98. (Berlin)
382 759 1572 857 Mein lieber Hugo, heut vor der Probe hat mir
363 847 1792 929 Brahm Ihren Brief gegeben; er hat mir grosse Freude
354 900 1684 1040 gemacht. Von dem Vermachtnis hab ich nicht viel
354 986 1768 1131 Spass; die Sache ist die: das Stück ist nur so lang
363 1093 1799 1234 gut, als die "Heldin" nicht auf der Bühne ist. xxxx
359 1211 1731 1324 Erster Akt - und der dritte wieder, sobald sich das
363 1288 1749 1434 Frauenzimmer ins Wasser stürzt. Da sind alle übri-
370 1379 1754 1495 gen Figuren wie von einem Bann befreit, nachdem die-
370 1483 1738 1611 ses Gespenst angebracht ist, und reden vernünftige
361 1567 1599 1704 lebendige, menschliche,nahezu schöne Sachen.-
368 1663 1656 1790 Dabei ist mir heute passiert, während der Probe,
375 1763 1745 1884 dass mir das Stück ganz neu, in 5 Akten, dramatisch
375 1852 1745 1977 eingefallen ist. Wär ich anständig,so zög ichs zu-
372 1977 1797 2067 rück, wie es jetzt ist. Ich freu mich auf Ihre venez.
370 2060 1668 2152 Komödie; so wäre ja der Theaterabend fertig. In
379 2165 1763 2288 Wien find ich Sie schon; ich komme wohl Mitte näch-
375 2235 691 2349 ster Woche.
393 2288 1679 2438 - Mein Ohr stört mich wieder mehr als je. Solche
