2255 3335
1667 656 1799 766 193
379 677 764 805 A.S. an H.v.H.
948 736 1496 874 125 15.11.1910.
385 849 1764 985 Liebster Hugo, wir dürfen also annehmen, dass Ihr an
407 929 1794 1043 Montag kommt. Wollen Sie Ihren Papa mitbringen? Sie
390 1041 1796 1141 wissen, wie wir uns freuen, ihn bei uns zu sehen. Aber
398 1138 1892 1245 auch wie gern wir mit Euch allein sind wissen Sie. Also
390 1193 1823 1331 möcht ich’s ganz Ihnen überlassen, ob wir Ihren Papa
400 1281 1887 1407 auch zu uns bitten. Wenn ja, teilen Sie mir's (mit seiner
390 1409 1829 1506 Adresse) rasch auf einer Karte mit. Auch vielleicht.
400 1494 1201 1619 ob Ihnen Skopf angenehm wäre.
745 1582 1158 1690 Herzlichst Ihr
1128 1662 1214 1779 4.
