3524 3624
306 909 1349 1051 aber viel merkwürdiger, als neun
347 1002 1431 1200 man in einem Thal stünde uns
364 1125 1432 1329 durch die Stände der Berge hindurch die
371 1288 1423 1445 anderen Thäler gleichzeitig sehen würde.
318 1417 1342 1583 Auch der gute Goldmann ist mir sehr
334 1533 1390 1693 stark eingefallen und sein sonderbares
357 1677 1431 1823 schmerzliches Leben. Es ist merkrei edig,
382 1804 1327 1925 wie stück mein an Vergangens
378 1902 1487 2048 denken kann, wenn wenn so allein
394 2008 1447 2163 und abgeschnitten lebt, die ich hier.
353 2171 1355 2293 Mir ist eingefallen, wie mir der
371 2262 1458 2419 Goldmann gum ersten Mal von Nietzsche
373 2417 1455 2539 und von Bahr erzählt hat, das ganze
395 2564 1459 2687 Kleine Redactionszimmer und unse¬
1561 862 2697 998 wissen Begegnungen, und alles Kannes
1576 992 2553 1142 mir so unglaublich vergnügen von
1555 1128 2615 1252 uns so nett und alsmodisch wie eine
1589 1236 2560 1396 Geschichte aus der Jean Paul-Zid.
1547 1369 2583 1526 Wir haben doch in diesen zwar
1583 1506 2632 1643 Jahren sehr viele schöne Stunden.
1579 1640 2578 1801 gehabt. Wir haben sehr oft daß
1544 1774 2520 1940 Leben reich und groß gesehen
1565 1894 2552 2048 und waren im Stande, viele
1541 2059 2540 2204 Dinge auf einander zu beziehen.
1588 2197 2719 2324 und immer das sichs wieder verändert,
2182 2255 2638 2362 Au nouvelle avec les
1596 2313 2635 2461 des war deß schönste. Auch das
1631 2454 2695 2577 wir verneinander nicht zu viel
1626 2561 2557 2697 wissen und immer ein jeder
