3212 3592
1507 866 2538 993 nun im Wesen ihrer Composition, daß
294 927 1425 1069 der 2te Act aufs alles wirklich
1539 978 2640 1121 Ihnen gerade Weichs und das Schicksal.
284 1016 1279 1227 Dienerische neshalten, alle Wucht.
1562 1122 2680 1279 mäßige, Umbesendbare schwer wird
311 1184 1459 1376 elles Pathes, alle Grausamkeit und
1518 1288 2697 1453 (besonders wenn nicht eine weibliche
309 1367 1444 1522 aller inner Versöhnung, dann sind
1594 1390 2678 1568 figur das junge Kriegs.) deswegen,
1565 1553 2660 1680 muss aber gerade hier die Frauenvolle,
321 1524 1402 1699 der erste und dritte Act die den
1508 1664 2540 1802 ausgenützt werden (jetzt länft sie
338 1680 1474 1865 Vorgang nur von außer zeigen und
1561 1823 2657 1959 nutzlos, ja störend dazwischen) :
327 1853 1564 2003 in diesen sich ohne Verderbnis nicht
1582 1922 2615 2074 der gehaltene Ton, den der Held
295 2017 1474 2165 viel verinnerlichen lässt, gerichs¬
1564 2074 2701 2191 alle Männern gegenüber hat, kann
361 2196 1493 2322 fertigt uns gerettet, wie Fagenische
1541 2209 2663 2355 dem Mädchen gegenüber so völlig
304 2335 1496 2511 Laturuse wenn man hinter ihren
1605 2314 2546 2511 wegfallen wir etwa in einem
2489 2440 2580 2571 eines
1616 2471 2231 2614 Monolog:    ligt
349 2491 1433 2626 Bildern ein Licht anzündet. Es liegt
1639 2585 2711 2717 unterliche tiefe Coquetterie darin,
