3530 3672
1160 928 2026 1117 nicht miteilbar ist. In der
1057 1050 1143 1145 Fo
1077 1073 2013 1244 tiefen der Arbeit lignen sie und
1092 1196 2168 1355 auch in der Tiefen des Aufnehmenden
1064 1320 2229 1506 Lehns, und sind Ihnen bekannt
1316 1446 2002 1591 Et scheint
1099 1409 1435 1556 in mir aus.
1189 1527 1281 1598 G.C.H.P
1132 1517 2019 1692 in nausser Minuerten als das
1157 1611 2100 1816 einzig Naturliche, jetzt zu Thun
1086 1756 2136 1925 zu fahren uns Tage bei Ihnen
1533 1905 2152 2065 thäte es augenblicklich,
1140 1916 1442 2072 Je suis.
1117 2020 2071 2182 rière auf den Lande, mich
1127 2133 2226 2317 seitlich andauernd bei Ihnen über
1122 2227 2091 2411 Auch hält mich noch etwas zurück.
1137 2389 2200 2502 Hier Vater was dieser ganzen Scheuren
1127 2467 2182 2605 Sommer in Wien, ist jetzt bei uns und
1141 2560 2193 2699 feut sich auf imittel einschütende
1154 2635 2204 2767 Reise nach Samburg u. Regensagen,
