3946 3607
1430 621 3676 821 Zweck ich wenigstens vorläufig eine Einladung abgelehnt
1459 751 2423 934 habe, seine Sie doch sage
2449 766 3789 952 Robert Ehrhardt (V. Siebenbruach, 29)
1451 923 3629 1100 ausdrücklich einzuladen. Er geht der Trauer wegen fast nicht
279 972 1160 1163 szt in der ekelhaften obigen.
255 1079 418 1201 haren
1393 1044 3348 1294 in Gesellschaft und wurde gewiss zum kommen
383 1204 612 1407 Sugo
1462 1227 2060 1456 herzlichst Ihr
2124 1303 2463 1543 Loris
1364 1456 3569 1689 Ich denke sehr oft an die Nevelle von Weiben und möchte viel
1410 1668 3577 1813 mehr davon reden, als Geschicht. Sie haben uns gegen die
1419 1776 3754 1979 Geschichte. Ølengstens scheinen sie sie todtschweigen zu wollen
