2279 3223
549 674 1109 771 A.S. an H.v.H. 67
1587 659 1666 747 82
546 742 1186 857 (Ansichtskarte Bologna)
1293 798 1741 904 Bologna. 31.8.98.
537 870 1741 970 Mein lieber Hugo- ich freue mich sehr, meinem
537 948 1658 994 Einfall nachgegeben zu haben und ein paar
539 977 1898 1061 ital. Städte zu sehen. Wäre mir doch bald möglich,
542 1041 1851 1102 weiter und auf längere Zeit, und, ich glaub das zu
542 1085 1834 1137 wünschen. nicht allein.- Hier send ich Ihnen die
534 1127 1867 1188 zwei schiefen Thürme; der eine gehört dem Richard
586 1164 1822 1232 er kann wählen) ebenso wie Ihnen beiden meine
534 1218 1700 1276 herzlicheten Grüsse. Schreiben Sie mir nach
546 1261 1753 1337 Wien; ich bin wahrscheinlich Sonntag zu Hause.
733 1301 1046 1360 Ihr Arthur.
531 1315 1300 1425 Was für Prosa schreiben Sie?
