2250 3400
1728 624 1843 713 123
495 612 1121 767 A.S. an H.v.H. 89
1170 663 1568 821 Wien. 7.xx1902.
495 781 1794 929 Mein lieber Hugo, Ihren Brief hab ich mit meiner
516 881 1915 1004 Antwort zugleich an Bahr geschickt; habe mich gleich-
504 970 1878 1099 falls gegen monatliche Verpflichtung verwahrt, mich
513 1060 1871 1182 aber zu gelegentlichen, die Monatsrate übersteigen-
514 1160 1834 1282 den Beiträgen bereit erklärt. Ich fand den Brief
518 1240 1820 1358 der Frau D. von einer bemerkenswerten Taktlosig-
513 1362 678 1446 keit.
518 1392 1810 1562 Leider bin ich nicht mehr dazu gekommen, Sie vor
534 1493 1791 1629 Ihrer Abreise zu sehen;die Umzugspräparationen
523 1590 1770 1718 hatten begonnen; nun sind die Meinen natürlich
1207 1669 1297 1719 nur
532 1679 1892 1805 schon geraume Zeit herin; xxx fehltenleider vorläu-
532 1772 1880 1901 fig die meisten Möbel, wie das im Wiener Lieferan-
544 1841 1855 1972 tenwesen nun einmal nicht anders sein kann. Aber
539 1925 1901 2086 es geniert nicht besonders, und ich bin redht froh,
537 2016 1473 2161 dass wir so nah von einander sind.
534 2099 1913 2234 Mit dem Stück bin ich etliche Male stecken geblie-
546 2197 1817 2319 ben;heut ist die Arbeit seit längerer Zeit das
549 2300 1932 2401 erste Mal wieder besser gegangen, und ich werde wohl
555 2375 1883 2516 zu Ende kommen-wenn auch nicht in diesem Moment.
