3425 3689
640 414 2431 563 zurück gefunden, und nach jedem solchen Zurückfinden
713 538 2214 713 ist man ja vielleicht in stärkere Muth als
694 650 1889 811 wäre, wie ist halt nur eine Mieder-
1912 680 2387 827 in der Spruch.
720 774 2323 963 höher gekommen — So muß ich mich glücklich im
1470 907 1568 982 leurs
678 891 2319 1103 hat Ende Juli, daß eine Prodictisität über mich
916 1007 1014 1089 dire
678 1068 2398 1244 akorées in ƒ sie sich Jahre – ist esam tals eitigens
923 1124 1014 1206 G.F.P
1657 1145 1779 1246 dans le
2197 1176 2284 1241 vnd
734 1159 1496 1339 John – nicht gekannt habe;
1524 1204 2230 1363 sind Arbeiter Fertig
687 1337 2338 1498 Gewerde, leitet in mir aufgereist, noch anders Kort
666 1447 2309 1660 normitts schönen – ich gleich es ist einiges darunter,
638 1573 2366 1784 Aus die Ihre Beitell geben werde, et mir immer so
626 1706 2295 1924 waren u. mitreist und ein Kund aus wolkend ist
573 1891 2454 2120 So part ist dieses Zufrömen an Einfälben und so tiefer endlich
608 2013 2401 2223 einmal – die können meine beztere Theileroge Natur - die gehtmisch¬
1879 2043 2020 2111 G.C.P.
605 2094 2387 2286 Minderliche geordnete Stunde, dass ich Kreue in Schalt
1987 2146 2066 2225 P.
566 2223 2160 2426 hebsten habe, mich bei den Vorbe der, dabei ohne Sjette
2160 2284 2277 2422 be
549 2352 884 2515 witte se laipe
1183 2373 2302 2527 dort ofteidis eine des fünfte Re¬
542 2501 2225 2660 Wegen - to komm ich erst knagg er die kennen
1935 2513 2048 2595 P7.
2249 2503 2396 2672 de
584 2623 1454 2821 hoffe ich die nicht bald zu sehen.
1632 2620 2148 2812 in Uhr heraus war.
596 2751 919 2915 lich meinte
1082 2770 1402 2920 lferl ofte
1578 2882 1753 3088 &c
