2071 3129
439 622 869 735 A.S.an H.v.H.
984 656 1074 728 38
468 699 1760 803 Schweinen und weit über den Schnapsflaschen des
436 782 1637 850 technisch ausgezeichneten Heyden steht. Die
1653 778 1888 860 Meister-
436 830 1784 893 singer habe ich schon einmal gehört, heute wieder.
437 869 1800 936 Neulich Tristan, dem arger Schadt zugefügt wird, in-
434 921 1834 977 dem man sich einbildet, ihn ungekürzt geben zu kön-
437 952 1054 1000 nen oder gar zu müssen.
1106 961 1862 1022 An den Geschwistern und am
437 997 1877 1054 Clavigo hab ich mich trotz vieler Mängel der Darstel-
434 1029 1848 1095 lung neulich tief erfreut. Zum ersten Mal (in den Ge-
432 1079 1780 1135 schwistern) die Conrad Ramlo gesehen,die viel zu
434 1117 1828 1179 bedeuten scheint.- Heute wird Sedan gefeiert; Fah-
428 1169 1780 1226 nen, Wimpeln, Festzeitungen, Festvorstellungen.Men-
425 1196 1834 1280 schen auf der Strasse hin und her, geschmückte Stadt
427 1251 1744 1323 wohl auch einige von Stolz und Begeisterung ge-
425 1291 1771 1361 schwellte Herzen, die man zum Glück nicht sieht.
423 1337 1721 1405 Das andere aber ist ein helles und freundliches
421 1378 565 1441 Bild,
423 1391 1794 1506 - Freitag den 6. werdeich wohl wieder in Wien sein;
412 1479 1730 1529 Schreiben Sie mir von den Manövern aus, wenn Sie
412 1513 1714 1583 Zeit haben, noch eine Zeile dahin. Sagen Sie, wie
423 1561 1631 1613 ist denn eigentlich Ihr Rennen ausgefallen? -
425 1595 1760 1660 Von Paul und Richard, wie von mir die herzlichsten
412 1654 1809 1726 Grüsse, Jetzt wollen wir vor der Oper, nach Nymphen-
414 1692 756 1771 burg fahren.
783 1714 891 1812 Ihr
860 1766 1076 1848 Arthur.
916 1918 1117 1984 Oüngös
