2236 3336
1494 550 1775 673 90
422 600 1017 712 A.S. an H.v.H. 72
422 669 1744 775 sehr gut zu mir ; -ich möchte danken können.
428 758 1877 859 Eine Einsamkeit ohnegleichen - ich muss dran denken,
431 846 1900 980 wie ich doch immer die Menschen zu schildern versucht
428 965 1822 1050 habe, die ihr geliebtestes verlieren - es gibt eben
437 1033 1898 1162 etwas, das nicht auszudrücken ist- so gut wie die Ewig-
428 1125 1842 1244 keit, die Unendlichkeit:- die Einsamkeit.das Verein-
431 1230 1223 1353 samtsein; vereinsamt werden.
437 1318 1928 1452 Leben Sie wohl, liebster Hugo, Kommen Sie bald zurück!
442 1413 1794 1530 Bitte schreiben Sie mir nur äussere Vorkommnisse,
442 1520 848 1643 nicht darüber.
459 1600 1840 1732 Sagen Sie es Brahm und Hirschfeld, damit sich wie-
442 1710 981 1822 sen, wenn ich komme.
452 1784 1063 1928 Von Herzen Ihr Arthur.
1041 1887 1190 2019 aie
396 2097 493 2193 G.C.P.
