2252 3399
1704 673 1797 740 37
575 775 968 850 A.S. an H.v.H.
979 825 1106 915 36]
1190 841 1697 943 Marienbad, 10.5.95.
572 941 1792 1018 Mein lieber Hugo,ich bin in Prag gewesen,in
572 991 1811 1061 Karlsbad und nun bin ich hier, wo ich wohl bis
572 1036 1877 1100 Ende der Woche oder Anfang der nächsten bleiben
575 1075 1933 1143 werde. Dann erscheine ich in Ischl, Pension Petter,
584 1132 1952 1206 wo ich hoffentlich eine Nachricht von Ihnen finden
581 1184 1849 1231 werde. Diese Zeilen werden in einer Dachkammer.
575 1225 1861 1274 nein, eigentlich in einem Dachsalon geschrieben-
575 1250 1892 1345 zwei Fenster mit ebenso vielen Aussichten; beide
579 1308 1820 1372 stehen offen und alles papierne auf dem Tisch
581 1345 1918 1413 flattert und knittert.- Ich hab mich schon an man
584 1399 1910 1467 chem schönen freuen können und fühle mich im gan-
579 1449 1856 1518 zen wohl, ohne in irgend einem Augenblick zu ei-
570 1475 1784 1536 nem Hochgefühl gekommen zu sein. In Prag das
572 1511 1836 1592 merkwürdigste ein alter jüdischer Friedhof, der
579 1561 1847 1636 langsam versinkt. Seit mehr als 100 Jahren be¬
579 1595 1890 1677 gräbt man dort nicht mehr,und die Grabsteine und
572 1658 1824 1718 Sarkophage werden langsam von der Erde einge-
570 1699 1838 1763 schlürft. Einige sind noch zur Hälfte über dem
579 1742 1852 1813 Boden, von andern sieht man gerade noch die ober
570 1783 1881 1867 sten Ränder.Alle dicht aneinander, viele schief,
572 1838 1804 1899 manche gegeneinander geneigt,sich gegenseitig
572 1872 1813 1943 stützend. Darüber Stille nicht sehr hohe tief-
572 1913 1804 1988 grüne Bäume, mit so dichtem Laub, als wenn sie
570 1958 1838 2049 alle zusammen ein Dach sein wollten für diesen
572 2017 1163 2074 Friedhof, der stirbt.-
575 2031 1910 2115 Die othnographische Ausstellung: viel interessan-
581 2090 1786 2170 te Stuben und Costüme.- der Hradschin,da hat
572 2111 1861 2219 mir ein Führer erzählt, dass man im Volk in Prag
579 2185 1870 2247 den Kronprinzen Rudolf nicht für todt hält: ein
570 2224 1847 2286 Lutscher hat ihn im Jahr 91 sogar in die Aus-
572 2251 1942 2347 stellung geführt, ganz bestimmt, er hat ihn erkannt.
566 2320 1843 2397 - Ein Hofbediensteter, der gemessen und höflich
566 2360 1999 2440 erläutert. und der sich, wenn man ihm was unhöfisches
573 2411 1929 2485 passiert, schnell wieder derfangt. Z.B. wie er den
547 2447 1874 2531 Fensteretung berichtet; "Hier hat man die drei in
557 2495 1892 2603 den Graben hinunter geshhmissen, resp. henunterge-
597 2672 697 2769 nach
