2167 3318
1639 654 1720 756 62
471 617 1149 813 A.S. an H.v.H. (5 P)
924 745 1570 857 Ischl,8.7.97.
479 818 1779 968 Mein lieber Hugo, gestern ist Ihr Brief aus der
482 890 1842 1049 Fusch gekommen. Ich freue mich sehr, dass es Ihnen
493 1027 1836 1171 gut geht und weiss, dass manche von den Versen, die
493 1121 1763 1223 Sie "versuchen" Ihnen gelingen werden. Glauben
490 1201 1844 1351 Sie dasnicht selbst? Ich selbste schreibe an einem
508 1299 1833 1436 Stück, dessen zweiten Akt ich heute begonnen habe.
497 1404 1757 1524 Es ist nicht das, was ich mir vorgenommen habe,
503 1504 1903 1611 sondern ein anderes, das mir als Einfall bereits vor
517 1585 1934 1711 ein paar Monaten in Wien gekommen und mir plötzlich,
514 1700 1916 1825 in den zwei ersten Tagen meines Ischler Aufenthalte
512 1742 1997 1884 mit grosser Lebendigkeit,Seene für Seene klar geworden
515 1833 1999 1981 ist. Ich habe den ersten Akt mit viel Liebe geschrie-
525 1947 1838 2060 ben, bin gegen den Schluss misstrauisch geworden
530 2058 1897 2162 und fand ihn beim Durchlesen vorgestern blass. Aus
525 2108 1901 2261 verschiedenen Gründen ist die ganze Stimmung wie-
530 2221 1873 2344 der ins dunklere hineingeraten, aber die Hoffnung,
532 2322 1934 2418 dass es wieder besser wird, darf bestehen. Ich werde
539 2400 1957 2535 weiter arbeiten, wie man unter drohenden Wolken wei -
894 2474 1896 2620 Das doch eigentlich ein recht stupider
521 2511 874 2618 terfährt; (wie
