2226 3383
477 646 1106 783 A.S. an H.v.H. 78
1213 709 1593 832 Ischl, 8.9.99
484 844 1709 950 (Karte nach Alt-Aussee, Brunnthalers Gasthof).
478 928 1847 1061 Lieber, bin eben auf der Bahn, habe Stationschef ge-
480 1025 1740 1145 sprochen, der sofort Träger I rufen liess, welch
477 1119 1849 1244 letzterer sich absolut nicht an Ihr Futteral erin-
480 1213 1832 1329 nern will. Auch gefunden wurde es nicht.- Wohl in
485 1282 1784 1401 fremdes Coupé geraten?-Ich werde wahrscheinlich
489 1406 1490 1533 Sonntag Mittag bei Brunnthaler sein.
484 1490 841 1634 Herzlich Ihr
