2088 3143
377 609 763 721 A.S.an H.v.H.
1016 590 1179 734 146
1601 678 1690 751 50
380 702 1207 819 (Aus der Redaktion "Die Zeit")
1187 821 1561 925 Wien, 12.3.97.
361 888 1830 1041 Lieber Hugo, vielleicht könnten Sie sich doch entschli¬
352 959 1741 1134 sen bei dieser Veranstaltung zu lesen. Ich thät es
354 1079 1762 1215 hundertmal lieber, wenn Sie dabei wären. Das ist na-
352 1170 1684 1315 türlich kein Grund. Aber Sie wissen ganz gut, die
341 1230 1834 1399 Leute würd es sehr interessieren und, xxx man schon von
1357 1277 1469 1334 wenn
341 1349 1836 1508 solchen Sachen sprechen soll, schaden" werden Sie sich
331 1448 1741 1588 nicht, sondern die Menschen werden nur das Bedürfnis
320 1518 1690 1662 haben, Ihre Gedichte schön zu finden, auch wenn sie
326 1622 1785 1779 ihnen nicht gefallen. Ich will jetzt eben zu Hirsch-
318 1711 1734 1864 feld gehen, dass er vielleicht auch vorliest - schon
316 1830 1743 1923 um das Humme "Jung-Wien"-Geplausch zu parlysieren.-
307 1906 1387 2042 Antworten Sie mir vielleicht ein Wort.
295 2004 1817 2125 Mir wäre vielleicht eine Verschiebung zum Sommer lieb.
303 2095 1009 2203 Was soll ich denn lesen?
422 2173 914 2273 Herzlichst Ihr
914 2239 1141 2352 Arthur.
290 2303 1539 2451 Bahr grüsst Sie, Hirschfeld ist einverstanden.
