2041 2744
393 377 760 488 A.S.an.H.v.H..
1291 463 1683 564 Freitag 1893.
662 477 1152 584 e. A. Sonntag gibt Mann
388 542 1683 638 Liebster Hugo, Sonntag ist nichts bei mir. Viel-
388 629 1629 685 leicht komm ich um 8,19 zu Karlweis; Sie auch?
388 666 1683 737 Bitte sehr schicken Sie doch an Goldmann 75 Rue
393 722 1634 781 Richelieu Ihre Sachen. Er schreibt uns so oft
379 772 1657 828 drum. "Tizian" und "Thor und Tod" wenigstens.
400 797 1723 870 Von Albert ist in der Nouv. Revue eine Besprechung
388 848 1646 910 des Musenalmanachs, in dem Sie und ich mit sehr
393 877 1788 959 viel Liebe behandelt sind. (Le genial Loris etc.).
400 938 1702 1012 Vielleicht schreiben Sie dem Mann auch zwei Zei-
390 979 1326 1061 len (Henri Albert, 25 rue Jacob.)
390 986 1728 1078 Bei dieser Gelegenheit erinnere ich Sie an Ihr
388 1059 1594 1136 Versprechen mir Ihre Gedichte zu übersenden.
390 1085 1723 1180 Haben Sie Nachricht von Richard? Ich nur eine
388 1153 1326 1251 Correspondenz-Karte mit Adresse.-
379 1166 1718 1304 Sind Sie vielleicht Samstag Abend im Central, ich
388 1262 820 1323 meine, nach 107-
1283 1253 1407 1339 P.S.
388 1293 1166 1361 Wann gehen wir insversenal?
390 1286 1795 1403 Und, überhaupt, wann sehen wir uns wieder? Dass uns
388 1374 1709 1477 nur Trios zusammenführen, ist eigentlich komisch.
779 1422 1263 1508 Herzlich der Ihre
1166 1449 1384 1543 Arthur.
940 1555 1087 1623 orni
