2088 2679
415 363 730 448 .S. an H.v.H.
1568 368 1669 462 32
1057 504 1478 592 Wien, 18.1.94.
1214 564 1611 656 Donnerstag.
370 636 1656 721 Lieber Hugo, vielleicht kommen die beiliegenden
383 697 1705 760 drei Kammermusikabende Ihrem Musikbedürfnis ent-
378 746 1703 820 gegen. Icta Ihnen also recht, so möchte ich Ihren
374 798 1665 845 einen Sitz neben mir, womöglich Galerie nehmen.-
370 813 1692 894 Hier ist der Sitz für Mounet-Sully; 4 fl. 20; was
378 874 1559 927 freilich für einen armen Pichter viel ist. -
271 919 354 970 P.
359 898 1712 981 Sonntag werd ich vor dem Theater kaum zu Richard
361 961 1725 1019 können; (höchstens Sie von dort abholen), weil ich
374 1004 1750 1082 vorhern irgendwo (bei Wetzlers) einen Thee trinken
365 1049 562 1107 muss.—
365 1084 1727 1152 Herentgegen müsste es mit dem Teufel zugehen, wenn
365 1136 1756 1192 ich nicht heute Abends um 10 ins Café Central käme,
365 1183 1763 1230 wo wir dann immer ein Stündchen plaudern könnten -
368 1207 1817 1281 freilich nurwenn Sie dort sind. Für alle Fälle pneu-
361 1275 1790 1346 matisieren Sie mir wegen der Kammermusik und behal-
368 1315 1360 1380 ten mich in freundlicher Erinnerung.
818 1358 925 1425 Ihr
959 1376 1161 1470 Arthur.
943 1521 1089 1599 ======
