2120 3255
449 601 914 743 A.S. an H.v.H.
805 650 1130 788 (62)
1360 685 1691 786 1898?
447 756 1903 885 Mein lieber Hugo, mit den Aerzten sichts hier schlecht
458 852 1882 974 aus; am liebsten empfehle ich Ihnen Dr.Herschmann, der
463 939 1856 1043 wohl der gescheidteste ist, selbst einmal mit seinen
456 1013 1822 1148 Lungen zu thun hatte und jetzt ganz gesund ist.-Es
461 1104 1825 1221 thut mir leid, dass ich Poldi Andrian nicht in der
452 1184 1900 1337 nächsten Zeit sehen kann; ich denke doch, dass ihm man-
461 1284 1070 1408 ches auszureden wäre.-
452 1337 1867 1500 Heute fahre ich vielleicht mit Richard nach Gmunden,
458 1449 1765 1566 wo Freiwild ist; morgen nach Salzburg; übermorgen
456 1544 1789 1644 Früh beginnt die bereits angedeutete Radtour. Zwei
449 1640 1867 1744 kleine Schwäger und wahrscheinlich Wolzogen (Lumpen-
456 1724 1084 1849 gesindel) sind mit mir.
452 1822 924 1951 Herzlichen Gruss,
901 1900 1112 2029 Ihr A.
