3438 3688
799 535 2469 727 Dabie ist in ihrem alles mit sparsamen aber sehr
822 715 2460 892 reiner Parben gemält, die Absteifungen der
836 825 2542 1005 Farbe mit dem sichersten Insinut zugesetzt, also
843 944 2575 1103 Gange in nie grellbunt, nie aber niempf —
841 1056 2516 1198 von den ungeheure chystmischen Vorzeigte aber
829 1135 2710 1313 will ich gar nicht sprechen. Die große Lebenserzählen
836 1266 2673 1465 Theuse aber lei nuit besonders gefenelt und benlöstigt.
813 1378 2490 1556 Schon der Hoff gelöst ganz uns Brne. Inden
827 1472 2565 1659 Sie diesen Hoff wällten: das Leben eines Haener
867 1605 2691 1762 Fourenante – war selvn eine gange Wels hinspuellt,
857 1701 2551 1878 und ein grosser Rückkam von Aspecten, Freundungen,
843 1836 2511 2012 Gefüllen und gedanken tasen Halbgefühlen in
822 1927 2572 2098 versichenden Lesez gesichert. Ganz besonders perp
813 2061 2570 2224 aber tritt der Vorzug, einen Hof der Whytlmies
813 2163 2575 2357 zu geben, wodurch es Dritteg wird, Hile hervor,
787 2308 2495 2502 Eben ins dem schimpfen Leven monoten scheinen
825 2413 2631 2617 könnte, dass xxx sogusge die Tijus des Ulebnisses
839 2521 2649 2733 bis zur beabseiligten Ungähllbackies riedestals
825 2673 2490 2846 des het Ihnen eimöglicht, wie steykmisch¬
843 2768 2434 2944 kraft bis zum Tareberhaften zu entfalten.
813 2883 2518 3030 Es sind diese Torjeige, die in keinerse¬
850 3016 2455 3196 über viele andere Scheisbes Ähnliche, bis
846 3133 2089 3278 sein Unvergleichbarkeit erheben.
2168 3121 2532 3266 Für die
