2040 3031
474 677 836 787 A.S. an H.v.H.
1254 728 1618 820 Anfang 1891.
452 807 1731 886 Mein lieber Hugo, Fels befindet sich bereits bei
419 882 1781 935 ser; ernstere Besorgnisse sind nun wohl auszu¬
381 906 1821 979 schliessen. Hingegen wäre nun mehr Ihre s.Z. be¬
447 968 1835 1034 sprochene Liebenswürdigkeit sehr erwünschtt, und
447 1012 1874 1072 die Idee mit den Freunden ohne Namensnennung ist
434 1061 1874 1125 sehr gut, und rascher Durchführung zu empfehlen.-
425 1102 1799 1157 Die Arbeit Engländers ist über Solness; Schick
434 1146 1799 1210 richtete das xxx Ihnen übermittelte Ersuchen an
236 1232 364 1330 G.F.P
1224 1191 1607 1255 G.C.F.P.
1663 1188 1777 1250 G.C.F.P.
447 1199 930 1259 mich.—
390 1235 1755 1310 Was soll ich der akad. Vereinigung ins Exemplar
448 1279 1647 1340 schreiben, ich kenn mich da gar nicht aus? -
452 1336 1755 1389 Te....(unleserlich) erhält eins, sobald ich wie-
448 1382 1801 1462 der welche von Berlin bekomme, in ein paar Tagen;
452 1426 1755 1484 ich grüss ihn herzlich. -Sah heute im Gewerbemu-
452 1475 1717 1535 seum Ihr Relief, Plötzlich lag es da, zwischen
458 1506 1797 1579 einem pompejanischen Tischfuss und einem Nürnber-
458 1570 1751 1649 ger Hanswurst.- Ich glaube, es ist sehr gut, hab
448 1620 1358 1674 aber kein gutes Licht gehabt.-
448 1632 1746 1715 Salten soll Mitte März fort.- Familie beendet,
448 1700 1738 1762 trau mich nicht sie durchzulesen; fürchte mich
461 1731 1825 1815 vor der grausamen Gewissheit. Absicht: Ende Feber
452 1799 1746 1848 auf 10-14 Tage in die Wärme, von der Klinik und
452 1803 1826 1918 dem grauen Leben weg, das Stück im Koffer. Schrei-
447 1900 1728 1949 be jetzt "Verwandlungen",Novellette in Briefen
456 1934 1781 2017 und gehe heut Abend auf die Redoute, weil ich ein
430 1976 849 2051 Lebemann bin.-
661 2015 1277 2095 Ihr herzlich ergebener
489 2042 598 2106 G.C.F.P.
1252 2039 1460 2126 Arthur
448 2075 1764 2176 welcher Sie bald zu sehen und zu hören verlangt.
