2255 3399
842 548 1067 735 188
392 621 804 739 A.S. an H.v.H.
1568 595 1688 753 118
1085 682 1512 799 Wien, 29.3.1902.
385 791 1742 906 Mein lieber Hugo, da ich aus Ton und Inhalt Ihres
394 869 1840 996 Briefes entnehme, dass Sie wirklich, wenn auch in einer
399 984 1790 1071 von mir nicht geshnten, nicht für möglich gehaltenen
390 1056 1764 1178 Weise und wahrhaftig nicht ganz berechtigten Weise
396 1138 1761 1274 verletzt sind, so liegt es mir vor allem am Herzen
399 1247 1719 1345 Ihnen zu sagen, dass mir das beinah weh, nicht nur
394 1314 1764 1439 leid tut. Hätte ich eine Ahnung gehabt, dass Sie auf
394 1408 1837 1516 diese Frühstückssache irgendeinen beträchtlichen Wert
387 1516 1788 1615 legen, hätten Sie mir z. B. geschrieben: es wäre mir
394 1592 1713 1672 angenehm - es ist mein spezieller Wunsch etc.ich
385 1688 1840 1771 hätte natürlich kein Absagetelegramm an Sie geschickt,
385 1759 1810 1891 obzwar das mit der Unbequemlichkeit in den nächsten
385 1851 1790 1955 Tagen wahrhaftig keine Ausrede war. Ich glaube auch,
390 1928 1786 2067 dass ich nicht abgesagt hätte, wenn Sie mich zu sich
385 2029 1750 2153 geladen hätten, aber so spielte auch, halb unbewusst
387 2109 1728 2211 die Ueberlegung mit:“ein neues Haus,-ich, der gar
376 2194 1810 2296 nirgends hingeht“. Das letztere soll natürlich keine
385 2281 1793 2383 Entschuldigung sein, sondern wird hier nur beigefügt,
368 2369 1730 2490 das es zur Vollständigkeit gehört. Sie werden
