2115 3239
954 692 1310 829 Nog 106
1453 665 1612 827 153
390 694 907 838 A,S. an H.v.H.
395 789 1837 935 Aber sonst steht die Sache nicht so einfach, und Lin-
395 882 1848 1032 demann ist gewiss nicht so frei von Schuld, als es im
394 964 1901 1099 Brief des Fräulein Dumont an Sie in allerbestem Glauben
407 1070 892 1200 dargestellt wird.
409 1124 1934 1253 Insbesondere handelt es sich darum, dass L. nach der mat-
401 1234 1840 1371 ten Aufnahme des Stücks durch das Berliner Publikum
420 1325 1926 1454 weder von einer vorher, noch von seiner nachher zu zahlen-
418 1411 1896 1538 den Garantiesumme etwas wissen wollte, trotzdem vor der
422 1492 1875 1631 Aufführung - ich glaube, am Tage der Auffühnung - ein
422 1591 1953 1711 Telegramm von ihm eingelaufen war, das sich mit den letz-
439 1664 1897 1783 ten Bedingungen Fischers einverstanden erklärte,-womit
422 1776 1884 1896 nicht nur nach allgemeinem Usus, sondern auch nach dem
435 1846 1937 1994 Urteil juridischer Sachverständiger, ein rechtsgiltiger
439 1930 1856 2072 Vertrag zustande gekommen war,- und dass sich Fischer
435 2015 1943 2145 durchaus nicht hütet, die Angelegenheit auf dem Klageweg
439 2110 1871 2238 zu erledigen, (wie Frl. Dumont in ihrem Brief sagt) er-
445 2183 1937 2323 sehen Sie am besten aus den zwei Briefen, die ich Ihnen
445 2266 1865 2407 hier beilage und um deren Rücksendung ich Sie bitte,
454 2348 1859 2513 und aus denen Sie 1. ersehen, dass Justizrat Jonas die
443 2441 1894 2595 Forderung der sofortigen Zahlung der 5000 M. für be-
