2255 3399
924 599 1116 726 23 91
1530 576 1743 765 et les
403 673 818 781 A.S. an H.v.H.
403 740 1817 864 aber entspricht es nicht sogar dem Wesen Ihres Jaf-
412 830 1766 934 fiers besonders, wenn er diese Empfindung zu seiner
408 915 1823 1033 eigenen Rechtfertigung,in einer historisch-komödien-
412 1003 1777 1130 haften Weise, ausdrückt, vorträgt, ja die Szene damit
417 1116 655 1199 erfüllt?
415 1178 1837 1289 -Es war gestern wahrhaftig so viel von den paar tech.
408 1291 1770 1369 nischen Zweifeln die Rede, die rege wurden, dass man
412 1365 1800 1478 nicht dazu gekommen ist, das viele gute, ja ausseror-
424 1471 1745 1563 dentliche zu begrüssen, das Sie uns gegeben haben.
417 1538 1830 1653 Aber ich bin heute mit der Erinnerung an etwas pran-
424 1632 1832 1729 gendes, flutends, kraftvolles aufgewacht, als das sich
420 1706 1780 1805 Ihr Stück im Nachgenuss meldet; und finde insbeson-
424 1819 1777 1911 dere, dass Sie diesmal Ihrem Vers, ohne dass er an
427 1878 1701 2012 Schönheit das geringste verloren, das dramatisch
424 1943 1816 2084 hinstürmende verliehen haben, wie noch nie zuvor. Ich
426 2038 1837 2155 glaube an die Zukunft dieses Stücks auf dem Theater.
427 2142 1807 2259 Leben Sie wohl und freuen Sie sich nur, dass Sie so-
434 2252 1724 2324 was geschrieben haben. So gut wie man sich selber
433 2296 1793 2369 freut, -freut sich doch kein anderer-denn das beste
438 2340 1816 2443 an dieser Freude sind die Schaffenserinnerungen, die
433 2393 1060 2497 im geheimen mitzittern.
1040 2429 1145 2542 Ihr
