2185 3143
1611 541 1723 673 65
891 552 1018 691 69)
386 566 797 717 A.S. an H.v.H.
957 663 1361 793 Wien, 14.10.98.
383 760 1662 891 Mein lieber Hugo, es ist jetzt so grau und kühl
393 860 1785 987 und feucht, und ich bin so verschnupft und habe eine
395 981 1705 1079 ganz geschwollene Nase, dass wohl an eine Hinter-
393 1058 1743 1154 brühler Reise kaum zu denken ist, vielmehr vermute
393 1141 1777 1237 ich, Sie kommen früher nach Wien. Viele Grüsse hab
402 1234 1763 1347 ich Ihnen von Brahm.Harden und der Dumont zu brin-
398 1326 1735 1442 gen. Die Leute spüren doch ungefähr, wer Sie sind.
390 1416 1733 1531 Man freut sich auf. Ihr Wiederkommen, auf Ihr neues
395 1514 1684 1583 Stück, mir scheint, im Jänner sind einige Abende
397 1576 1714 1693 für Sie frei; (von den künftigen Monaten ganz zu
395 1679 724 1806 schweigen).
397 1764 1738 1888 Über meinen Berl. Aufenthalt mündlich. Der Erfolg
398 1860 1764 1966 nach dem 3. Akt war überraschend stark. Während des
393 1966 1709 2083 Akts hatte ich die Empfindung, das Stück ist hin.
426 2057 1768 2172 Da kamen die letzten Spaar Szenen, die wirkten un-
402 2138 1738 2262 mittelbar und sind ja wirklich aller Ehren werth.
402 2245 1580 2372 Aber aus welchen Tiefen steigen sie empor?
404 2332 1797 2473 - Im übrigen wird sich das Stück nicht lang halten;
