3524 3624
1580 633 2773 788 Ihre Tochter wäre mir unterlich lieber, aber
228 674 1458 819 übrigens, kunst kommt von können und
1623 710 2895 841 die ist in Loylon. Ich leſe Herren, Manpassant,
1605 760 2785 895 das Linzer Voltsblatt, Eichendorff und
241 755 1544 905 Korinen heißt schreibenkönnen. (Mod. Rundschau)
1628 841 2824 985 cette touchante histoire de petite Secousse,
273 859 910 983 5 u. 6 Heft, Seite 17... Eh)
1623 934 2892 1048 de manchmal so schön ist, qu'elle donne
247 937 1287 1051 So dumme fragen frage ich mir wenn ich
233 963 1540 1126 Gedanken denke statt mein Leben zu leben.
1636 1016 2759 1152 presque envie de pleurer, trag
251 1066 1492 1206 Ich möchte mich also verlieben, oder täglich
1658 1086 2830 1232 boulange, Myssi-, Woi- und
260 1159 1536 1273 larn-Tennis spielen, oder unimten egen Macao,
1613 1154 2903 1304 katholi-cismus. Ich habe gar keine eigenen
265 1240 1265 1356 oder sonst eine Beschäftigung erleben.
1637 1240 2720 1395 Empfindungen, citiere fortwährend in
241 1291 1514 1434 Sonst meid ich noch ein ganzer Politiker, wie
1660 1333 2816 1489 Gedanken mich selbst oder andere, habe
265 1365 1523 1512 der Sauhirt von seinem alten Vorstehhund endlich
1655 1421 2723 1569 auf die dumme letzte Scana von
309 1453 1546 1587 sagte, der aus Altersschreiche dumm geworden.
1688 1491 2900 1662 Gestern noch immer nicht fertig gebracht,
314 1536 1559 1668 ist. Der Sauhirt ist keine Fiction, sondern
1668 1606 2864 1748 daher aber von Goldmann, der immer
312 1606 1445 1735 eine liebster Umgang, seine Tochter aber,
1707 1668 2811 1836 auf der Eisenbahn zu sein scheint.
326 1678 1548 1826 das liebliche Saumensch, heißt Berenike (ubgeh.)
1691 1764 2840 1924 eine, soweit man so lesen kann, sehr
311 1766 1561 1899 Vroni) und war zu ihrer Blüthezeit Kellnerin.
1701 1836 2879 2013 herzliche Karte bekommen. Jetzt muß
290 1863 1574 1989 Außerdem lasse ich mir von einer alten Engländerin
1671 1938 2840 2117 ich pack in (ganz origineller Elegung!)
321 1961 1546 2072 auf nassk alten Spaziergängen viel erzählen:
308 2031 1577 2158 von der Mozambiquebai, er die Leute meistens
1683 2049 2930 2209 schreiben sie mir, immer verehrter Freund,
312 2112 1512 2254 Würmer unter der Haut haben (so war dort
1681 2156 2853 2295 botte, bald und geben Sie ihr Projut
330 2179 1470 2327 als junge Frau) oder von dem häßlichen
1719 2236 2930 2402 mich irgendwo zu besuchen, nicht auf.
317 2262 1561 2410 Boycoll in Irlam und den schönen rothhängigen
295 2342 1579 2474 Tocotten von Dublin (von denen spricht sie so gistig
1779 2379 2083 2526 Herzlichst
316 2409 1543 2570 get, wie uns einem ressentiment heraus, sie
2137 2414 2249 2552 V
301 2467 1610 2630 muß dort etwas unangenehmeß erlebt habest
308 2558 1592 2705 oder von Henry Tromy oder von Sir Laurence
1977 2563 2418 2689 Louis
335 2666 1297 2773 Riphant, dem großen Medicin.
