2252 3399
1621 668 1700 755 38
561 766 932 857 A.S. an H.v.H.
1057 773 1267 869 36
573 841 768 924 worfen"
573 871 1940 976 -In Karlsbad Wirkung der Kurgäste als Masse, wie
563 964 1886 1013 jeder das seine beitragt zum Eindruck: Welt-
561 990 1882 1052 kurort;- aber man darf sie nicht einzeln ansehn,
566 1044 1882 1094 wenn man das grosse spüren will -denn dann sinds
570 1088 1912 1139 Hochstapler, Zuckerkranke, polnische Juden, Gigerln,
561 1122 1893 1179 Besezny, Broda, Wilhelm Sandrock -allerdings auch
570 1165 1887 1225 bonnenthal (Uebergang,), einige wirklich elegante
566 1221 1889 1272 Menschen und ein paar entzückend schöne Amerika-
566 1250 1873 1313 nerinnen. -Ich bin aus K. bald fort -man kann
570 1286 1928 1362 dort nur zwei Tage oder vier Wochen bleiben.-Hier,
566 1339 1807 1416 in Marienbad, ist es behaglicher, und die Leute
566 1379 1912 1444 die hier sind, sind nicht so stolz darauf, dass sie
568 1406 1966 1493 da sind, wie in Karlsbad. - Ein grosser freundlicher
566 1476 1884 1535 Park, in dem hohe schöne Häuser stehen, die lauter
564 1516 1889 1595 Hotels sind, und ringsherum bescheidene Hügel, die
563 1568 1887 1640 sich freuen, weil man breite Wege zu ihnen hinge-
561 1611 1942 1681 führt hat, und Wälder, die sich freuen, weil so brave
573 1647 1817 1719 dicke Menschen in ihnen spazieren gehen; auch
573 1695 1840 1763 die Wirte und Kellner und Dienstmänner lächeln
563 1726 1891 1807 hier; während sie in K. alle sehr ernst sind und
573 1788 1844 1847 ihrer Würde nie vergessen können.-Hier hab ich
566 1810 1975 1896 Hänsl und Gretl im Theater gesehen, in K. den Armen
575 1868 1784 1930 Jonathan, in Prag (böhmisch) Dimitrij, Oper von
563 1907 1809 1998 Dworak und (deutsch) -Attaché mit Hartmann und
570 1963 1143 2017 Kallina als Gästen.-
563 1973 1954 2068 Heut fuhr ich nach Franzensbad hinüber. Leben Sie
563 2035 1868 2110 wohl, sagen Sie mir, wie Sie sich befinden, ob Sie
570 2054 1963 2145 sich immer mehr nach dem Herbst sehnen und schrei-
573 2124 1958 2191 ben Sie mehr sehr bald. Zum arbeiten bin ich noch
566 2161 1914 2254 nicht gekommen; Sie? - Aber ich freu mich darauf,
566 2222 1530 2310 und das ist eigentlich viel besser.
815 2261 1288 2329 Herzlichen Gruss
1274 2289 1365 2369 Ihr
1388 2312 1590 2399 Arthur.
559 2678 845 2767 nach sechs
