2200 3178
970 470 1065 524 Au
413 520 1030 651 A.S. an H.v.H. 68
415 611 1404 744 nenkateksamxx, gegenwärtige###
415 705 1757 801 schleichende, immer gegenwärtige und unaufhaltsame
408 792 1793 922 Dinge in uns sind doch die perfideste Art, wie Alter
405 916 1307 1002 und Vernichtung sich ankündigen.
424 942 1769 1073 -Leben Sie wohl. Das mit dem Thurm war ja nur ein
412 1061 1788 1171 Spass. Ich hab ja gar kein Recht. Ihnen einen Thurm
420 1166 1793 1256 zu schenken, der in Bologna steht. Und was für Sche-
405 1256 1309 1366 rereien hätten Sie an der Grenze
596 1338 1044 1456 Von-Herzen Ihr
1600 1380 1685 1499 P.S.
1030 1430 1240 1531 Arthur.
