<?xml version="1.0" encoding="UTF-8" standalone="yes"?>
<PcGts xmlns="http://schema.primaresearch.org/PAGE/gts/pagecontent/2013-07-15" xmlns:xsi="http://www.w3.org/2001/XMLSchema-instance" xsi:schemaLocation="http://schema.primaresearch.org/PAGE/gts/pagecontent/2013-07-15 http://schema.primaresearch.org/PAGE/gts/pagecontent/2013-07-15/pagecontent.xsd">
    <Metadata>
        <Creator>prov=READ-COOP:name=TrHtr:version=2.1.0:model_id=51170:date=25_07_2023_14:45</Creator>
        <Created>2023-05-01T21:59:33.058+02:00</Created>
        <LastChange>2023-07-25T14:45:16.972+02:00</LastChange>
        <TranskribusMetadata docId="1416441" pageId="54947336" pageNr="132" tsid="130684050" status="IN_PROGRESS" userId="64420" imgUrl="https://files.transkribus.eu/Get?id=VPNHYPJIUPDGVRXETAGSJLUH&amp;fileType=view" xmlUrl="https://files.transkribus.eu/Get?id=YXBHAWTVDQAPHTLSJQJFLQYA" imageId="44451419"/>
    </Metadata>
    <Page imageFilename="1416441_0132.jpg" imageWidth="2255" imageHeight="3399">
        <ReadingOrder>
            <OrderedGroup id="ro_1711830681440" caption="Regions reading order">
                <RegionRefIndexed index="0" regionRef="tr_1"/>
                <RegionRefIndexed index="1" regionRef="tr_2"/>
            </OrderedGroup>
        </ReadingOrder>
        <TextRegion id="tr_1" custom="readingOrder {index:0;}">
            <Coords points="376,574 1875,574 1875,1482 376,1482"/>
            <TextLine id="tr_1_tl_1" custom="readingOrder {index:0;}">
                <Coords points="919,688 970,690 989,681 1017,705 1026,705 1041,561 1022,563 1006,554 978,563 934,548"/>
                <Baseline points="934,633 949,633 994,627 1039,624"/>
                <TextEquiv>
                    <Unicode>931</Unicode>
                </TextEquiv>
            </TextLine>
            <TextLine id="tr_1_tl_2" custom="readingOrder {index:1;}">
                <Coords points="1583,649 1614,649 1624,657 1657,653 1684,662 1694,661 1703,651 1712,651 1712,590 1699,589 1681,596 1666,589 1653,600 1640,592 1624,598 1609,581 1583,587"/>
                <Baseline points="1594,645 1639,648 1684,645 1717,645"/>
                <TextEquiv>
                    <Unicode>127</Unicode>
                </TextEquiv>
            </TextLine>
            <TextLine id="tr_1_tl_3" custom="readingOrder {index:2;}">
                <Coords points="365,681 400,703 585,697 738,740 775,732 777,576 579,629 500,627 443,590 411,613 367,618"/>
                <Baseline points="376,680 421,683 465,683 510,683 555,680 600,680 645,678 689,678 734,675 779,675"/>
                <TextEquiv>
                    <Unicode>A.S. an H.v.H.</Unicode>
                </TextEquiv>
            </TextLine>
            <TextLine id="tr_1_tl_4" custom="readingOrder {index:3;}">
                <Coords points="1044,806 1255,788 1308,801 1352,782 1467,797 1469,684 1345,703 1186,681 1109,703 1046,701"/>
                <Baseline points="1054,749 1069,749 1114,749 1158,749 1203,746 1248,746 1293,743 1338,743 1382,740 1427,740 1472,743"/>
                <TextEquiv>
                    <Unicode>Wien, 26.6.1903.</Unicode>
                </TextEquiv>
            </TextLine>
            <TextLine id="tr_1_tl_5" custom="readingOrder {index:4;}">
                <Coords points="363,900 1686,841 1769,819 1773,731 1325,799 367,814"/>
                <Baseline points="376,860 385,860 430,857 474,857 519,857 564,854 609,854 654,851 698,851 743,851 788,851 833,851 878,848 922,845 967,842 1012,839 1057,839 1102,839 1146,839 1191,836 1236,833 1281,830 1326,830 1370,827 1415,827 1460,827 1505,824 1550,824 1594,821 1639,821 1684,821 1729,815 1774,815"/>
                <TextEquiv>
                    <Unicode>Mein lieber Hugo, aus Ihrem Brief muss ich entneh-</Unicode>
                </TextEquiv>
            </TextLine>
            <TextLine id="tr_1_tl_6" custom="readingOrder {index:5;}">
                <Coords points="378,970 1096,985 1232,922 1755,911 1758,830 994,904 380,902"/>
                <Baseline points="388,946 415,946 459,946 504,946 549,943 594,940 639,937 683,937 728,934 773,934 818,934 863,931 907,928 952,928 997,928 1042,928 1087,925 1132,925 1176,922 1221,922 1266,919 1311,916 1356,916 1400,919 1445,913 1490,913 1535,910 1580,910 1624,910 1669,907 1714,907 1759,902"/>
                <TextEquiv>
                    <Unicode>men, dass unsere Karten von der Reise gar nicht zu</Unicode>
                </TextEquiv>
            </TextLine>
            <TextLine id="tr_1_tl_7" custom="readingOrder {index:6;}">
                <Coords points="378,1065 1122,1066 1223,1020 1782,1009 1801,956 1234,922 1096,985 382,982"/>
                <Baseline points="391,1033 415,1033 459,1030 504,1030 549,1030 594,1030 639,1027 683,1027 728,1027 773,1024 818,1021 863,1021 907,1021 952,1021 997,1018 1042,1015 1087,1012 1132,1012 1176,1009 1221,1009 1266,1006 1311,1006 1356,1003 1400,1006 1445,1003 1490,1000 1535,1000 1580,1000 1624,1000 1669,1000 1714,997 1759,994 1804,994"/>
                <TextEquiv>
                    <Unicode>Ihnen gelangt sind. Ich habe Ihnen aus Venedig (auch</Unicode>
                </TextEquiv>
            </TextLine>
            <TextLine id="tr_1_tl_8" custom="readingOrder {index:7;}">
                <Coords points="384,1146 1694,1107 1751,1100 1753,1013 386,1083"/>
                <Baseline points="394,1117 412,1120 456,1120 501,1117 546,1117 591,1117 636,1114 680,1114 725,1114 770,1111 815,1108 860,1108 905,1108 949,1105 994,1105 1039,1102 1084,1102 1129,1099 1173,1096 1218,1096 1263,1093 1308,1093 1353,1093 1397,1090 1442,1090 1487,1090 1532,1087 1577,1087 1621,1087 1666,1087 1711,1084 1756,1081"/>
                <TextEquiv>
                    <Unicode>Hans war auf dieser Karte unterschrieben) und aus</Unicode>
                </TextEquiv>
            </TextLine>
            <TextLine id="tr_1_tl_9" custom="readingOrder {index:8;}">
                <Coords points="387,1255 915,1249 1118,1192 1727,1194 1729,1096 1358,1098 1249,1151 391,1155"/>
                <Baseline points="400,1209 433,1209 477,1209 522,1206 567,1206 612,1203 657,1203 701,1203 746,1200 791,1200 836,1197 881,1194 925,1191 970,1191 1015,1191 1060,1188 1105,1188 1149,1185 1194,1185 1239,1185 1284,1182 1329,1182 1373,1176 1418,1176 1463,1176 1508,1173 1553,1173 1597,1173 1642,1173 1687,1170 1732,1167"/>
                <TextEquiv>
                    <Unicode>Lugano eine (sogar versificierte ) Nachricht</Unicode>
                </TextEquiv>
            </TextLine>
            <TextLine id="tr_1_tl_10" custom="readingOrder {index:9;}">
                <Coords points="387,1327 1830,1277 1858,1186 389,1247"/>
                <Baseline points="397,1299 424,1299 468,1296 513,1296 558,1293 603,1293 648,1293 692,1290 737,1287 782,1287 827,1284 872,1284 916,1281 961,1281 1006,1278 1051,1278 1096,1278 1140,1275 1185,1275 1230,1272 1275,1272 1320,1269 1364,1269 1409,1269 1454,1266 1499,1266 1544,1263 1588,1263 1633,1263 1678,1263 1723,1260 1768,1257 1812,1257 1857,1257"/>
                <TextEquiv>
                    <Unicode>gesandt. In Lugano haben wir im Hotel du Parc gewohnt,</Unicode>
                </TextEquiv>
            </TextLine>
            <TextLine id="tr_1_tl_11" custom="readingOrder {index:10;}">
                <Coords points="393,1402 675,1432 1037,1419 1120,1369 1718,1365 1808,1347 1810,1275 395,1347"/>
                <Baseline points="403,1385 424,1382 468,1382 513,1379 558,1379 603,1379 648,1376 692,1376 737,1373 782,1373 827,1370 872,1370 916,1370 961,1367 1006,1367 1051,1364 1096,1364 1140,1361 1185,1361 1230,1359 1275,1356 1320,1356 1364,1356 1409,1356 1454,1353 1499,1353 1544,1353 1588,1353 1633,1350 1678,1350 1723,1347 1768,1344 1812,1341"/>
                <TextEquiv>
                    <Unicode>und die liebenswürdige verheiratete Tochter der Ma-</Unicode>
                </TextEquiv>
            </TextLine>
            <TextLine id="tr_1_tl_12" custom="readingOrder {index:11;}">
                <Coords points="387,1520 1871,1448 1871,1399 1790,1363 1258,1365 1083,1428 391,1417"/>
                <Baseline points="400,1472 442,1469 486,1469 531,1466 576,1466 621,1463 666,1463 710,1463 755,1463 800,1460 845,1460 890,1457 934,1457 979,1454 1024,1451 1069,1451 1114,1448 1158,1448 1203,1448 1248,1445 1293,1445 1338,1445 1382,1442 1427,1442 1472,1442 1517,1439 1562,1439 1606,1439 1651,1436 1696,1436 1741,1433 1786,1433 1830,1430 1875,1430"/>
                <TextEquiv>
                    <Unicode>dame Böha zeigte uns die „Stätte“, wo Sie zu schreiben</Unicode>
                </TextEquiv>
            </TextLine>
        </TextRegion>
        <TextRegion id="tr_2" custom="readingOrder {index:1;}">
            <Coords points="406,1467 1863,1467 1863,2360 406,2360"/>
            <TextLine id="tr_2_tl_1" custom="readingOrder {index:0;}">
                <Coords points="397,1581 965,1605 1249,1535 1784,1552 1856,1542 1860,1472 1600,1441 399,1522"/>
                <Baseline points="409,1565 430,1562 474,1559 519,1556 564,1556 609,1553 654,1553 698,1553 743,1547 788,1547 833,1547 878,1544 922,1544 967,1544 1012,1544 1057,1544 1102,1541 1146,1538 1191,1535 1236,1535 1281,1535 1326,1532 1370,1532 1415,1529 1460,1529 1505,1526 1550,1526 1594,1526 1639,1523 1684,1523 1729,1520 1774,1520 1818,1517 1863,1517"/>
                <TextEquiv>
                    <Unicode>pflegten. Was was es nur, was Sie damals arbeiteten?</Unicode>
                </TextEquiv>
            </TextLine>
            <TextLine id="tr_2_tl_2" custom="readingOrder {index:1;}">
                <Coords points="399,1662 1135,1681 1266,1633 1771,1624 1791,1563 1500,1535 1249,1594 400,1609"/>
                <Baseline points="409,1645 451,1642 495,1642 540,1642 585,1639 630,1639 675,1639 719,1639 764,1636 809,1636 854,1636 899,1633 943,1633 988,1633 1033,1630 1078,1630 1123,1630 1167,1627 1212,1624 1257,1624 1302,1624 1347,1624 1391,1621 1436,1618 1481,1618 1526,1618 1571,1618 1615,1618 1660,1615 1705,1615 1750,1612 1795,1615"/>
                <TextEquiv>
                    <Unicode>Vom Wetter waren wir nicht sehr begünstigt; auf dem</Unicode>
                </TextEquiv>
            </TextLine>
            <TextLine id="tr_2_tl_3" custom="readingOrder {index:2;}">
                <Coords points="397,1756 1137,1773 1426,1714 1808,1742 1810,1662 1566,1631 1072,1694 399,1672"/>
                <Baseline points="409,1735 424,1732 468,1732 513,1729 558,1729 603,1729 648,1729 692,1729 737,1726 782,1726 827,1726 872,1726 916,1723 961,1723 1006,1720 1051,1720 1096,1720 1140,1720 1185,1720 1230,1714 1275,1714 1320,1711 1364,1711 1409,1711 1454,1711 1499,1711 1544,1708 1588,1708 1633,1705 1678,1705 1723,1705 1768,1705 1812,1705"/>
                <TextEquiv>
                    <Unicode>Generoso Nebel, Gewitter ;in Varese ein Platzregen,</Unicode>
                </TextEquiv>
            </TextLine>
            <TextLine id="tr_2_tl_4" custom="readingOrder {index:3;}">
                <Coords points="402,1856 1740,1815 1742,1727 1341,1716 1199,1777 404,1760"/>
                <Baseline points="415,1821 445,1821 489,1818 534,1821 579,1818 624,1818 669,1818 713,1815 758,1815 803,1815 848,1812 893,1812 937,1810 982,1810 1027,1810 1072,1810 1117,1807 1161,1807 1206,1807 1251,1804 1296,1801 1341,1801 1385,1801 1430,1798 1475,1798 1520,1798 1565,1795 1609,1795 1654,1795 1699,1792 1744,1792"/>
                <TextEquiv>
                    <Unicode>dass wir nicht bis zum Grand Hotel gelangten und</Unicode>
                </TextEquiv>
            </TextLine>
            <TextLine id="tr_2_tl_5" custom="readingOrder {index:4;}">
                <Coords points="404,1946 1768,1897 1769,1838 1640,1801 1351,1804 1273,1858 406,1851"/>
                <Baseline points="415,1914 430,1911 474,1908 519,1905 564,1905 609,1908 654,1905 698,1905 743,1902 788,1902 833,1899 878,1899 922,1896 967,1896 1012,1896 1057,1896 1102,1893 1146,1893 1191,1893 1236,1890 1281,1890 1326,1887 1370,1887 1415,1884 1460,1884 1505,1884 1550,1881 1594,1881 1639,1881 1684,1881 1729,1878 1774,1878"/>
                <TextEquiv>
                    <Unicode>lieber gleich zurückfuhren. Die andern Seen fielen</Unicode>
                </TextEquiv>
            </TextLine>
            <TextLine id="tr_2_tl_6" custom="readingOrder {index:5;}">
                <Coords points="397,1996 552,2037 1282,2028 1375,1987 1725,1994 1727,1919 935,1954 827,1904 769,1943 397,1970"/>
                <Baseline points="406,1995 430,1998 474,1998 519,1995 564,1995 609,1992 654,1992 698,1992 743,1989 788,1989 833,1989 878,1986 922,1986 967,1986 1012,1983 1057,1983 1102,1983 1146,1980 1191,1980 1236,1980 1281,1977 1326,1980 1370,1974 1415,1974 1460,1974 1505,1971 1550,1971 1594,1971 1639,1968 1684,1968 1729,1968"/>
                <TextEquiv>
                    <Unicode>sozusagen ins Wasser, was sie doch gar nicht mehr</Unicode>
                </TextEquiv>
            </TextLine>
            <TextLine id="tr_2_tl_7" custom="readingOrder {index:6;}">
                <Coords points="397,2122 1293,2118 1570,2066 1751,2096 1790,1987 399,2033"/>
                <Baseline points="406,2087 451,2084 495,2084 540,2084 585,2081 630,2081 675,2081 719,2081 764,2078 809,2078 854,2075 899,2075 943,2075 988,2075 1033,2072 1078,2072 1123,2069 1167,2069 1212,2069 1257,2069 1302,2069 1347,2069 1391,2066 1436,2066 1481,2063 1526,2063 1571,2063 1615,2060 1660,2060 1705,2060 1750,2057 1795,2057"/>
                <TextEquiv>
                    <Unicode>notwendig haben. Vor Lugano:Venedig (Hans zeigte uns</Unicode>
                </TextEquiv>
            </TextLine>
            <TextLine id="tr_2_tl_8" custom="readingOrder {index:7;}">
                <Coords points="404,2197 935,2218 1524,2151 1742,2183 1744,2090 406,2122"/>
                <Baseline points="415,2174 448,2174 492,2171 537,2171 582,2171 627,2171 672,2168 716,2168 761,2168 806,2168 851,2165 896,2165 940,2162 985,2162 1030,2162 1075,2162 1120,2159 1164,2159 1209,2159 1254,2156 1299,2156 1344,2156 1388,2153 1433,2153 1478,2150 1523,2150 1568,2150 1612,2150 1657,2150 1702,2147 1747,2147"/>
                <TextEquiv>
                    <Unicode>einige Palazzi, die wir sonst gewiss nicht gesehen</Unicode>
                </TextEquiv>
            </TextLine>
            <TextLine id="tr_2_tl_9" custom="readingOrder {index:8;}">
                <Coords points="397,2280 1614,2268 1799,2245 1801,2164 1448,2218 399,2205"/>
                <Baseline points="406,2264 415,2264 459,2261 504,2261 549,2261 594,2261 639,2258 683,2258 728,2255 773,2255 818,2255 863,2252 907,2252 952,2249 997,2249 1042,2249 1087,2249 1132,2246 1176,2246 1221,2246 1266,2246 1311,2243 1356,2240 1400,2240 1445,2240 1490,2240 1535,2240 1580,2240 1624,2240 1669,2240 1714,2237 1759,2237 1804,2234"/>
                <TextEquiv>
                    <Unicode>hätten), Segelfahrt nach Torcello (wenn Sie es nicht</Unicode>
                </TextEquiv>
            </TextLine>
            <TextLine id="tr_2_tl_10" custom="readingOrder {index:9;}">
                <Coords points="402,2397 1081,2363 1149,2404 1788,2421 1790,2251 404,2299"/>
                <Baseline points="412,2347 451,2350 495,2347 540,2347 585,2347 630,2347 675,2347 719,2344 764,2341 809,2341 854,2341 899,2341 943,2338 988,2338 1033,2338 1078,2335 1123,2335 1167,2335 1212,2335 1257,2335 1302,2332 1347,2332 1391,2329 1436,2329 1481,2329 1526,2329 1571,2329 1615,2329 1660,2329 1705,2326 1750,2326 1795,2326"/>
                <TextEquiv>
                    <Unicode>kennen, versäumen Sies nicht bei nächster Venezianer</Unicode>
                </TextEquiv>
            </TextLine>
        </TextRegion>
    </Page>
</PcGts>
