<?xml version="1.0" encoding="UTF-8" standalone="yes"?>
<PcGts xmlns="http://schema.primaresearch.org/PAGE/gts/pagecontent/2013-07-15" xmlns:xsi="http://www.w3.org/2001/XMLSchema-instance" xsi:schemaLocation="http://schema.primaresearch.org/PAGE/gts/pagecontent/2013-07-15 http://schema.primaresearch.org/PAGE/gts/pagecontent/2013-07-15/pagecontent.xsd">
    <Metadata>
        <Creator>prov=READ-COOP:name=TrHtr:version=2.1.0:model_id=51170:date=25_07_2023_14:46</Creator>
        <Created>2023-05-01T21:59:55.110+02:00</Created>
        <LastChange>2023-07-25T14:46:13.270+02:00</LastChange>
        <TranskribusMetadata docId="1416441" pageId="54948057" pageNr="326" tsid="130684558" status="IN_PROGRESS" userId="64420" imgUrl="https://files.transkribus.eu/Get?id=HNSKVBSPCJDDUGACELPPRCJO&amp;fileType=view" xmlUrl="https://files.transkribus.eu/Get?id=WJUSJBJNHLOKYFTCAAUZXAMY" imageId="44452108"/>
    </Metadata>
    <Page imageFilename="1416441_0326.jpg" imageWidth="3560" imageHeight="3671">
        <ReadingOrder>
            <OrderedGroup id="ro_1711830827518" caption="Regions reading order">
                <RegionRefIndexed index="0" regionRef="tr_1"/>
            </OrderedGroup>
        </ReadingOrder>
        <TextRegion id="tr_1" custom="readingOrder {index:0;}">
            <Coords points="761,555 2775,555 2775,3096 761,3096"/>
            <TextLine id="tr_1_tl_1" custom="readingOrder {index:0;}">
                <Coords points="777,660 1881,622 2533,717 2533,558 2391,581 2239,522 2034,590 1382,528 777,597"/>
                <Baseline points="790,626 793,623 838,623 883,626 928,626 972,626 1017,623 1062,620 1107,620 1152,617 1196,620 1241,620 1286,620 1331,620 1375,620 1420,623 1465,623 1510,620 1554,620 1599,617 1644,617 1689,614 1734,614 1778,611 1823,611 1868,614 1913,614 1957,614 2002,611 2047,611 2092,611 2136,611 2181,611 2226,611 2271,608 2316,611 2360,608 2405,608 2450,608 2495,605 2539,605"/>
                <TextEquiv>
                    <Unicode>0</Unicode>
                </TextEquiv>
            </TextLine>
            <TextLine id="tr_1_tl_2" custom="readingOrder {index:1;}">
                <Coords points="747,790 763,790 786,809 831,788 847,797 861,797 868,665 806,665 772,651 768,656 754,654"/>
                <Baseline points="761,737 781,734 826,734 871,731"/>
                <TextEquiv>
                    <Unicode>341.</Unicode>
                </TextEquiv>
            </TextLine>
            <TextLine id="tr_1_tl_3" custom="readingOrder {index:2;}">
                <Coords points="1934,802 2000,799 2095,843 2150,845 2248,797 2471,827 2451,660 2357,647 2230,699 2054,656 1929,711"/>
                <Baseline points="1942,743 1987,743 2032,746 2077,746 2122,749 2166,752 2211,755 2256,758 2301,761 2345,764 2390,761 2435,761 2474,761"/>
                <TextEquiv>
                    <Unicode>Mittwenh. 6/11</Unicode>
                </TextEquiv>
            </TextLine>
            <TextLine id="tr_1_tl_4" custom="readingOrder {index:3;}">
                <Coords points="1287,1102 1310,1091 1355,1091 1392,1075 1421,1045 1487,1059 1471,934 1451,936 1430,925 1414,931 1378,918 1344,922 1312,906 1264,918"/>
                <Baseline points="1289,1023 1334,1029 1378,1032 1423,1038 1468,1044 1492,1050"/>
                <TextEquiv>
                    <Unicode>Arthies</Unicode>
                </TextEquiv>
            </TextLine>
            <TextLine id="tr_1_tl_5" custom="readingOrder {index:4;}">
                <Coords points="1476,1089 1501,1102 1517,1098 1526,1114 1533,1111 1549,1121 1601,977 1597,972 1587,972 1583,977 1542,977 1521,970"/>
                <Baseline points="1504,1056 1548,1053 1581,1026"/>
                <TextEquiv>
                    <Unicode>P.</Unicode>
                </TextEquiv>
            </TextLine>
            <TextLine id="tr_1_tl_6" custom="readingOrder {index:5;}">
                <Coords points="856,1082 909,1077 947,1105 1155,1100 1212,1125 1257,1123 1257,977 1177,1009 1155,995 1107,1007 995,988 945,1007 856,993"/>
                <Baseline points="869,1053 916,1047 961,1047 1005,1044 1050,1047 1095,1047 1140,1044 1184,1044 1229,1047 1262,1050"/>
                <TextEquiv>
                    <Unicode>meinliche</Unicode>
                </TextEquiv>
            </TextLine>
            <TextLine id="tr_1_tl_7" custom="readingOrder {index:6;}">
                <Coords points="865,1335 1253,1244 1692,1312 2259,1223 2624,1246 2701,1216 2703,1130 870,1203"/>
                <Baseline points="883,1244 913,1244 958,1244 1002,1238 1047,1238 1092,1238 1137,1241 1181,1241 1226,1241 1271,1244 1316,1244 1360,1241 1405,1238 1450,1238 1495,1241 1540,1238 1584,1235 1629,1235 1674,1235 1719,1235 1763,1232 1808,1232 1853,1229 1898,1229 1942,1232 1987,1232 2032,1229 2077,1226 2122,1226 2166,1223 2211,1220 2256,1214 2301,1214 2345,1214 2390,1205 2435,1202 2480,1199 2524,1199 2569,1199 2614,1199 2659,1199 2704,1193"/>
                <TextEquiv>
                    <Unicode>ich bin zurück, nicht nächstens wieder fort, und wünsche</Unicode>
                </TextEquiv>
            </TextLine>
            <TextLine id="tr_1_tl_8" custom="readingOrder {index:7;}">
                <Coords points="2665,1262 2676,1259 2683,1266 2697,1264 2703,1269 2722,1255 2731,1259 2742,1255 2749,1259 2756,1250 2769,1253 2767,1200 2749,1203 2744,1198 2731,1196 2708,1203 2674,1203 2672,1200 2660,1203"/>
                <Baseline points="2674,1223 2718,1226 2763,1229 2775,1226"/>
                <TextEquiv>
                    <Unicode>+</Unicode>
                </TextEquiv>
            </TextLine>
            <TextLine id="tr_1_tl_9" custom="readingOrder {index:8;}">
                <Coords points="834,1419 1105,1487 1300,1412 1715,1485 1904,1426 2387,1451 2642,1401 2644,1300 2362,1271 2107,1355 1560,1353 1351,1285 834,1378"/>
                <Baseline points="847,1399 880,1396 925,1399 969,1402 1014,1408 1059,1408 1104,1411 1149,1411 1193,1411 1238,1408 1283,1411 1328,1408 1372,1402 1417,1405 1462,1402 1507,1399 1551,1396 1596,1393 1641,1393 1686,1396 1731,1393 1775,1393 1820,1393 1865,1390 1910,1387 1954,1387 1999,1384 2044,1387 2089,1387 2133,1387 2178,1387 2223,1384 2268,1384 2313,1381 2357,1378 2402,1378 2447,1375 2492,1369 2538,1382 2538,1382 2557,1369 2602,1372 2647,1375"/>
                <TextEquiv>
                    <Unicode>wie recht sehr, Sie zu sehen und daß es unmöglich wirkte</Unicode>
                </TextEquiv>
            </TextLine>
            <TextLine id="tr_1_tl_10" custom="readingOrder {index:9;}">
                <Coords points="881,1619 1073,1592 1291,1656 1615,1660 1833,1590 2186,1576 2457,1640 2482,1480 1995,1444 1883,1489 1669,1462 1380,1521 1089,1480 884,1526"/>
                <Baseline points="894,1603 940,1587 984,1590 1029,1587 1074,1590 1119,1593 1163,1593 1208,1593 1253,1590 1298,1590 1343,1593 1387,1593 1432,1590 1477,1587 1522,1584 1566,1584 1611,1578 1656,1572 1701,1572 1745,1566 1790,1566 1835,1566 1880,1563 1925,1557 1969,1557 2014,1557 2059,1557 2104,1554 2148,1554 2193,1554 2238,1545 2283,1543 2327,1545 2372,1545 2417,1548 2462,1551 2483,1551"/>
                <TextEquiv>
                    <Unicode>einmal ganz ohne andere Münppe mäs.</Unicode>
                </TextEquiv>
            </TextLine>
            <TextLine id="tr_1_tl_11" custom="readingOrder {index:10;}">
                <Coords points="831,1842 2250,1772 2533,1861 2590,1838 2596,1656 1927,1704 1731,1642 836,1658"/>
                <Baseline points="847,1790 859,1793 904,1787 949,1787 993,1790 1038,1790 1083,1793 1128,1793 1172,1790 1217,1784 1262,1787 1307,1787 1352,1787 1396,1784 1441,1784 1486,1781 1531,1781 1575,1778 1620,1778 1665,1778 1710,1775 1754,1775 1799,1769 1844,1769 1889,1772 1933,1772 1978,1769 1978,1769 2023,1766 2068,1766 2113,1763 2157,1760 2202,1763 2247,1760 2292,1757 2336,1754 2381,1748 2426,1748 2471,1745 2515,1745 2560,1745 2599,1742"/>
                <TextEquiv>
                    <Unicode>Es ist mir mehr fast in selbes Jahr, daß man sich nicht</Unicode>
                </TextEquiv>
            </TextLine>
            <TextLine id="tr_1_tl_12" custom="readingOrder {index:11;}">
                <Coords points="2139,1938 2173,1934 2221,1970 2243,1970 2259,1952 2312,1952 2353,1938 2364,1950 2382,1940 2405,1945 2400,1861 2341,1858 2318,1870 2278,1858 2266,1865 2255,1858 2234,1872 2209,1861 2134,1868"/>
                <Baseline points="2148,1901 2193,1910 2238,1913 2283,1919 2327,1916 2372,1919 2411,1916"/>
                <TextEquiv>
                    <Unicode>pigned.</Unicode>
                </TextEquiv>
            </TextLine>
            <TextLine id="tr_1_tl_13" custom="readingOrder {index:12;}">
                <Coords points="881,1988 1125,1993 1250,1943 1419,1947 1501,2000 1788,1947 2182,2047 2161,1899 884,1904"/>
                <Baseline points="895,1939 940,1945 984,1945 1029,1948 1074,1948 1119,1948 1163,1948 1205,1951 1235,1942 1280,1936 1325,1936 1369,1939 1414,1939 1459,1939 1504,1942 1548,1942 1593,1945 1638,1945 1683,1942 1728,1939 1772,1942 1817,1936 1862,1933 1907,1931 1951,1931 1996,1931 2041,1931 2086,1936 2130,1939 2175,1942 2190,1942"/>
                <TextEquiv>
                    <Unicode>geschen hat. Die nahen, mit der eigenen</Unicode>
                </TextEquiv>
            </TextLine>
            <TextLine id="tr_1_tl_14" custom="readingOrder {index:13;}">
                <Coords points="886,2143 1102,2209 1330,2132 1922,2100 2539,2161 2596,2152 2596,2011 886,2061"/>
                <Baseline points="898,2116 901,2113 946,2116 990,2116 1035,2116 1080,2116 1125,2119 1169,2119 1214,2119 1259,2113 1304,2110 1349,2113 1393,2116 1438,2116 1483,2116 1528,2116 1572,2113 1617,2110 1662,2110 1707,2107 1751,2107 1796,2107 1841,2104 1886,2101 1931,2098 1975,2098 2020,2098 2065,2104 2110,2104 2154,2107 2199,2107 2244,2110 2289,2110 2333,2110 2378,2107 2423,2107 2468,2107 2512,2104 2557,2101 2602,2101"/>
                <TextEquiv>
                    <Unicode>verknüpften Münpper und die Natur – diese heilen</Unicode>
                </TextEquiv>
            </TextLine>
            <TextLine id="tr_1_tl_15" custom="readingOrder {index:14;}">
                <Coords points="877,2307 1628,2280 1943,2323 2394,2287 2416,2209 2047,2232 1906,2161 1672,2166 1373,2250 1203,2175 1123,2211 879,2161"/>
                <Baseline points="889,2280 898,2280 943,2280 987,2280 1032,2283 1077,2283 1122,2283 1166,2286 1211,2283 1256,2283 1301,2283 1346,2283 1390,2280 1435,2283 1480,2280 1525,2283 1569,2283 1614,2280 1659,2277 1704,2280 1748,2280 1793,2280 1838,2277 1883,2271 1928,2268 1972,2268 2017,2265 2062,2265 2107,2262 2151,2262 2196,2259 2241,2259 2286,2256 2330,2253 2375,2253 2420,2250"/>
                <TextEquiv>
                    <Unicode>sind mir immer als Gegenstand und</Unicode>
                </TextEquiv>
            </TextLine>
            <TextLine id="tr_1_tl_16" custom="readingOrder {index:15;}">
                <Coords points="859,2432 1141,2523 1339,2435 1701,2441 1808,2496 2073,2432 2337,2510 2564,2457 2564,2300 2471,2252 1870,2398 859,2362"/>
                <Baseline points="871,2423 916,2426 961,2429 1005,2426 1050,2429 1095,2432 1140,2432 1184,2429 1229,2432 1274,2429 1319,2429 1363,2426 1408,2426 1453,2429 1498,2420 1543,2417 1587,2417 1632,2417 1677,2420 1722,2423 1766,2423 1811,2423 1856,2423 1901,2423 1945,2423 1990,2426 2035,2426 2080,2426 2125,2426 2169,2426 2214,2426 2259,2426 2304,2426 2348,2423 2393,2429 2438,2429 2483,2429 2527,2423 2569,2423"/>
                <TextEquiv>
                    <Unicode>ein ganz gestellten Dörkes, immer bleibt etwas</Unicode>
                </TextEquiv>
            </TextLine>
            <TextLine id="tr_1_tl_17" custom="readingOrder {index:16;}">
                <Coords points="900,2662 1396,2653 1517,2601 1799,2649 1961,2590 2396,2633 2426,2482 2109,2462 1952,2512 1740,2471 1225,2555 902,2510"/>
                <Baseline points="913,2605 949,2608 993,2605 1038,2596 1083,2599 1128,2602 1172,2602 1217,2602 1262,2599 1307,2599 1352,2596 1396,2593 1441,2590 1486,2590 1531,2587 1575,2587 1620,2587 1665,2584 1710,2584 1754,2584 1799,2587 1844,2584 1889,2584 1933,2578 1978,2575 2023,2575 2068,2578 2113,2578 2157,2581 2202,2581 2247,2581 2292,2581 2336,2581 2381,2581 2426,2578"/>
                <TextEquiv>
                    <Unicode>zu menschen übrig – nach diesem Kreis doggelt.</Unicode>
                </TextEquiv>
            </TextLine>
            <TextLine id="tr_1_tl_18" custom="readingOrder {index:17;}">
                <Coords points="936,2840 1943,2751 2109,2804 2237,2744 2608,2797 2610,2651 2280,2701 1811,2640 1521,2722 1335,2635 938,2685"/>
                <Baseline points="949,2766 958,2769 1002,2769 1047,2769 1092,2769 1137,2769 1181,2772 1226,2772 1271,2772 1316,2772 1360,2766 1405,2763 1450,2760 1495,2760 1540,2760 1584,2757 1629,2757 1674,2754 1719,2751 1763,2754 1808,2754 1853,2751 1898,2748 1942,2748 1987,2748 2032,2748 2077,2745 2122,2745 2166,2742 2211,2742 2256,2742 2301,2748 2345,2748 2390,2751 2435,2748 2480,2748 2524,2745 2569,2748 2614,2748"/>
                <TextEquiv>
                    <Unicode>Hyrt Gen. - Olye Acht ein Freitag abend zu Co-</Unicode>
                </TextEquiv>
            </TextLine>
            <TextLine id="tr_1_tl_19" custom="readingOrder {index:18;}">
                <Coords points="927,2929 1116,2924 1230,2988 1633,2924 2501,2952 2583,2931 2585,2794 929,2835"/>
                <Baseline points="940,2915 978,2912 1023,2915 1068,2915 1113,2915 1158,2915 1202,2906 1247,2906 1292,2906 1337,2909 1381,2909 1426,2906 1471,2909 1516,2906 1560,2909 1605,2906 1650,2903 1695,2903 1739,2903 1784,2903 1829,2903 1874,2900 1919,2900 1963,2898 2008,2895 2053,2895 2098,2892 2142,2889 2187,2886 2232,2883 2277,2883 2321,2886 2366,2883 2411,2886 2456,2886 2501,2886 2545,2886 2590,2886"/>
                <TextEquiv>
                    <Unicode>kann. Es wäre mir recht lieb. Leibe um dergesehe.</Unicode>
                </TextEquiv>
            </TextLine>
            <TextLine id="tr_1_tl_20" custom="readingOrder {index:19;}">
                <Coords points="1915,3191 1940,3188 1963,3204 2032,3161 2059,3177 2079,3163 2109,3175 2100,3009 2032,3011 2018,2999 2006,3006 1954,2972 1936,2974 1929,2984 1904,2979"/>
                <Baseline points="1922,3077 1966,3077 2011,3080 2056,3086 2101,3083 2110,3086"/>
                <TextEquiv>
                    <Unicode>pyr.</Unicode>
                </TextEquiv>
            </TextLine>
        </TextRegion>
    </Page>
</PcGts>
