2056 3191
419 647 798 761 A.S. an H.v.H.
1637 676 1720 769 40
926 737 1029 850 38
1144 745 1574 865 München, 1.9.95.
414 844 1713 924 Lieber Hugo, Von Salzburg aus, wo Richard, Salten
421 909 1700 968 und die Salome zusammen waren, fuhren ich und S.
416 948 1729 1009 per Rad davon. Das war sehr schön. Man hat schon
414 988 1787 1055 ganz aufgehört, so mitten durch Dörfer und Flecken
416 1038 1783 1105 zu fahren, mitten durch das Leben und die Naivetät
410 1075 1731 1134 eines Ortes. Von Stationen aus, wo sich naturge-
410 1099 1823 1171 mäss künstliches sammelt, sieht man das alles schief.
405 1158 1835 1214 Auch die Landstrassen werden wieder lebendig, wachen
410 1193 1714 1247 auf, und man gehört mit zu den Erweckenden. Auch
397 1225 1772 1282 Zufälle gibt es wieder, und, das beste, man hält den
410 1267 1766 1339 Zug an, wo es beliebt. Dagegen fällt das mancherlei
397 1314 1759 1376 unangenehme, dass es regnen kann und dass man nass
392 1362 1711 1410 und kotig wird und stürzt, wenig ins Gewicht. Wir
386 1395 1766 1448 hatten darunter genug zu leiden, mussten sogar in
392 1434 1787 1508 einem Zollhaus stundenlang ein besseres Wetter ab¬
392 1485 1694 1539 warten. Amüsant war es, wie gerade an der xxxx
401 1515 1807 1589 bayr. österr. Grenze, zwischen Reichenhall und Lofer,
395 1572 1751 1629 Burckhardt auf einem Rad entgegenkam, der von Inns¬
395 1615 1788 1683 bruck nach Isohl fuhr. Bei diesem Menschen ist eine
381 1661 1787 1722 Mischung von "reinem Toren" und gefinkelten Diploma-
395 1714 1768 1764 ten sehr interessant, welche mir immer zweifelloser
392 1751 1809 1805 wird. Sein persönlicher Charme ist vielleicht dieses
384 1801 1781 1855 Durchleuchtetwerden eines verworrenen bunten selbst
395 1842 1757 1892 trüben Aeussern von innen her. Worüber noch eini-
388 1884 1809 1957 ges zu sagen wäre. Hier, in M. bin ich seit Donners-
395 1932 1748 1999 tag mit Paul Gldm. zusammen, der sehr gut aussieht.
386 1969 1726 2025 aber mit Schicksal und Aufsichten wenig zufrieden
386 2017 1855 2091 ist und insbesondere daran leidet, dass er seine eigene
388 2066 1759 2121 Tätigkeit nicht genügend schärzt, weil sie nicht in
388 2104 1848 2182 der wünschenswerten Weise anerkannt wird. Ist übrigens
386 2150 1714 2204 wie immer voll Verstand, Verständnis, Herzlichkeit,
384 2189 1866 2263 Freude am Schönen; wohltuend in dem was er bringt xxx
379 2256 1702 2311 und in der Art, wie er aufnimmt. Seit gestern
375 2267 1772 2365 Abend ist auch Richard da, und die Salome soll am 3.
375 2344 837 2404 oder 4, kommen.-
388 2374 1794 2442 im Glaspalast ist sehr wenig gutes, viel mittelmässi-
384 2428 1735 2494 ges und zu viel schlechtes. Viel mehr ist in der
379 2476 1672 2577 Secession zu sehen; manches, das weit über den
