2057 2840
370 368 760 486 A.S. an H.v.H.
857 407 1080 510 20/19
396 462 1825 581 will ich mir, mir ganz allein was vorspielen lassen!-
394 548 1761 638 Na, Sie wissen ja, Kulka hat ja das wichtigste über
396 611 1119 675 dieses Thema schon gesagt.
397 602 1840 716 - Wann wird man sich Briefe phonographieren können?-
396 675 1706 764 Die Zeit seh ich kommen, wo die Leute über unsre
401 718 1700 837 mühselige Correspondenzerei lächeln und staunen
403 788 815 850 werden.
401 811 1638 907 Auf dieser Seite steht nur mehr, dass ich Sie,
401 852 1527 959 liebster Freund, aufs herzlichete grüsse!
727 914 1104 979 Ganz der Ihre
607 929 708 999 G.C.F.P.
843 957 1047 1023 Arthur.
408 979 966 1073 Was macht hichard? -
408 995 1803 1113 - Mit Schwarzkopf war ich einige Male auf dem Land.
410 1043 1888 1167 Bahr ist verzweifelt;- er wurde einberufen und fahndet
403 1135 1119 1225 nun nach einer Befreiung.
957 1202 1143 1295 =========
