3524 3624
1746 649 2128 855 Auf seit 85
1044 748 2152 997 Ich danke zum wirklich für Ihrer Briefe
1070 931 2159 1080 Sie müssen ihn sehr schmer geschrieben
1074 985 2211 1194 haben. Ich habe das damals empfunden,
1085 1071 2055 1280 und empfinde es jetzt Wieder.
1103 1191 2129 1351 damals – um mich, als ich ihn
1095 1288 2249 1453 las, senden Robert und Olya
1111 1371 2218 1574 Hiespfeld, Schwarzkopf und Borio,
1107 1494 2165 1675 Tan.punk — berührte es mich wei¬
1114 1546 2261 1789 eine Erinnerung an Langstvergessene,
1629 1603 1810 1685 me
1344 1636 1582 1702 a lʼauteur de ses
1095 1693 2214 1899 Umreihbar-Erens. Sie fragten nach
1135 1793 2194 1973 meinen Arbeiten. Sie gedachten
1148 1896 2189 2086 Gemeinsamer Pläne. Um mich
1145 1996 2189 2154 Kind in mir waren neue Dinge,
1134 2105 2102 2294 Gleiten, Plutschern, Kieselen,
1178 2208 2274 2375 Auflösung, vnges Verschwimmen
1170 2332 2148 2507 Ich kenne nicht arbeiten. Heute so
1138 2415 2205 2580 wenig als damals. Nach weniger
