2024 3096
1520 656 1605 746 16
415 698 787 801 A.S.an H.v.H.
1095 772 1520 879 Wien, 29.7.1892.
476 866 1766 960 Lieber Freund, nachdem Sie Ihr Gedicht nicht im
483 934 1774 994 nhalt haben wollen, möchte ich auch jeden Titel
473 987 1766 1043 weglassen, und es nur im selben Druck wie alles
473 1026 1786 1095 übrige haben, jedoch mit oben weit freigelassenen
468 1071 1194 1141 Rändern.- Einverstanden?-
1614 1089 1699 1135 G.F.P.
476 1083 1801 1183 Vorgestern habe ich meine Novelle beendet.- Ich
471 1168 1726 1229 hoffe, sie wird, wenn sie erst durchgefeilt ist,
471 1199 1810 1284 als ehrenwerthe D Studie gelten können. Ich habe
466 1257 1730 1316 sie plötzlich zu Ende schreiben müssen, nachts
468 1296 1738 1357 im Café, während schläfrige Kellner bereits die
468 1340 1699 1407 Sessel aufeinanderthürmten. Ich habe sie sehr
464 1392 1709 1450 lieb gehabt -ich fühle mich ordentlich einsam
473 1416 1774 1487 seit ich nicht mehr darüber denken muss. (siehe
471 1460 1822 1538 Freund Y.), Nun will ich wieder ans Stück,
468 1513 1824 1602 - Eben hab ich Blumenthal und Reicher geschrieben
473 1566 1579 1622 - wie verdreht eigentlich die Welt ist! -
468 1578 1766 1667 Was macht Ihr Stück?- Ich wundere mich, dass Sie
471 1646 1842 1716 zugleich zweiten und fünften Akt schreiben können.
468 1697 1772 1750 So sicher bin ich meiner Gestalten nie! Es kann
471 1738 1778 1803 ihnen doch im dritten Akt was einfallen oder gar
471 1795 1788 1853 passieren, wovon ich im zweiten noch nichts rech-
471 1822 1837 1890 tes weiss. Selbst wenn eine genaue Skizze vorliegt
464 1868 1830 1926 usage ich es nicht und habe gewiss keine Lust dazu!
480 1921 1832 1984 Ich will mit ihnen weiterleben, und erleben Gedanke
468 1957 1818 2035 für Gedanke und That für That, wie sie selber. Ich
473 2006 1781 2078 darf manches vorausahnen, aber wissen darf ichs
461 2063 657 2138 nicht.
1219 2069 1417 2145 G.C.F.P.
683 2129 949 2220 Herzliche
1064 2208 1246 2298 Arthur
