2174 3404
1538 623 1633 694 17
389 643 824 771 A.S. an H.v.H.
869 709 1556 825 19 Wien, 6.8.1892.
405 800 1826 908 Mein lieber Loris, vielen Dank für den übersandten
409 849 1779 948 Brief. Be stehn gescheidte Sachen drin. Es ist so-
411 906 1784 988 gar möglich, dass xxx die H,x (?) mit all ihrem
409 942 1830 1046 Tadel recht hat: gewiss aber hat sie manches zu lo¬
418 981 1821 1088 ben vergessen. Dass sie den „Sohn“ so besonders gut
411 1050 1775 1134 findet, zeigt mir, dass sie ein wenig vom Berliner-
416 1079 1790 1182 Bölschetum beeinfluset ist. Ich habe den Eindruck,
415 1105 1815 1214 dass sie alles einzelne an mir versteht, wie das bei
416 1172 1790 1264 ihrer kritischen Begabung selbstverständlich - nur
405 1238 1101 1324 meine Atmosphäre nicht. -
415 1244 1881 1355 Das Anatol-Buch erscheint im Bibliogr. Bureau, Berlin.-
418 1309 1740 1392 Von Slumenthal hab ich Nachricht: 2. Quartal, d. h.
418 1311 1835 1437 Jänner-März 93 Etwas spät! Umso mehr als ich heut
424 1373 1848 1503 das Prag die Mittheilung erhalte, dass das Stück im
413 1417 1854 1534 Oktober drankommen dürfte! Zugleich hat man mir meine
416 1481 1819 1585 Eustspielevon dort retourniert, da sie für eine Pro-
268 1494 371 1594 G.C.P.
203 1572 278 1660 G.C.P.
420 1547 1143 1625 vinzbühne zu gewagt seien.
426 1550 1782 1662 Schupp ist Sekretär des Pressausschusses für d.
424 1655 789 1726 Chicago U.A.-
426 1645 1790 1788 Von Theodor Herzl hab ich einen reizenden Brief
431 1719 1854 1848 Vielleicht sehen wir uns doch im Laufe dieses Som-
435 1748 741 1806 bekommen.—
424 1788 1863 1901 mers. Ich habe nemlich keine Einberufung zur Waffen-
424 1824 1863 1947 übung bekommen, und fahre vielleicht Ende August nach
444 1907 1488 1985 schl.- Wohin gehn Sie im September? -
484 1892 1872 2034 Ich kam die letzten Tage nicht zum Schreiben; die
433 1965 1890 2078 äusserliche Thätigkeit stört doch. Hoffentlich bald!
435 2022 1808 2111 Sie kommen ja sicher mit den ganzen 5 Akten zu¬
310 2065 387 2146 G.F.P
177 2005 263 2091 P.P.
431 2084 1835 2217 Haben Sie Recht, von einem "herrschenden Novellen-
431 2107 679 2168 rück!—
431 2157 1821 2257 drema zu sprechen?- Berechtigung hat die Form ge-
444 2192 1793 2299 wiss - sobald nur ein bedeutender Mensch da ist,
442 2237 1817 2343 der daran Freude findet. Ueber den gewissen Funda-
446 2281 1773 2387 mentalsatz: „Das ist eben kein rechtes Drama, das
444 2321 1821 2425 nicht von der Bühne herab wirkt (oder gar "auf die
449 2363 1839 2504 Menge wirkt)“ hab ich mich immer geärgert. Eventuel für
606 2476 836 2599 Heyfeldt?
