2261 3400
283 417 400 487 Von
1531 661 1661 763 131
455 677 855 808 A.S. an H.v.H.
873 636 1099 804 1941
1195 770 1485 859 29.9.1903.
446 835 1777 944 Lieber Hugo, vielleicht sehen Sie Bahr in diesen
446 956 1708 1038 Tagen, und er käme Samstag auch nach Hietzing? -
449 1034 1857 1150 Wir freuen uns, dass es Ihnen Beiden bei uns behagt
418 1132 1875 1233 ist. Ihre sehr wahren Bemerkungen über Spiel und Ge-
453 1203 1420 1322 sang hat Olga mit Einsicht gelesen.
444 1282 1815 1395 Das Bild werden Sie haben; und einen schönen Rahmen
455 1369 779 1489 obendrein.
453 1454 1494 1587 Mit dem Arbeiten geht es nun vorwärts.
458 1543 900 1665 Auf Wiedersehen
837 1654 1043 1742 Ihr A.
