2250 3336
1551 571 1668 711 137
412 582 831 760 A.S. an H.v.H.
882 583 1088 770 [99]
1102 657 1516 802 Wien, 5.8.1904.
417 744 1792 882 Lieber Hugo, Ihr Brief aus der Fusch hat mich sehr
1428 840 1521 898 nun
437 849 1750 981 erfreut und ich bin begierig, was Sie mir eigent-
431 936 1757 1067 lich alles ausser dem Geretteten Venedig von die-
428 1029 1765 1173 sem Sommer nachhause bringen werden. In der Wärme,
449 1125 1786 1240 die uns umfliesst, in der Besonntheit der ganzen
442 1217 1757 1336 Atmosphäre muss doch etwas seltsam befruchtendes
447 1324 1855 1430 liegen, denn auch mir geht es so gut wie lange nicht.
447 1388 1769 1511 Es hat begonnen an einem der ersten Tage, da ich
449 1495 1804 1633 von meinem Unwohlsein wieder aufgestanden war - wo
465 1579 1832 1717 ich nachmittags eine ganze Hovelette niederschrieb,
447 1690 1828 1820 die mir (der Einfall bestand schon seit lange) Vor-
447 1771 1818 1896 mittags auf einem Spaziergang aufgegangen war. Dann
465 1881 1841 1998 arbeitete ich an dem Roman weiter, dessen Fülle ich
459 1973 1734 2073 ner mehr möchte beherrschen können. Vom 12.-24.
466 2036 1769 2169 (ungefähr) waren wir in Reichenau, wo ich auch in
470 2151 1724 2251 guter Stimmung weiterschrieb. Ausflüge Nasswald
482 2218 1739 2336 Rax. Rad beinah gar nicht -die vielen mühelosen
465 2298 1813 2434 Dahinraser im Automobil verderben einem die naiven
473 2405 1811 2567 Freude. Aber es wird schon wieder kommen, in fremden
