3160 3593
683 416 1600 689 Barlunce 14XI 25
563 687 754 854 369
786 653 1313 824 liebes besten.
812 786 2255 981 über Ernst ein Elures Brül: eine
901 907 2426 1130 Eychlag von Mrs Hand, und ich treue
905 1073 2350 1248 meil Äpeur darauf, sie ebends je
955 1192 2559 1351 lesse: ein Vyefühl (jenälit devel Hei ein¬
965 1323 2505 1491 silouen) soit mis, tin ne ai même
923 1431 2493 1622 besondere Lieblinge: Leisenbohj und Cassia,
955 1588 1301 1709 au grange.
989 1668 2456 1843 Seiten aber leben Sie in Berlin der
1001 1829 2460 2014 Tum bekommen? Fass Comt anis
989 1964 2354 2133 du sedemte, dass nicht zur diese
1035 2082 2462 2241 Cremplare eine vorläufigen, mehr
1021 2227 2400 2374 und Leionsausgabe sind eenige,
1057 2336 2549 2489 es tête mis leid, vein eines verlours
1096 2438 2400 2571 wœie. Wieder Sie zweituell
973 2561 2294 2736 Aus Esplanade ein reclamieren des
1043 2661 2511 2838 Wort schreiben? Thistagt viel darbe
1031 2778 2450 2985 diese Arbeitßendil ci Inne Hinden
1049 2917 2617 3102 je reis! - Sich bin, in großer Stille.
2123 3049 2517 3198 Mr Heyr.
1120 3065 1976 3226 sehr anhaltend fleissig.
