2023 3111
1505 626 1662 777 13
982 634 1089 746 14
338 670 790 776 A.S. an H.v.H.
390 746 483 820 G.F.P.
486 742 783 827 G.H.F.P.
1565 765 1678 832 P.
1056 740 1426 842 27.3.1892.
501 790 633 842 G.C.P.
397 809 610 888 G.C.F.P.
351 813 1694 922 Lieber Freund, es war mir sehr leid, dass Sie heute
358 906 1636 969 nicht kamen. Bölsche hat auch mir geschrieben.
354 943 1653 1012 auf eine Anfrage, ob man Gedichte einsenden kann
358 985 1676 1056 und was mit meinen "Elexieren" los sei. - Er will
358 1019 1761 1109 die "Elexiere" bringen, „so bald es geht“, aber "of-
351 1086 1680 1151 fen gestanden sind sie ihm nicht so lieb, wie die
354 1126 1614 1186 erste Novelle, sie sind lange nicht so aktuell.
358 1161 1750 1237 Sagt ich's nicht? auch die Herrn haben schon ihre
354 1211 1759 1285 hnopf. Wir brauchen ja doch "unser" Blatt!- Ich will
349 1269 1720 1324 übrigens das "Himmelbett" an Bälsche schicken.-
351 1292 1757 1375 Gestern sprach ich Herrn Leo Geiringer, den Dramatur
360 1350 1713 1422 gen des Deutschen Volkstheaters, der mich um mein
351 1378 1752 1463 Märchen gebeten hatte - ich sandte es ihm als "Priv
349 1433 1759 1516 mann".- Er sagte: "Wirklich ein hübsches Talent, ich
342 1498 1757 1569 muss nur bedauern, dass Sie sich dieser Richtung zu-
354 1553 983 1614 gewandt haben!
1003 1547 1135 1611 G.C.F.P.
1184 1549 1290 1607 G.C.F.P.
354 1588 821 1653 Ich?...! —?
1438 1593 1759 1690 Schlues ist
342 1593 1373 1692 Er: Bun ja, Sie werden doch zugeben, d
1667 1676 1778 1738 G.C.F.P.
349 1676 784 1750 unbefriedigend.
354 1683 1262 1771 Ich:...!.. in den Charakteren
1509 1717 1759 1822 nser Publ.
483 1733 1421 1829 Die Erfahrung lehrt nun einmal, das
363 1817 1161 1918 xxx. Wildente!!...
460 1817 717 1882 eto. etc.
404 1866 1646 1951 Den Einfluss merkt man auch deutlich.. ich
351 1937 1611 2037 will nicht gerade sagen, dass Sie abgeschrieben
354 1993 649 2059 haben...
352 2015 1167 2122 Ich! (umgekehrt geschrieben)
594 2044 1762 2166 Herzlichst der Ihre, und kommen Sie Diensta
354 2119 1114 2224 gef. sur Ba###schen Mystik!
