3532 3640
257 878 1500 1059 Anschauungen vom Wesen der Naturdinge.
1755 886 2966 1053 großem, schlanken Aufbau und grellen farbenflieb.
267 986 1577 1145 und das Menschen, aufzählend und anregen
1762 1001 2895 1146 Freskotechnik; ich hoffe vorläufig noch ganz
1764 1092 2900 1231 lebendige Psychologie in mir zu haben, um das
280 1082 1385 1204 wie keiner sonst, sodass sich einem die
305 1154 1441 1335 geheimsten, sonst erstarrten inneren Fiesen
1757 1163 3042 1348 große Gerippe mit lebendigem Fleisch zu umkleide
311 1251 1564 1457 regen und das eigentlich dämonische in uns,
1826 1305 2938 1439 arbeit ohne Scenarium, mit einzelnen
306 1367 1608 1543 das naturverwandte, dumpf und berauschend
1746 1390 3005 1543 siggestiven Notizen; geschrieben habe ich bis
621 1488 1552 1665 Einer Überschrift bei Goethe
1719 1523 3002 1680 jetzt ein paar Seenen aus dem 2ten und eine
301 1529 563 1701 willout.
1380 1621 1646 1757 süggeriert.
316 1636 1330 1808 irgendwo: „Urworte; orghisch
1762 1654 2918 1777 aus dem 5ten Act. Das ist zwar nicht viel
341 1736 1575 1913 mir immer den Dicht der Presse Hebbels.
1782 1770 1914 1834 P.S.
2877 1747 2961 1841 I am
1764 1719 2762 1942 aber ich sehe alles andere recht deutl.
1472 1795 1606 1904 G.C.F.P.
306 1832 1500 2012 Papa ist befriedigend wohl und grüßt
1759 1893 2677 2065 derbeite leicht. Was mich lockt in
1066 2030 1146 2071 G.C.H.P.
323 1970 881 2132 Sie, Bahr und Salten.
2168 1981 2613 2168 seinerlich hinricht
1798 2037 2125 2180 ich eigentlich
288 2049 1569 2243 Ich habe mich vor einer gewissen inneren Öde
2134 2117 2861 2288 dunkelglühende, dionysische
313 2153 1588 2342 und Abspannung in die Tragödie gerettet;
1798 2147 2080 2314 eigenthündig
2758 2220 2920 2376 Man
1773 2260 2700 2435 im Erfinden und Aufführen tragisch
324 2283 1641 2442 eine 5 actige Penaissence tragödie, dramatisierte
2613 2363 2874 2535 Lust, deren
1773 2387 2399 2545 in tragischen Situationen,
298 2369 1588 2545 Novelle, äußerlich in Stil von Romerin-Julie,
1809 2497 3041 2676 symbolisches Aequivalent etwa des Anhören
339 2518 1457 2690 für die wirkliche brutale Bühne gearbeitet, mit
