2163 3351
558 529 1236 641 A.S. an H.v.H.
1758 548 1852 635 77
569 650 1855 772 was bedrückt, eine gewisse Fülle in mir, ja sogar
477 740 1599 876 die Neigung dieser Fülle, sich zu ordnen.
525 846 1841 960 Ich hoffe Sie können mir bald sagen, wie es Ihnen
525 947 1916 1051 oder vielmehr dass es Ihnen besser geht. Was werden
531 1030 1867 1149 Sie schreiben? In mir ist der Streit zwischen dem
520 1122 1727 1231 Stück und dem Roman noch nicht entschieden.
569 1193 1911 1325 Leben Sie wohl - ich sende den Brief doch lieber
525 1304 1853 1401 nach Mödling; möge er Sie heiter und herzlich be-
522 1406 768 1496 grüssen.
844 1475 952 1579 Ihr
1026 1553 1241 1670 Arthur.
1080 1730 1231 1794 Gewaas
