2255 3335
480 620 900 738 A.S. an H.v.H.
1688 650 1823 738 192
1046 691 1188 824 124
1320 719 1647 844 10.11.1910.
474 777 1974 936 Mein lieber Hugo, Ihre guten Worte hätten auch schlimme
1274 878 1376 936 Nun
478 881 1881 1029 res wieder gut machen können! Hm aber hätt ich ein
480 980 1864 1117 rechtes Bedürfnis Ihnen wieder die Hand zu drücken
476 1081 1862 1210 und mit Ihnen zu reden. Wollt Ihr nicht einmal ganz
472 1152 1920 1302 gemütlich-vorläufig ohne Vorlesung-nur wir Vier-noch
482 1244 1944 1395 vor dem Medardus bei uns nachtmahlen? Wählen Sie einen
476 1330 1890 1485 Abend (der um ½7 anfangen kann) -anfangs nächster Wo-
474 1429 1903 1543 che von Dienstag ab; aber schreiben Sie rechtzeitig.
480 1520 1873 1675 (Die Medardus-Première ist gewiss noch nicht am 19.
471 1604 1416 1731 Vielleicht 23. oder 24. November.-)
807 1707 1229 1813 Herzlichst Ihr
1191 1789 1410 1924 Arthur.
