3438 3688
776 441 1457 741 Johann 9th 16
842 698 1467 886 mein liebes Lettres.
769 817 2589 1019 Liti, das Leibule, Hülewechselnde, Xlores wieder:
2320 975 2426 1088 ié
854 996 2300 1196 HierEennerde Wever sagt onir, dass
835 1152 2529 1343 chon eine ganze Weile geniet sind, indessen
893 1292 2398 1469 eil Sie noch in Deutalland glaubte.
787 1427 2580 1627 Sie soll mir uns freundlich verzeiten und mit
810 1588 2497 1760 immer etwas vertraucelich anlöcheln. Dem ich
849 1666 2699 1889 tete niet etwa in silleittes Physiognomeunged Äcker
884 1875 2667 2063 sonden etwas vil sondubareres. Meine Thantane
847 2013 2669 2148 verändert mis das Erinnerungstild, sie gestellt
851 2176 2424 2306 um, verstärft einen berümter sey, und
817 2270 2378 2444 tritt dann das Origineel von meil, ob
904 2364 2538 2577 weiget sich die Prantasie, die Idestit ist
865 2536 2515 2731 auzustimme. Il peiſse infolge disrer le
847 2690 2442 2880 einen Theetes oder auf de Zweifass nur
1528 2832 2529 3000 denn feriette, ich mit
858 2844 1494 3016 fiende Menschen,
2118 2972 2692 3140 une plusible
971 2993 1859 3183 ermeintlicher Gerichten.
