2255 3399
437 616 853 741 A.S. an H.v.H.
963 629 1070 719 86
1641 643 1764 745 115
1200 701 1513 830 Juni 1901.
436 788 1802 913 Jüdischer Millionäussohn, auf den Geldsäcken seiner
439 904 1853 972 Ahnen herumprotzender Komödiendichter, Freimaurer und
443 987 1822 1084 Erniedriger des k.u.k.Hofburgtheaters, das hat Ihnen
432 1081 1882 1166 noch gefehlt, dass Sie anonyme Schmähkarten anstän-
436 1157 1775 1254 dige, sich das Brot mühselig verdienende deutsche
437 1251 1883 1350 Dichter senden, die zeitlebens gegen die Macht des Ka-
434 1329 1826 1428 pitals, gegen die Ueberhebung der Grossen,gegen den
427 1395 1813 1531 am Mark des Volkes zehrenden Adel und Militaris-
419 1518 1835 1594 mus gekämpft haben! Aber ich werde mich nicht abhal-
436 1603 1818 1695 ten lassen. Das nächste Jahr geht es nicht mehr ge-
423 1670 1786 1791 gen die Infanterieleutenants, sondern gegen die Ka-
421 1762 1813 1896 vallerieleutrants, insbesondere gegen die in der Re-
421 1864 638 1956 servel-
418 1938 1822 2030 Wie gehts Ihnen? Schade, dass wir in Innsbruck nur so
418 2021 1838 2135 eneinander vorübergesaust und gesäuselt sind. Ich bin
412 2127 1840 2239 jetzt in St.Anton, friere, und hoffe bald in den Süden
416 2218 1840 2317 zu radeln. In Salzburg hab ich gearbeitet, jetzt weni-
419 2292 1802 2380 ger. Lassen Sie recht bald von sich hören, aber mehr,
427 2352 1858 2422 (An meine Wiener Adresse.) Die Schwestern grüssen Sie.
419 2395 1871 2480 Ich grüsse Sie herzlich und bitte Sie auch Ihre Frau
418 2446 1021 2503 zu grüssen. Ihr Arthur.
