2191 3288
451 711 878 820 A.S. an H.v.H.
1137 694 1671 842 Wien, 26.12.1925.
953 705 1137 858 138/
464 802 1869 932 Mein lieber Hugo, viel Dank für den Briefwechsel. Ich
468 890 1881 1029 finde ihn ganz besonders interessant, aufschliessend,
468 1004 1890 1108 anregend und - nebstbei, unglaublich amüsant. Ein wah-
468 1074 1916 1216 res Feiertagsvergnügen.. Ihr Schiller-Artikel in der
473 1176 1894 1292 M. Fr. Pr. war ganz ausserordentlich. Ich glaube nicht,
477 1263 1811 1392 dass es heute in Deutschland neben Ihnen einen
473 1354 1896 1462 Schriftsteller gibt, der im „Essayistischen“ (im höch.
478 1443 1903 1572 sten Sinn) an dieses Niveau heranreicht. In jedem Ab-
486 1538 1889 1657 satz, jedem Satz - spürt man den Dichter,- oder viel-
477 1619 1898 1741 mehr beide, Schiller und Sie,- (ohne dass Sie je "poe-
487 1727 1876 1846 tisch“ werden, was übrigens den Feuilletonisten eher
487 1817 1828 1930 passiert); es ist mir ein rechtes Bedürfnis, Ihnen
487 1917 1707 2015 bei dieser Gelegenheit wieder einmal - ach mein
496 1989 1736 2132 terlässt es so oft -! meine liebende Bewundert
478 2081 777 2202 zudrücken.
464 2157 1457 2301 Alles Beste zum Neuen Jahr. Von Herr
493 2281 586 2383 G.F.P.
628 2283 797 2360 G.C.F.P.
