<?xml version="1.0" encoding="UTF-8" standalone="yes"?>
<PcGts xmlns="http://schema.primaresearch.org/PAGE/gts/pagecontent/2013-07-15" xmlns:xsi="http://www.w3.org/2001/XMLSchema-instance" xsi:schemaLocation="http://schema.primaresearch.org/PAGE/gts/pagecontent/2013-07-15 http://schema.primaresearch.org/PAGE/gts/pagecontent/2013-07-15/pagecontent.xsd">
    <Metadata>
        <Creator>prov=READ-COOP:name=TrHtr:version=2.1.0:model_id=51170:date=25_07_2023_14:44</Creator>
        <Created>2023-05-01T21:59:23.437+02:00</Created>
        <LastChange>2023-07-25T14:44:27.098+02:00</LastChange>
        <TranskribusMetadata docId="1416441" pageId="54947056" pageNr="55" tsid="130683801" status="IN_PROGRESS" userId="64420" imgUrl="https://files.transkribus.eu/Get?id=JYKYTKLJNMHYYWTTWOYQEYTE&amp;fileType=view" xmlUrl="https://files.transkribus.eu/Get?id=AEYUBWPRJSDNZAIGFMEHXGUW" imageId="44451141"/>
    </Metadata>
    <Page imageFilename="1416441_0055.jpg" imageWidth="2057" imageHeight="3159">
        <ReadingOrder>
            <OrderedGroup id="ro_1711830623890" caption="Regions reading order">
                <RegionRefIndexed index="0" regionRef="tr_1"/>
                <RegionRefIndexed index="1" regionRef="tr_2"/>
            </OrderedGroup>
        </ReadingOrder>
        <TextRegion id="tr_1" custom="readingOrder {index:0;}">
            <Coords points="382,606 1827,606 1827,1347 382,1347"/>
            <TextLine id="tr_1_tl_1" custom="readingOrder {index:0;}">
                <Coords points="387,681 545,708 584,685 782,708 824,674 884,708 1059,708 1059,577 1025,567 918,600 879,579 748,609 679,596 581,630 387,586"/>
                <Baseline points="397,662 435,662 480,662 525,665 570,662 615,665 659,665 704,665 749,665 794,668 839,665 883,668 928,665 973,659 1018,659 1062,656"/>
                <TextEquiv>
                    <Unicode>A.S. an H.v.H. (47)</Unicode>
                </TextEquiv>
            </TextLine>
            <TextLine id="tr_1_tl_2" custom="readingOrder {index:1;}">
                <Coords points="1613,729 1643,729 1657,715 1681,731 1693,729 1691,632 1675,630 1666,638 1649,626 1643,626 1632,636 1611,639"/>
                <Baseline points="1624,680 1669,680 1698,683"/>
                <TextEquiv>
                    <Unicode>52</Unicode>
                </TextEquiv>
            </TextLine>
            <TextLine id="tr_1_tl_3" custom="readingOrder {index:2;}">
                <Coords points="383,765 1116,768 1235,814 1713,778 1712,723 1564,736 1469,698 1171,689 1023,727 472,685 381,719"/>
                <Baseline points="391,749 435,749 480,752 525,752 570,752 615,752 659,755 704,755 749,755 794,755 839,755 883,758 928,758 973,758 1018,758 1062,758 1107,761 1152,761 1197,761 1242,764 1286,764 1331,764 1376,764 1421,767 1466,767 1510,770 1555,770 1600,770 1645,770 1689,767 1719,767"/>
                <TextEquiv>
                    <Unicode>ein, was sich immer beinah einstellt, wenn ich auf</Unicode>
                </TextEquiv>
            </TextLine>
            <TextLine id="tr_1_tl_4" custom="readingOrder {index:3;}">
                <Coords points="376,886 632,852 1744,886 1740,774 1495,831 1321,791 687,820 372,768"/>
                <Baseline points="385,839 429,839 474,844 519,844 564,847 609,847 653,847 698,847 743,847 788,850 833,850 877,850 922,853 967,853 1012,853 1056,856 1101,856 1146,856 1191,856 1236,859 1280,859 1325,862 1370,862 1415,862 1460,862 1504,865 1549,865 1594,865 1639,865 1684,868 1728,868 1746,868"/>
                <TextEquiv>
                    <Unicode>Reisen, besser: wenn ich nicht daheim bin; ich bin</Unicode>
                </TextEquiv>
            </TextLine>
            <TextLine id="tr_1_tl_5" custom="readingOrder {index:4;}">
                <Coords points="383,966 1823,983 1810,901 381,875"/>
                <Baseline points="391,940 435,940 480,940 525,940 570,943 615,943 659,946 704,946 749,946 794,946 839,946 883,949 928,949 973,949 1018,952 1062,949 1107,952 1152,952 1197,952 1242,955 1286,955 1331,955 1376,958 1421,958 1466,961 1510,961 1555,961 1600,961 1645,961 1689,964 1734,964 1779,967 1824,970 1827,970"/>
                <TextEquiv>
                    <Unicode>beinah gänzlich erlöst von den Gangigkeiten und Hypo-</Unicode>
                </TextEquiv>
            </TextLine>
            <TextLine id="tr_1_tl_6" custom="readingOrder {index:5;}">
                <Coords points="381,1072 858,1047 1643,1082 1732,1076 1732,1021 1091,962 934,1008 380,977"/>
                <Baseline points="391,1033 435,1033 480,1033 525,1033 570,1036 615,1039 659,1039 704,1039 749,1039 794,1039 839,1039 883,1039 928,1042 973,1042 1018,1045 1062,1045 1107,1045 1152,1045 1197,1048 1242,1048 1286,1048 1331,1051 1376,1051 1421,1051 1466,1051 1510,1053 1555,1053 1600,1053 1645,1053 1689,1056 1734,1062 1737,1062"/>
                <TextEquiv>
                    <Unicode>chondrien, die mir das Leben zuhause oft so heftig</Unicode>
                </TextEquiv>
            </TextLine>
            <TextLine id="tr_1_tl_7" custom="readingOrder {index:6;}">
                <Coords points="381,1146 1188,1144 1438,1190 1731,1159 1729,1074 1689,1068 1355,1099 867,1046 676,1087 381,1072"/>
                <Baseline points="391,1122 435,1125 480,1125 525,1125 570,1128 615,1128 659,1128 704,1131 749,1131 794,1131 839,1131 883,1131 928,1134 973,1134 1018,1137 1062,1137 1107,1137 1152,1140 1197,1140 1242,1140 1286,1140 1331,1140 1376,1140 1421,1140 1466,1140 1510,1143 1555,1143 1600,1146 1645,1146 1689,1146 1734,1146"/>
                <TextEquiv>
                    <Unicode>stören. Aber auch dass ich gerade hier bin, freut</Unicode>
                </TextEquiv>
            </TextLine>
            <TextLine id="tr_1_tl_8" custom="readingOrder {index:7;}">
                <Coords points="374,1218 1789,1279 1767,1167 1469,1192 1040,1146 837,1188 372,1144"/>
                <Baseline points="385,1218 429,1215 474,1218 519,1218 564,1221 609,1221 653,1221 698,1221 743,1224 788,1224 833,1224 877,1224 922,1224 967,1227 1012,1227 1056,1227 1101,1230 1146,1230 1191,1233 1236,1230 1280,1233 1325,1233 1370,1233 1415,1233 1460,1236 1504,1236 1549,1239 1594,1239 1639,1239 1684,1242 1728,1242 1773,1242 1794,1245"/>
                <TextEquiv>
                    <Unicode>mich. Es ist mir oft, als wenn ich hier lieber leben</Unicode>
                </TextEquiv>
            </TextLine>
            <TextLine id="tr_1_tl_9" custom="readingOrder {index:8;}">
                <Coords points="372,1317 681,1355 789,1324 899,1366 1789,1355 1787,1281 1700,1256 1315,1288 884,1233 786,1268 370,1258"/>
                <Baseline points="382,1307 426,1310 471,1310 516,1313 561,1316 606,1316 650,1316 695,1316 740,1319 785,1316 830,1319 874,1322 919,1322 964,1322 1009,1322 1053,1325 1098,1322 1143,1325 1188,1325 1233,1325 1277,1325 1322,1325 1367,1328 1412,1328 1457,1331 1501,1331 1546,1331 1591,1334 1636,1334 1681,1334 1725,1334 1770,1337 1794,1334"/>
                <TextEquiv>
                    <Unicode>möchte als in Wien; aber das ist wahrscheinlich ein</Unicode>
                </TextEquiv>
            </TextLine>
        </TextRegion>
        <TextRegion id="tr_2" custom="readingOrder {index:1;}">
            <Coords points="346,1353 1893,1353 1893,2503 346,2503"/>
            <TextLine id="tr_2_tl_1" custom="readingOrder {index:0;}">
                <Coords points="380,1431 1778,1444 1776,1387 1617,1345 1199,1378 378,1355"/>
                <Baseline points="388,1403 432,1403 477,1406 522,1406 567,1409 612,1412 656,1412 701,1412 746,1412 791,1412 836,1415 880,1415 925,1415 970,1418 1015,1418 1059,1418 1104,1418 1149,1418 1194,1421 1239,1424 1283,1421 1328,1424 1373,1424 1418,1424 1463,1427 1507,1427 1552,1427 1597,1430 1642,1430 1686,1430 1731,1430 1776,1430 1782,1430"/>
                <TextEquiv>
                    <Unicode>Irrtum. Von allem was ich hier schon gesehen, möchte</Unicode>
                </TextEquiv>
            </TextLine>
            <TextLine id="tr_2_tl_2" custom="readingOrder {index:1;}">
                <Coords points="362,1507 1812,1545 1810,1455 1759,1436 1691,1471 361,1438"/>
                <Baseline points="373,1492 418,1492 462,1495 507,1495 552,1495 597,1498 641,1498 686,1498 731,1501 776,1501 821,1501 865,1504 910,1504 955,1504 1000,1504 1045,1504 1089,1507 1134,1507 1179,1507 1224,1507 1268,1507 1313,1510 1358,1510 1403,1513 1448,1513 1492,1513 1537,1516 1582,1516 1627,1516 1672,1519 1716,1519 1761,1519 1806,1516 1815,1516"/>
                <TextEquiv>
                    <Unicode>ich Ihnen lieber erst in Wien erzählen; denn ich fra-</Unicode>
                </TextEquiv>
            </TextLine>
            <TextLine id="tr_2_tl_3" custom="readingOrder {index:2;}">
                <Coords points="362,1617 1114,1588 1239,1630 1571,1598 1778,1638 1776,1539 1732,1527 1419,1564 1247,1527 985,1558 909,1514 696,1554 620,1516 361,1524"/>
                <Baseline points="373,1582 418,1582 462,1579 507,1579 552,1576 597,1579 641,1579 686,1582 731,1582 776,1582 821,1585 865,1585 910,1585 955,1585 1000,1588 1045,1588 1089,1588 1134,1588 1179,1588 1224,1588 1268,1591 1313,1591 1358,1591 1403,1591 1448,1591 1492,1591 1537,1594 1582,1594 1627,1597 1672,1597 1716,1600 1761,1603 1782,1603"/>
                <TextEquiv>
                    <Unicode>ge mich xxx vergeblich, was ich heraussuchen sollte.</Unicode>
                </TextEquiv>
            </TextLine>
            <TextLine id="tr_2_tl_4" custom="readingOrder {index:3;}">
                <Coords points="366,1712 750,1681 937,1734 1121,1683 1645,1731 1888,1710 1888,1638 364,1613"/>
                <Baseline points="376,1669 421,1669 465,1669 510,1669 555,1669 600,1672 644,1672 689,1672 734,1675 779,1675 824,1675 868,1675 913,1678 958,1678 1003,1678 1048,1678 1092,1678 1137,1678 1182,1681 1227,1681 1271,1681 1316,1684 1361,1684 1406,1684 1451,1686 1495,1686 1540,1686 1585,1689 1630,1689 1675,1692 1719,1692 1764,1692 1809,1692 1854,1698 1893,1701"/>
                <TextEquiv>
                    <Unicode>Daw schönste hat mir bisher die Schauspielerei geboten;</Unicode>
                </TextEquiv>
            </TextLine>
            <TextLine id="tr_2_tl_5" custom="readingOrder {index:4;}">
                <Coords points="362,1784 1765,1818 1768,1742 361,1717"/>
                <Baseline points="373,1764 418,1764 462,1767 507,1767 552,1767 597,1767 641,1770 686,1770 731,1770 776,1770 821,1773 865,1773 910,1773 955,1773 1000,1776 1045,1776 1089,1779 1134,1779 1179,1779 1224,1779 1268,1782 1313,1782 1358,1782 1403,1782 1448,1782 1492,1785 1537,1785 1582,1788 1627,1788 1672,1788 1716,1788 1761,1794 1773,1794"/>
                <TextEquiv>
                    <Unicode>es ist einfach was anderes als die Deutschen haben;</Unicode>
                </TextEquiv>
            </TextLine>
            <TextLine id="tr_2_tl_6" custom="readingOrder {index:5;}">
                <Coords points="357,1867 632,1901 799,1867 1770,1886 1768,1841 1674,1816 1357,1839 1216,1797 998,1833 727,1791 357,1827"/>
                <Baseline points="367,1854 412,1854 456,1854 501,1854 546,1857 591,1857 635,1857 680,1860 725,1860 770,1860 815,1863 859,1863 904,1863 949,1863 994,1863 1039,1866 1083,1866 1128,1869 1173,1869 1218,1869 1263,1869 1307,1869 1352,1872 1397,1872 1442,1872 1486,1875 1531,1875 1576,1875 1621,1875 1666,1875 1710,1875 1755,1875 1773,1878"/>
                <TextEquiv>
                    <Unicode>nicht immer was besseres vielleicht,- aber dem Wesen</Unicode>
                </TextEquiv>
            </TextLine>
            <TextLine id="tr_2_tl_7" custom="readingOrder {index:6;}">
                <Coords points="353,1958 651,2002 1732,1981 1731,1922 1527,1894 1469,1928 1114,1871 911,1913 351,1886"/>
                <Baseline points="364,1946 409,1949 453,1949 498,1949 543,1949 588,1952 632,1952 677,1955 722,1955 767,1955 812,1955 856,1955 901,1958 946,1961 991,1958 1036,1958 1080,1961 1125,1961 1170,1961 1215,1961 1260,1961 1304,1964 1349,1964 1394,1964 1439,1964 1483,1964 1528,1967 1573,1967 1618,1967 1663,1967 1707,1967 1737,1967"/>
                <TextEquiv>
                    <Unicode>der Stücke, die sie spielen, xxxunderbar</Unicode>
                </TextEquiv>
            </TextLine>
            <TextLine id="tr_2_tl_8" custom="readingOrder {index:7;}">
                <Coords points="353,2047 1805,2072 1805,2017 1607,1992 353,2000"/>
                <Baseline points="364,2039 409,2036 453,2039 498,2039 543,2042 588,2042 632,2042 677,2045 722,2045 767,2048 812,2048 856,2045 901,2048 946,2048 991,2048 1036,2048 1080,2051 1125,2048 1170,2051 1215,2051 1260,2051 1304,2051 1349,2054 1394,2054 1439,2054 1483,2054 1528,2057 1573,2057 1618,2060 1663,2060 1707,2060 1752,2060 1797,2063 1809,2060"/>
                <TextEquiv>
                    <Unicode>verwandt, was ja schliesslich doch das wichtigste ist.</Unicode>
                </TextEquiv>
            </TextLine>
            <TextLine id="tr_2_tl_9" custom="readingOrder {index:8;}">
                <Coords points="353,2165 493,2133 1765,2167 1732,2093 1609,2121 1379,2068 890,2108 351,2059"/>
                <Baseline points="361,2128 406,2125 450,2128 495,2128 540,2128 585,2131 630,2131 674,2131 719,2134 764,2131 809,2134 853,2134 898,2137 943,2137 988,2137 1033,2137 1077,2137 1122,2140 1167,2140 1212,2140 1257,2140 1301,2140 1346,2140 1391,2143 1436,2143 1480,2143 1525,2146 1570,2146 1615,2146 1660,2146 1704,2146 1749,2146 1767,2149"/>
                <TextEquiv>
                    <Unicode>Dramen scheinen sie ja hier (wo denn?"?) auch nicht</Unicode>
                </TextEquiv>
            </TextLine>
            <TextLine id="tr_2_tl_10" custom="readingOrder {index:9;}">
                <Coords points="351,2250 1305,2233 1799,2283 1810,2197 903,2146 782,2184 349,2171"/>
                <Baseline points="361,2215 406,2215 450,2215 495,2218 540,2218 585,2218 630,2218 674,2221 719,2221 764,2221 809,2224 853,2224 898,2227 943,2227 988,2224 1033,2224 1077,2224 1122,2227 1167,2227 1212,2227 1257,2227 1301,2227 1346,2230 1391,2230 1436,2230 1480,2233 1525,2236 1570,2236 1615,2236 1660,2236 1704,2239 1749,2239 1794,2242 1815,2242"/>
                <TextEquiv>
                    <Unicode>mehr zu schreiben; ich habe Loi de l'homme (Hervieu);</Unicode>
                </TextEquiv>
            </TextLine>
            <TextLine id="tr_2_tl_11" custom="readingOrder {index:10;}">
                <Coords points="347,2330 1649,2338 1649,2260 1359,2268 1309,2233 1057,2281 347,2249"/>
                <Baseline points="358,2308 403,2305 447,2305 492,2305 537,2308 582,2308 627,2311 671,2314 716,2314 761,2314 806,2314 850,2316 895,2316 940,2314 985,2314 1030,2316 1074,2316 1119,2316 1164,2316 1209,2316 1254,2316 1298,2316 1343,2316 1388,2316 1433,2316 1477,2319 1522,2319 1567,2319 1612,2319 1654,2319"/>
                <TextEquiv>
                    <Unicode>Douloureuse, (Donnay),-Carrière (Hermant);- Snob</Unicode>
                </TextEquiv>
            </TextLine>
            <TextLine id="tr_2_tl_12" custom="readingOrder {index:11;}">
                <Coords points="353,2431 558,2400 767,2436 1046,2404 1755,2433 1755,2370 1579,2347 353,2359"/>
                <Baseline points="364,2400 409,2397 453,2397 498,2397 543,2397 588,2397 632,2400 677,2400 722,2400 767,2400 812,2400 856,2400 901,2400 946,2403 991,2403 1036,2403 1080,2403 1125,2406 1170,2406 1215,2406 1260,2406 1304,2406 1349,2403 1394,2406 1439,2409 1483,2409 1528,2412 1573,2412 1618,2412 1663,2415 1707,2412 1752,2418 1758,2415"/>
                <TextEquiv>
                    <Unicode>(Guiche) - gesehen- es ist ein vollkommener Sieg des</Unicode>
                </TextEquiv>
            </TextLine>
            <TextLine id="tr_2_tl_13" custom="readingOrder {index:12;}">
                <Coords points="336,2499 638,2497 877,2552 1222,2493 1755,2524 1736,2433 336,2446"/>
                <Baseline points="346,2475 391,2475 435,2475 480,2475 525,2475 570,2475 615,2475 659,2478 704,2478 749,2478 794,2481 839,2478 883,2478 928,2481 973,2481 1018,2484 1062,2487 1107,2487 1152,2487 1197,2487 1242,2487 1286,2487 1331,2484 1376,2487 1421,2487 1466,2487 1510,2490 1555,2490 1600,2490 1645,2490 1689,2490 1734,2490 1758,2493"/>
                <TextEquiv>
                    <Unicode>Feuilletons auf dem Theater. Ich habe wohl auch ein</Unicode>
                </TextEquiv>
            </TextLine>
        </TextRegion>
    </Page>
</PcGts>
