<?xml version="1.0" encoding="UTF-8" standalone="yes"?>
<PcGts xmlns="http://schema.primaresearch.org/PAGE/gts/pagecontent/2013-07-15" xmlns:xsi="http://www.w3.org/2001/XMLSchema-instance" xsi:schemaLocation="http://schema.primaresearch.org/PAGE/gts/pagecontent/2013-07-15 http://schema.primaresearch.org/PAGE/gts/pagecontent/2013-07-15/pagecontent.xsd">
    <Metadata>
        <Creator>prov=READ-COOP:name=TrHtr:version=2.1.0:model_id=51170:date=25_07_2023_14:45</Creator>
        <Created>2023-05-01T21:59:35.522+02:00</Created>
        <LastChange>2023-07-25T14:45:23.570+02:00</LastChange>
        <TranskribusMetadata docId="1416441" pageId="54947425" pageNr="154" tsid="130684109" status="IN_PROGRESS" userId="64420" imgUrl="https://files.transkribus.eu/Get?id=UQSIIAJTIJAINROCVQFXQGEI&amp;fileType=view" xmlUrl="https://files.transkribus.eu/Get?id=LFQPOGBDHPDSFSYIUVETMBCH" imageId="44451506"/>
    </Metadata>
    <Page imageFilename="1416441_0154.jpg" imageWidth="2250" imageHeight="3336">
        <ReadingOrder>
            <OrderedGroup id="ro_1711830697806" caption="Regions reading order">
                <RegionRefIndexed index="0" regionRef="tr_2"/>
                <RegionRefIndexed index="1" regionRef="tr_1"/>
            </OrderedGroup>
        </ReadingOrder>
        <TextRegion id="tr_2" custom="readingOrder {index:0;}">
            <Coords points="205,663 1659,663 1659,1284 205,1284"/>
            <TextLine id="tr_2_tl_1" custom="readingOrder {index:0;}">
                <Coords points="1279,749 1297,751 1312,736 1338,749 1346,744 1355,747 1366,736 1398,742 1398,677 1388,677 1368,664 1355,675 1340,677 1322,665 1314,667 1297,658 1279,662"/>
                <Baseline points="1289,713 1333,713 1378,713 1402,716"/>
                <TextEquiv>
                    <Unicode>148</Unicode>
                </TextEquiv>
            </TextLine>
            <TextLine id="tr_2_tl_2" custom="readingOrder {index:1;}">
                <Coords points="781,727 796,732 803,725 810,730 822,723 838,727 855,723 881,736 931,729 929,649 905,645 888,656 881,651 870,658 861,654 842,664 833,660 807,664 779,654"/>
                <Baseline points="790,716 835,713 880,716 925,719 936,716"/>
                <TextEquiv>
                    <Unicode>102</Unicode>
                </TextEquiv>
            </TextLine>
            <TextLine id="tr_2_tl_3" custom="readingOrder {index:2;}">
                <Coords points="193,764 277,762 297,749 318,762 342,751 375,770 422,747 483,768 528,747 580,747 580,697 493,703 441,665 396,667 331,701 283,682 221,691 197,680"/>
                <Baseline points="205,751 226,748 271,745 316,745 361,742 405,742 450,742 495,740 540,740 584,737"/>
                <TextEquiv>
                    <Unicode>A.S.an H.v.H.</Unicode>
                </TextEquiv>
            </TextLine>
            <TextLine id="tr_2_tl_4" custom="readingOrder {index:3;}">
                <Coords points="197,864 1559,820 1602,738 199,794"/>
                <Baseline points="208,835 217,835 262,835 307,832 352,829 396,832 441,829 486,829 531,826 575,826 620,823 665,823 710,820 754,817 799,817 844,814 889,814 933,814 978,811 1023,811 1068,808 1112,808 1157,805 1202,805 1247,802 1292,805 1336,802 1381,802 1426,799 1471,796 1515,796 1560,793 1605,796"/>
                <TextEquiv>
                    <Unicode>Worauf ich einigermassen rechne ist aber ganz beson-</Unicode>
                </TextEquiv>
            </TextLine>
            <TextLine id="tr_2_tl_5" custom="readingOrder {index:4;}">
                <Coords points="201,946 1610,915 1612,835 1489,803 1061,868 203,864"/>
                <Baseline points="211,919 226,922 271,922 316,919 361,919 405,919 450,916 495,913 540,913 584,913 629,913 674,913 719,910 763,907 808,904 853,901 898,898 942,898 987,898 1032,898 1077,895 1121,895 1166,892 1211,892 1256,892 1300,892 1345,889 1390,886 1435,889 1480,886 1524,886 1569,883 1614,880"/>
                <TextEquiv>
                    <Unicode>ders irgend eine kleine Radtour, die wir Sie und</Unicode>
                </TextEquiv>
            </TextLine>
            <TextLine id="tr_2_tl_6" custom="readingOrder {index:5;}">
                <Coords points="208,1039 1368,987 1604,1019 1606,924 1515,887 1372,941 212,946"/>
                <Baseline points="220,1011 223,1011 268,1008 313,1008 358,1008 402,1005 447,1005 492,1002 537,1002 581,999 626,999 671,999 716,996 760,996 805,993 850,993 895,993 939,990 984,987 1029,987 1074,984 1118,984 1163,984 1208,984 1253,981 1297,978 1342,978 1387,978 1432,975 1477,975 1521,975 1566,975 1611,975"/>
                <TextEquiv>
                    <Unicode>ich, machen könnten, so von 2-3 Tagen, oder 2 kleinere,</Unicode>
                </TextEquiv>
            </TextLine>
            <TextLine id="tr_2_tl_7" custom="readingOrder {index:6;}">
                <Coords points="201,1102 1625,1104 1656,1026 1251,993 463,1061 203,1035"/>
                <Baseline points="211,1098 226,1095 271,1095 316,1095 361,1092 405,1092 450,1089 495,1089 540,1089 584,1089 629,1089 674,1086 719,1083 763,1083 808,1080 853,1080 898,1080 942,1077 987,1077 1032,1077 1077,1074 1121,1071 1166,1071 1211,1068 1256,1068 1300,1068 1345,1065 1390,1065 1435,1062 1480,1059 1524,1059 1569,1059 1614,1059 1659,1056"/>
                <TextEquiv>
                    <Unicode>in welchem Betracht ich die ego- und olgaistische Hoff-</Unicode>
                </TextEquiv>
            </TextLine>
            <TextLine id="tr_2_tl_8" custom="readingOrder {index:7;}">
                <Coords points="204,1188 1303,1190 1649,1165 1651,1110 1323,1091 1258,1125 1067,1080 206,1149"/>
                <Baseline points="214,1184 220,1184 265,1184 310,1184 355,1184 399,1181 444,1178 489,1178 534,1178 578,1175 623,1172 668,1172 713,1172 757,1172 802,1169 847,1169 892,1169 936,1166 981,1166 1026,1163 1071,1160 1115,1160 1160,1160 1205,1157 1250,1157 1295,1154 1339,1154 1384,1154 1429,1154 1474,1151 1518,1151 1563,1148 1608,1148 1653,1145"/>
                <TextEquiv>
                    <Unicode>nung nicht unterdrücken kann, dass während dieser Zeit</Unicode>
                </TextEquiv>
            </TextLine>
            <TextLine id="tr_2_tl_9" custom="readingOrder {index:8;}">
                <Coords points="210,1273 1468,1273 1593,1253 1595,1173 1390,1165 1221,1219 1149,1182 786,1177 212,1225"/>
                <Baseline points="220,1268 256,1271 301,1274 346,1271 390,1268 435,1265 480,1265 525,1262 569,1262 614,1262 659,1259 704,1259 748,1256 793,1256 838,1256 883,1256 927,1253 972,1253 1017,1250 1062,1247 1107,1250 1151,1247 1196,1247 1241,1247 1286,1247 1330,1244 1375,1244 1420,1241 1465,1241 1509,1238 1554,1238 1599,1238"/>
                <TextEquiv>
                    <Unicode>Olga und Gerty zusammen sind oder uns gar auf hohem</Unicode>
                </TextEquiv>
            </TextLine>
        </TextRegion>
        <TextRegion id="tr_1" custom="readingOrder {index:1;}">
            <Coords points="223,1292 1724,1292 1724,2510 223,2510"/>
            <TextLine id="tr_1_tl_1" custom="readingOrder {index:0;}">
                <Coords points="212,1370 658,1368 708,1351 842,1364 846,1268 706,1288 684,1268 645,1290 608,1266 511,1314 446,1320 411,1297 348,1327 214,1299"/>
                <Baseline points="223,1357 265,1357 310,1357 355,1351 399,1354 444,1351 489,1351 534,1351 578,1348 623,1345 668,1345 713,1345 757,1342 802,1342 847,1342"/>
                <TextEquiv>
                    <Unicode>Einspänner vorausrasen?</Unicode>
                </TextEquiv>
            </TextLine>
            <TextLine id="tr_1_tl_2" custom="readingOrder {index:1;}">
                <Coords points="219,1454 1571,1439 1574,1338 576,1357 472,1405 219,1411"/>
                <Baseline points="229,1438 235,1438 280,1441 325,1441 370,1441 414,1438 459,1438 504,1438 549,1438 593,1438 638,1435 683,1435 728,1435 772,1432 817,1432 862,1429 907,1429 951,1426 996,1426 1041,1426 1086,1423 1130,1426 1175,1423 1220,1420 1265,1417 1309,1417 1354,1417 1399,1414 1444,1414 1488,1414 1533,1411 1578,1408"/>
                <TextEquiv>
                    <Unicode>-Aber all dies eignet sich zu mündlicher Verständi-</Unicode>
                </TextEquiv>
            </TextLine>
            <TextLine id="tr_1_tl_3" custom="readingOrder {index:2;}">
                <Coords points="219,1561 608,1524 1465,1539 1597,1513 1599,1431 1175,1480 736,1442 606,1493 223,1452"/>
                <Baseline points="229,1539 259,1536 304,1533 349,1533 393,1530 438,1527 483,1524 528,1524 572,1521 617,1521 662,1521 707,1518 751,1518 796,1518 841,1515 886,1515 930,1515 975,1515 1020,1512 1065,1512 1110,1509 1154,1509 1199,1509 1244,1506 1289,1503 1333,1503 1378,1503 1423,1503 1468,1500 1512,1500 1557,1500 1602,1500"/>
                <TextEquiv>
                    <Unicode>gung; für heute möcht ich nur wissen, wann ich Sie in</Unicode>
                </TextEquiv>
            </TextLine>
            <TextLine id="tr_1_tl_4" custom="readingOrder {index:3;}">
                <Coords points="219,1630 1567,1615 1615,1608 1617,1520 1375,1513 1264,1559 660,1528 550,1584 219,1584"/>
                <Baseline points="229,1617 232,1620 277,1617 322,1617 367,1617 411,1617 456,1617 501,1614 546,1614 590,1611 635,1611 680,1608 725,1608 769,1608 814,1608 859,1605 904,1605 948,1602 993,1605 1038,1602 1083,1599 1127,1599 1172,1599 1217,1599 1262,1596 1306,1596 1351,1593 1396,1593 1441,1590 1485,1590 1530,1590 1575,1590 1620,1587"/>
                <TextEquiv>
                    <Unicode>Ischl sprechen werde, den Fall gesetzt, dass wir am 3.</Unicode>
                </TextEquiv>
            </TextLine>
            <TextLine id="tr_1_tl_5" custom="readingOrder {index:4;}">
                <Coords points="225,1710 1494,1710 1552,1701 1554,1612 1232,1610 1087,1652 928,1610 227,1626"/>
                <Baseline points="235,1706 256,1703 301,1703 346,1703 390,1703 435,1700 480,1700 525,1700 569,1700 614,1697 659,1697 704,1694 748,1694 793,1694 838,1691 883,1691 927,1688 972,1688 1017,1688 1062,1685 1107,1685 1151,1682 1196,1682 1241,1682 1286,1682 1330,1679 1375,1679 1420,1676 1465,1676 1509,1676 1554,1673"/>
                <TextEquiv>
                    <Unicode>Nachmittag dortselbst eintreffen. Noch eines-Gerty</Unicode>
                </TextEquiv>
            </TextLine>
            <TextLine id="tr_1_tl_6" custom="readingOrder {index:5;}">
                <Coords points="230,1799 1582,1786 1613,1701 682,1701 522,1710 435,1766 232,1747"/>
                <Baseline points="241,1796 274,1793 319,1793 364,1793 408,1790 453,1790 498,1790 543,1787 587,1787 632,1784 677,1784 722,1781 766,1781 811,1781 856,1781 901,1781 945,1778 990,1775 1035,1778 1080,1775 1124,1775 1169,1772 1214,1772 1259,1769 1303,1769 1348,1766 1393,1766 1438,1766 1482,1763 1527,1763 1572,1763 1617,1763"/>
                <TextEquiv>
                    <Unicode>wird ja wahrscheinlich in Wien zu tun haben; es wäre</Unicode>
                </TextEquiv>
            </TextLine>
            <TextLine id="tr_1_tl_7" custom="readingOrder {index:6;}">
                <Coords points="221,1887 1355,1896 1636,1874 1638,1783 433,1792 221,1849"/>
                <Baseline points="232,1882 253,1879 298,1879 343,1879 387,1879 432,1876 477,1876 522,1873 566,1873 611,1873 656,1873 701,1870 745,1870 790,1870 835,1867 880,1867 925,1864 969,1864 1014,1864 1059,1864 1104,1861 1148,1861 1193,1858 1238,1858 1283,1855 1327,1855 1372,1855 1417,1855 1462,1853 1506,1853 1551,1850 1596,1850 1641,1847"/>
                <TextEquiv>
                    <Unicode>sehr hübsch von ihr, wenn sie, wann es ihr beliebt bei</Unicode>
                </TextEquiv>
            </TextLine>
            <TextLine id="tr_1_tl_8" custom="readingOrder {index:7;}">
                <Coords points="230,2006 541,1965 1587,1965 1608,1872 890,1868 587,1931 232,1929"/>
                <Baseline points="241,1969 265,1969 310,1966 355,1966 399,1963 444,1963 489,1963 534,1963 578,1963 623,1960 668,1960 713,1960 757,1957 802,1957 847,1954 892,1954 936,1954 981,1951 1026,1954 1071,1951 1115,1951 1160,1948 1205,1948 1250,1945 1295,1942 1339,1942 1384,1942 1429,1942 1474,1942 1518,1939 1563,1936 1608,1936"/>
                <TextEquiv>
                    <Unicode>uns speisen wollte;wir bitten um eine vorherige te-</Unicode>
                </TextEquiv>
            </TextLine>
            <TextLine id="tr_1_tl_9" custom="readingOrder {index:8;}">
                <Coords points="221,2065 290,2065 364,2106 415,2073 444,2086 567,2061 615,2074 651,2052 729,2071 777,2058 779,1991 675,1965 625,1983 543,1965 506,1985 480,1974 450,1991 418,1972 303,2009 223,2007"/>
                <Baseline points="232,2058 247,2055 292,2058 337,2058 381,2055 426,2052 471,2049 516,2049 560,2049 605,2049 650,2049 695,2046 740,2046 784,2043"/>
                <TextEquiv>
                    <Unicode>legr. Verständigung.-</Unicode>
                </TextEquiv>
            </TextLine>
            <TextLine id="tr_1_tl_10" custom="readingOrder {index:9;}">
                <Coords points="221,2149 1652,2141 1654,2037 872,2039 690,2117 223,2073"/>
                <Baseline points="232,2142 268,2142 313,2142 358,2145 402,2142 447,2139 492,2142 537,2139 581,2139 626,2139 671,2136 716,2136 760,2133 805,2133 850,2130 895,2130 939,2130 984,2127 1029,2127 1074,2127 1118,2124 1163,2121 1208,2121 1253,2121 1297,2121 1342,2118 1387,2118 1432,2118 1477,2118 1521,2115 1566,2115 1611,2112 1656,2109"/>
                <TextEquiv>
                    <Unicode>Mir ging es ganz gut, wenn ich nicht einen etwas hart-</Unicode>
                </TextEquiv>
            </TextLine>
            <TextLine id="tr_1_tl_11" custom="readingOrder {index:10;}">
                <Coords points="227,2236 1082,2249 1197,2212 1335,2257 1719,2223 1721,2145 546,2141 229,2197"/>
                <Baseline points="238,2231 247,2231 292,2228 337,2231 381,2228 426,2228 471,2228 516,2225 560,2223 605,2223 650,2220 695,2220 740,2223 784,2220 829,2220 874,2217 919,2217 963,2217 1008,2214 1053,2214 1098,2214 1142,2211 1187,2211 1232,2211 1277,2208 1321,2208 1366,2205 1411,2208 1456,2205 1500,2205 1545,2205 1590,2202 1635,2202 1679,2202 1724,2193"/>
                <TextEquiv>
                    <Unicode>näckigen Bronchialkatarrh hätte; der übrigens vielleicht</Unicode>
                </TextEquiv>
            </TextLine>
            <TextLine id="tr_1_tl_12" custom="readingOrder {index:11;}">
                <Coords points="229,2340 1212,2301 1675,2338 1691,2240 1017,2230 888,2273 786,2236 645,2283 230,2286"/>
                <Baseline points="238,2321 265,2318 310,2318 355,2318 399,2318 444,2315 489,2315 534,2312 578,2312 623,2312 668,2309 713,2309 757,2309 802,2306 847,2306 892,2306 936,2303 981,2303 1026,2303 1071,2300 1115,2300 1160,2297 1205,2297 1250,2297 1295,2297 1339,2294 1384,2294 1429,2294 1474,2291 1518,2294 1563,2294 1608,2291 1653,2291 1697,2288"/>
                <TextEquiv>
                    <Unicode>noch in meinen Septemberlänen eine kleine Holle wird</Unicode>
                </TextEquiv>
            </TextLine>
            <TextLine id="tr_1_tl_13" custom="readingOrder {index:12;}">
                <Coords points="229,2428 1699,2435 1701,2340 818,2310 437,2379 230,2364"/>
                <Baseline points="238,2410 271,2410 316,2408 361,2408 405,2405 450,2402 495,2402 540,2402 584,2399 629,2399 674,2399 719,2396 763,2396 808,2393 853,2393 898,2393 942,2390 987,2390 1032,2390 1077,2390 1121,2387 1166,2387 1211,2387 1256,2387 1300,2384 1345,2384 1390,2381 1435,2381 1480,2381 1524,2381 1569,2381 1614,2381 1659,2381 1703,2384"/>
                <TextEquiv>
                    <Unicode>spielen müssen.- Und Richard?- Wird er zu bewegen sein,</Unicode>
                </TextEquiv>
            </TextLine>
            <TextLine id="tr_1_tl_14" custom="readingOrder {index:13;}">
                <Coords points="229,2524 498,2565 836,2489 1054,2541 1197,2485 1407,2517 1485,2476 1645,2496 1647,2424 786,2402 708,2442 230,2439"/>
                <Baseline points="241,2500 262,2497 307,2497 352,2494 396,2494 441,2491 486,2491 531,2491 575,2488 620,2488 665,2488 710,2485 754,2485 799,2485 844,2485 889,2485 933,2485 978,2482 1023,2482 1068,2479 1112,2479 1157,2476 1202,2476 1247,2476 1292,2473 1336,2476 1381,2476 1426,2473 1471,2473 1515,2470 1560,2470 1605,2467 1650,2467"/>
                <TextEquiv>
                    <Unicode>nach Ischl oder Salzburg zu kommen? Jedenfalls möcht</Unicode>
                </TextEquiv>
            </TextLine>
        </TextRegion>
    </Page>
</PcGts>
