2226 3383
405 681 1093 796 A.S. an H.v.H. 74
391 744 1580 888 Leben dritter Ordnung, das Beste ist vorbei.
391 844 1827 976 Das Wetter ist schändlich. Mitte Juli reise ich nach
405 924 1775 1061 Kärnten; zuerst Velden, dann zu Richard, von dem ich
408 1026 1800 1168 eine kurze Karte habe. Hat sich in den Chancen für
408 1133 1802 1268 Mitte August (Thüringen etc.) was geändert?- Arbei-
407 1245 1217 1347 ten Sie? Sehen Sie Minnie? -
414 1338 1122 1468 Leben Sie wohl, von Herzen
1124 1386 1236 1511 Ihr
1229 1477 1561 1588 Arthur Sch.
