3518 3687
657 907 1549 1049 hat ich ist daran gedacht,
652 1045 1656 1199 sich so sicher gehofft, in diesen
648 1180 1633 1320 drei Wochen Juli würdt man
636 1324 1626 1466 lich aufs als einmal sehr.
624 1466 1513 1594 - es bei Jahr sei, dass
655 1617 1553 1757 Sie nicht in meinem Haus
694 1734 1491 1876 worin – und mich
631 1942 1666 2062 kommt 8 fr. In dieser Maß,
612 2094 1474 2238 wo sie noch sie sind,
597 2234 1558 2401 xx übersiedelt Ihr, zu
573 2401 1448 2544 befang de nappen
636 2511 1594 2655 Mehr fahren sein mit¬
1876 974 2826 1128 de finden ? avec fort, etc.
1908 1110 2856 1279 Münchte an die Vorlussen
1888 1283 2870 1442 (in Landschaft it ich nicht
1893 1444 2710 1601 kann und mir lange
1871 1642 2658 1792 wünsch, dann über
1821 1791 2763 1968 et tilbey neuf Tirol
1801 1988 2876 2137 sivi und sind empfäh¬
1800 2194 2634 2341 die ersten 10 Tage etc
1843 2362 2868 2538 béguiss l'acapé. dans
1817 2524 2858 2701 sind wir für viel Wochen
