2250 3306
1627 613 1717 727 177
540 627 956 788 A.S. an H.v.H.
906 676 1712 857 Nien, 25.6.1907.
736 774 828 835 G.C.P.
519 795 1862 953 Mein lieber Hugo, morgen fahren wir nach Villach:
553 895 1921 1034 von dort aus wollen wir uns umsehen, ob wir irgend
557 996 1929 1141 was (Velden? Wocheinfoder sonstwo,-wenns gut geht,
559 1090 1963 1220 zu längerem Aufenthalt finden. Den Buben lassen wir
571 1169 2005 1312 erst nachkommen, wenn wir wissen, wo unseres Bleibens.
555 1263 2008 1401 Der Roman, den ich nun tüchtig durchfeile, zum grossen
560 1379 1952 1507 Teil natürlich neu schreibe, zieht mit. Das Winter-
571 1437 1992 1589 stück hab ich weggeschmissen; nicht veggelegt, da ich
575 1554 1981 1667 in ein schlechtes Verhältnis dazu geriet. Irgend ein
584 1657 1927 1771 Wurzelfehler war da, so dass ich durch Korrigieren
571 1721 1938 1827 nicht weiter kam. Vielleicht muss der Stoff in an-
584 1804 1952 1934 dere Erde gesetzt werden, doch weiss ich noch nicht
584 1900 1943 2028 in welche. Vorläufig gehen mir andere theatralische
575 1992 1945 2142 Einfälle näher.-Wir haben in der letzten Zeit viel
584 2109 1824 2227 Leute gesehen; es gab manche sehr gute Stunden
584 2185 1652 2303 Richard, Wassermann, Kainz, Fred und ander
584 2270 1551 2400 Tenbis war schön-nux lookt es mich
643 2361 1540 2482 mmere. Der Gräfin Thun hab ich die
