2279 3165
1551 520 1647 628 G.C.F.P
1013 464 1312 626 109
393 512 890 638 A.S. an H.v.H.
578 601 1052 726 G.C.H.F.P
1747 620 1830 686 P.P.
1067 603 1724 736 Wien, 11.9.1908.
1743 678 1830 732 G.C.F.P
751 697 836 742 G.H.F.P.
320 661 451 747 le sujet a été fort
387 720 1880 813 Lieber Hugo, die Sache mit dem Burgtheater war unge-
401 790 1882 921 heuer einfach. Brahm schrieb mir Ende August, Schlen-
408 876 1920 1002 ther habe ihn mit der Mission betraut, mich zur Einsen-
408 969 1919 1075 dung meines neuesten zu veranlassen. Ich hierauf, nicht
406 1063 1880 1181 Paul, schreibe Schl., dass ich eine fertige Komödie, und
408 1173 1855 1283 zwei Dramenakte auf Lager habe,er telegraphiert, noch
1838 1221 1951 1341 G.P.
416 1242 1922 1360 fleissiger, soll ihm alles schicken; ich thu es,er antwor
410 1339 1915 1447 tet fünf Tage drauf, die Entscheidung äber wren sich
408 1437 1884 1568 er bis nach Vollendung aufschieben zu dürfen, Kosödie
405 1531 1832 1657 nehme er an Mitte öktober (ich hatte frühen Termin
408 1605 1870 1737 zur Bedingung gemacht), wolle meine Besetzungsvor-
401 1703 1894 1813 schläge, er nimmt sie selben Tags ebenso telegraphisch
497 1791 1903 1917 und am nächsten Morgen steht die Notiz in der Zeitung
763 1878 1820 1994 vor Berlin ;mit Brahm bin ich erst heu
414 1972 516 2069 s von
572 1972 1759 2109 (Minuten kam das endgültige Telegramm) einig
399 2055 1716 2192 worden; Verzögerung, weil er durchaus beide Stücke
726 2155 1481 2285 Beinhardttheater wird sich
1585 2157 1711 2258 sche
1556 2246 1747 2381 er letzte
