2250 3336
264 614 665 788 A.S. an H.v.H.
1505 654 1638 786 143
961 667 1107 786 100
270 771 1681 884 einer Existenz fehlt, möchte ich vor dem nächsten wie
266 871 1738 978 vor einem Wunder stehen müssen und fragen: wie bist du
264 961 735 1058 dahin gekommen--?
255 1033 1279 1150 Leben Sie wohl und schreiben Sie mir.
264 1116 1747 1241 Sagen Sie auch Wassermann, falls Sie ihn sehen, dass wir
264 1231 1707 1328 hier das Los der Juden mit grossem Vergnügen gelesen
263 1294 1632 1417 haben. Es ist ein schönes Vorwort zu einem Buch, das
255 1403 1775 1503 heute glaub ich keiner schreiben kann, weder Christ noch
255 1486 440 1592 Jude.—
264 1573 1696 1711 -Und wird Richard bald fertig mit dem Stück? Wie gehts
264 1647 406 1745 ihm?
261 1736 1122 1864 Grüssen Sie alle. Herzlichst Ihr
1097 1843 1188 1934 4.
