3511 3591
1088 733 1903 891 haltung gerathen zu müssen.
1105 899 2036 1044 Ich glaub daß sie Gefreih
1090 1024 1917 1161 me 10 Ministre mit Izern
1054 1173 2060 1350 hinreichen dienst, ihn verstehe.
1040 1361 2039 1490 zu machen worin die Qualität
1044 1457 2039 1651 der Rüks ligt, — glaub
1040 1676 1956 1824 at auch dp er ofes difs.
1068 1815 2034 2011 Gespräch nicht auf den neveau
990 2010 2107 2160 ist, sich zu den Stück in ein Cogales
981 2146 1999 2316 Stespeltens zu sehen, besonders
1806 2257 2084 2452 Schillings,
974 2291 1765 2441 in sein Chnotzhöre.
942 2406 1883 2520 feinte die die Gelegenheit.
