3529 3687
993 156 2048 308 für jungen Leben hat es seine Farben
989 255 2236 396 Und hat den Schmelz der angelassen Dinge
965 390 2132 562 Wie man zurück in Vorübergeh'n
985 496 2315 619 Von einem das Profil erhängt
1304 592 1573 672 Köpfahlen
1064 606 2253 733 Sie lehnt lequett verborgen in der Sanfts
993 663 2575 808 war kennt sie nicht; da an hat sie kann gesch’.
1007 771 2284 916 Wervers man hatt sie vielleicht geliebt
1026 839 2524 1031 Wu vein, ma keurt, sie noch u. liebt sie mst.
971 958 2555 1130 Inzwischen malb nach sich in Lüken Traume.
1000 1066 2381 1233 Die Saifte aus die Lelle weisse Säufte
980 1125 2586 1328 Mit Gold'ner Leist: blasiger Guirlanden
996 1244 2771 1454 Daprische Und drinnen daflig zwischen rose. Seide
1031 1410 2394 1573 Das bei blende Kan gesche Profil
1018 1449 2780 1696 Vielleicht ganz falsch, was ohnts die Seile villi
1022 1623 2727 1835 So duikt mich ist das Lebe hier gemalt
974 1753 2610 1973 Mit unerfahrnen Faren des Verlangens
1042 1943 2522 2163 Mol Hille Duist, der sich in Träume
2295 2048 2506 2180 sept.
2068 2291 2242 2447 2 II
855 2465 1936 2665 Am Abend, wo Richard den
1359 2661 2017 2892 Pierrot Magus
967 2947 1394 3108 vorgelesen hat.
2121 3273 2299 3396 Coris
