2250 3306
554 383 674 527 De
465 669 908 794 A.S. an H.v.H.
994 674 1255 842 (120) 118
1619 701 1745 781 183
1176 731 1628 863 Wien, 25.11.1908.
461 845 1839 972 Mein lieber Hugo, gestern waren wir in 2X2-5 (unbe-
465 944 1868 1067 digt anzusehen, schon, und besonders wegen Ethofer),
474 1037 1866 1126 vorgestern beim Krampus, heut gehn wir in Tonkünst-
459 1123 1838 1228 lerconcert.Samstag zum Dohnanyi, Sonntag sum Heine-
459 1210 1872 1333 Abend - es gibt so verhexte Wochen;hingegen wollen
461 1308 1820 1409 wir am Montag oder Dienstag für zwei Tage auf den
458 1378 1897 1521 Semmering, es wäre sehr schön, wenn Sie und Gerty auch
461 1487 1841 1612 hinauf kämen; schreiben Sie mir ein Wort.(Nicht un-
456 1568 1789 1687 möglich, dass auch Wassermann und Thomas Mann, mit
456 1670 1886 1800 dem wir gestern bei W. zusammen waren, hinauf kommen.)
461 1755 1841 1866 -Es freut mich, dass Sie meine Ansicht von den Win-
456 1841 1859 1950 tersteinschen Gedichten teilen. Einmal hab ich schon
447 1930 1868 2050 an Sie geschrieben und ihm Gedichte von W. geschickt,
449 2023 1832 2129 es waren aber viel schwächere als diesmal; wenn Sie
449 2102 1816 2240 glauben, so könnte man doch die nNeue Bundeschau noch
449 2229 1782 2333 einmal versuchen; ein paar Zeilen von Ihnen denk
447 2299 1809 2433 ich wären von allergrössten Wert. Uebrigens schreibt
436 2365 1741 2492 ich auch an den Baron W.; bielleicht hat er eine
440 2479 1459 2570 dere Bitte an Sie.-Also auf sehr bald
438 2538 1232 2635 sehen und herzliche Grüsse. Ihm
