2115 3239
1559 551 1685 663 152
334 566 744 684 A.S. an H.v.H.
1066 658 1692 804 Wien, 15. Oktober 1904.
892 646 1016 785 106
349 753 699 869 Lieber Hugo!
1685 821 1857 886 l'Etatité. M. r
637 806 1748 963 Dass Sie Lindemann Ihre Stücke verweiger-
349 922 1836 1059 ten, wundert mich, denn dazu liegt meiner Empfindung nach
345 1025 1754 1134 keine Ursache vor. Fischer schrieb mir vor Monaten, er
349 1100 1784 1231 wolle seinen Autoren das Ansinnen stellen, aus Ursache
349 1186 1748 1313 des bewussten Streitfalles zwischen ihm und L.resp.
350 1291 1786 1400 swischen mir und L. in Betreff des "Einsamen Wegs", dem
345 1375 1848 1478 L.schen Unternehmen,ihre dramatischen Arbeiten bis auf
354 1445 1833 1574 Weiteres zu verweigern. Ich sprach mich mit Entschieden-
349 1546 1846 1641 heit dagegen aus, da mir jede Art von Soldarität ziem-
347 1638 1814 1748 lich zuwider ist und ich besonders in dem vorliegenden
349 1701 1810 1819 Fall es auch von jedem andern Autor unrichtig gefunden
354 1814 1724 1926 hätte, aus einer rein privat-prozessualen Sache eine
354 1907 1808 1997 öffentliche Affaire zu machen und damit vielleicht an-
354 1964 1855 2085 dere Leute, die die ganze Geschichte nicht interessiert,
354 2052 1795 2189 materiell zu schädigen. Damit erledigt sich Ihre Frage
360 2145 1786 2254 von selbst, und ich bitte Sie nur, ohne jede Rücksicht
354 2226 1818 2359 auf mich, auch bei Lindemann Ihre Stücke ganz nach Gut-
354 2316 909 2443 dünken zu placieren.
