2250 3336
411 677 818 805 A.S. an H.v.H.
1637 702 1758 793 136
921 725 1065 846 (98)
1260 787 1555 892 30.6.1904.
427 864 1772 963 Mein lieber Hugo, es geht mir noch recht gelb, aber
411 953 1840 1070 doch im ganzen besser, dass Sie bald kommen wollen, ist
416 1040 1815 1141 sehr lieb, ich schlage Ihnen z. B. vor Mittwoch Mittag
407 1141 1829 1242 bei uns zu speisen, vielleicht kann ich da auch schon
409 1219 1797 1322 ein bischen spazieren gehn. Für die "Kunst" schönen
396 1305 1815 1427 Dank. Antworten Sie recht bald. Auch jeder andere Tag
396 1381 823 1513 geht natürlich.
793 1470 1285 1577 Herzlichst Ihr A.
1664 1525 1760 1641 de
885 1808 987 1895 P.P.
