2243 3367
498 546 1137 724 A.S. an H.v.H. 54
1081 648 1496 771 Ischl. 21.7.97.
404 736 1778 855 Mein lieber Hugo, dass wir uns erst im Herbst sehen
410 848 1751 966 werden, ist mir sehr leid.-Lassen Sie nur von sich
408 930 1748 1071 hören; auch zeigen Sie mir an, wohin ich Ihnen die
406 1042 1475 1150 zwei letzten Mozartbände schicken soll.
408 1121 1807 1250 Richard ist nun zu einer wirklichen Radpartie nicht
413 1207 1794 1338 zu bewegen; ich aber fahre, wenn das Wetter gut ist,
401 1318 1821 1426 Freitag (mit einem kleinen Schwager) nach Salzburg.
408 1387 1785 1514 Samstag: Salzb.-Berchtesgaden- Ramsau-Zell am See.
404 1489 1845 1597 Sonntag-an der Bahn, so weit ich komme, um Mittags ein-
417 1590 1636 1714 zusteigen und am Abend in Wien einzutreffen.-
449 1663 1776 1800 Neulich war ich in Aussee bei den Loebs; gestern
465 1766 1800 1899 waren sie in Ischl. Clara fühlt sich sehr verlas-
463 1854 1825 1978 sen von Ihnen. Sie hat es anders ausgedrückt; aber
467 1978 979 2093 das ist der Sinn.-
467 2015 1782 2157 Sie wissen wohl, dass Burckhardt die Jordan nicht
462 2157 771 2251 aufführt?-
526 2195 1847 2337 Ich ärgere mich sehr; umso mehr als ich zu ahmen
525 2299 1820 2398 glaube, wo die Gründe liegen und wer eigentlich
571 2367 1705 2526 sagen wir "mit"-schuldig ist.-
