2243 3367
452 665 1089 863 A.S. an H.v.H. (53)
1069 756 1488 882 Ischl, 15.7.97.
448 852 1830 971 Mein lieber Hugo, ich kann keineswegs Anfang August
452 932 1821 1052 mit Ihnen zusammentreffen - Sie wissen ja, dagegen
456 1050 1930 1162 unterbreiten Richard und ich Ihnen einen andern Vor-
452 1145 1917 1252 schlag. Wir wollen Ihnen weiter, resp. näher entgegen.
461 1200 1851 1338 Ich möchte z. B. Freitag den 23. von hier fort, nach
461 1317 1912 1423 Salzburg, dann per Rad (wenn sich meines bis dahin er-
463 1413 1838 1512 holt hat und Richard nicht faul ist) über Reichen-
459 1499 1949 1610 hall, Lofer nach Zell an See. Ich resp. wir würden Sam-
471 1573 1856 1682 stag Früh in Zell am See sein, dort verbringen wir
476 1671 1919 1788 den Tag miteinander. Und abend führe ich nach Wien.-
471 1747 1891 1882 Es handelt sich also darum, ob Sie auf einen Tag von
472 1840 1938 1967 der Fusch weg können. Wenn Andrian mit Ihnen fahren
476 1930 1808 2090 wollte, so käme er mit. Grüssen Sie ihn herzlich
495 2032 1908 2166 von mir; es geht ihm hoffentlich wieder besser. Jahn
487 2158 973 2251 2. Band bekommen?-
500 2208 1930 2334 - Auf einen schönen Sommertag mit Ihnen, wenn's schon
485 2301 1934 2432 nicht mehr sein können, möcht ich nicht gern verzich-
504 2403 1856 2532 ten, aber Sie sollen sich auch nicht die geringste
500 2492 1071 2614 Ungelegenheit machen.
984 2516 1369 2616 Herzlichst Ihre
1362 2534 1584 2677 Arthur.
