3558 3608
1379 759 1713 878 Freitag, abend
2155 746 2669 934 lieber Arthur.
1490 842 1656 961 24¼
897 782 1355 1026 Lieber Arthür!
1953 872 2958 1023 Bahn stellte mir zu meiner Freude,
827 961 1662 1108 Einde das Benehmen des Fels nicht
1966 969 3051 1131 folgenden Antrag? er sei in Stande
610 1055 1607 1181 recht verständlich. Ich habe die ganze
1967 1105 3057 1253 und gern bereit, fals von Anfang
614 1125 1721 1260 Geschichte sogleich an J. J. David geschrieben,
624 1217 1733 1337 und von seiner größeren Rautim in Journal-
1954 1228 3061 1393 März an mit einem Gehalt von
611 1289 1768 1409 sachen einen Rath erbeten. Es antwortet mir er kann
1973 1342 3009 1505 100 fl in der deutschen Zeitung.
621 1350 1748 1484 nichts thüren, ist übrigens durch das „freundhafte“
613 1444 1612 1574 Willchweigen des Fels vollkommen
2018 1494 3084 1633 als Redacteur unterzubringen.
630 1500 1744 1669 disgustiert“. Heute Nacht spreche ich Bahr
1960 1610 3048 1765 Es handelt sich nur um Fähigkeit
626 1620 1706 1756 und schreibe Ihnen jurumatisch das
623 1703 1032 1838 Resultat
2795 1713 3035 1832 dritten.
971 1761 1066 1834 _
1161 1741 1261 1824 H.F.P.
2010 1735 2726 1876 und bereitwilligkeit.
641 1789 1606 1926 Ich werde mit meinem Einunter.
2015 1845 3041 2002 Personen werden Sie ist vorläufig.
644 1868 1645 2012 Sonntag fertig und möchte daß wir
640 1959 1736 2101 den Nachmittag 4 - G miteinander
1996 1972 2846 2114 abensowenig erzählen, wie ich.
617 2055 1688 2208 verbringen, Land oder Stadt, damit
2013 2082 2986 2260 falls wir Sonntag bei Ihnen
636 2151 1688 2295 ich ihn vorlesen kann, natürlich nur
2062 2256 3107 2392 Zusammenkommen, zu welchem
656 2254 1706 2396 unter uns 5 /die hex mitgerechnet,
646 2352 1583 2500 Bei dieser Gelegenheit besprechen.
657 2467 1583 2622 wohl am besten daß unmi¬
