3524 3624
1733 687 2014 847 13 Juli.
1436 714 1671 878 Bad Fusz
952 979 2196 1179 Mir fehlt hier irgend etwas, was weiß ich selbst
943 1076 2126 1267 nicht. Vielleicht Sonne. Viellleicht Larm!
929 1171 2140 1323 Dann wird wohl Salzburg helfen. Ich habe
924 1236 2230 1393 einen diken Paletot an, auf dem Papier langen
948 1323 2157 1509 grelle kalte Lichter, der Brunnen plätschert
945 1383 2258 1576 und es nicht nach reinlichen kleinen Kindern.
965 1468 2264 1655 Wenn das eine Stimmung ist, so ihr zumündesten
934 1548 2238 1771 richt die, die ich brauchen kann. An attendant
970 1661 2197 1851 leß ich Nietzsche und freie mich wie in seiner
961 1713 2260 1941 kaltem Klarheit, der hellen Leicht der Lordilleren,
958 1844 2246 2019 meine eigenen Gedanken schön crystallisieren.
965 1931 2202 2139 Ich denke sehr viel, wie immer wenn mir
953 2005 2160 2240 nichts einfällt, und schleck künftige
992 2055 2255 2317 Geburtstagstorten ab: daß heißt ich genieß.
970 2186 2291 2372 in zahllosen Plän in das Beste von künftigen
996 2253 2279 2443 Arbeiten: das Gemien vor der tragischen Situation
992 2335 2255 2534 und die Freude am Lombinderen. Wozu verderbt
1002 2444 2158 2614 man sich daß eigentlich alles, indem man
1022 2536 2256 2724 die schlechteste Momentphilographie davon
1053 2609 2193 2794 Ersthält und aufhebt. Dumme Erage (
