2250 3336
1429 535 1542 691 145
791 592 925 693 103
245 585 651 736 A.S. an H.v.H.
250 668 1503 808 wird. Sie ersehen daraus jedenfalls, dass wir zu
250 752 1615 886 Ischl entschlossen sind, wo wir fürs erste Quartier
250 858 1604 996 nehmen, Ausflüge machen (Olga kennt das Salzkammer-
261 929 1670 1056 gut gar hicht), und ich sehne mich auch sehr nach ein
259 1040 1680 1168 paar schönen Radtouren mit Ihnen, Auch zu einer Fuss-
268 1136 1643 1230 partie (Bucksack!) wäre ich zu haben. Nicht unmöglich
268 1212 1691 1335 ist es, dass ich dann auch noch mit Olga weiterfahre,
271 1303 1576 1429 Tirol, Bozner Gegend, und falls das Wetter allzu
275 1374 1647 1517 herbstlich wird. München. Wir sehen uns ja jedenfalls
275 1484 1549 1588 schon am ersten Ischler Tag, aber sagen Sie mir
277 1554 1624 1687 doch gleich, wann Sie wieder in Rodaun zurück sein
277 1656 1643 1801 müssen oder wollen. Wohnen wollen wir in der Kaiser-
277 1758 482 1849 krone.-
284 1758 1691 1943 Sind Sie mit dem "geretteten" fertig Mir geht es mit
285 1920 1617 2010 dem Arbeiten nicht übel und ginge mir gewiss noch
289 1992 1636 2113 besser, wenn nicht mein Widerwillen gegen den phys.
282 2088 1613 2189 Akt des Schreibens immer beträchtlicher würde und
280 2189 1700 2278 sich oft genug in leichten Schreibkrämpfen Äusserte.
282 2263 1613 2380 Danke sehr betreffs V.S.; mein Aerger hat sich na-
285 2329 1625 2490 türlich schon gelegt-matürlich würde es mich aber
