2255 3335
1640 530 1742 646 ...
1636 641 1742 717 190
415 672 835 803 A.S. en H.v.H.
947 641 1064 796 123
1233 693 1668 852 Wien, 4.10.1910.
407 825 906 962 Mein lieber Hugo.
799 833 1892 1022 Mein Telegramm hat Sie hoffentlich noch
424 975 1897 1124 in München erreicht. Es war mir nicht möglich eine te-
428 1094 1866 1206 lefonische Verbindung mit Rosenbaum zu bekommen. Bald
435 1169 1899 1289 war er auf der Probe, bald hat sich überhaupt niemand
431 1244 1847 1373 gemeldet. Berger selbst war verreist und bis gestern
430 1341 1873 1442 noch nicht zurückgekehrt. So habe ich also Ihren Be-
437 1406 1903 1526 setzungsvorschlag an die Direktion schriftlich mitge-
443 1524 1868 1649 teilt und mich zugleich damit sehr einverstanden er-
437 1586 1905 1742 klärt. Im übrigen lag Ihrem Brief kein Besetzungsvor-
443 1688 1884 1826 schlag des Burgtheaters bei Sie schreiben von Tress-
439 1769 1881 1886 ler für den Claudio, was wirklich lächerlich wäre. Wie
452 1851 1894 1996 sonst die Rollen hätten verteilt werden sollen, weiss
452 1944 1886 2093 ich nicht, nur dass die Bleibtreu für den Tod in Aus-
461 2032 1903 2168 sicht genommen war, hatte ich schon früher gehört, ohne
458 2138 1961 2248 für diese Idee sehr eingenommen zu sein. Ich hoffe übri-
452 2226 1890 2364 gens Sie haben sich auch persönlich an die Direktion
461 2314 1897 2459 gewandt, was ich doch jedenfalls viel wirksamer fände
