3535 3624
1614 942 2205 1114 Tumacz bei Stanislau
1934 1040 2198 1145 (Golizien)
1441 1141 2184 1265 K. u. H. 8 tes Uklanenregiment
1662 1229 2178 1373 Sonntag 17 tne Mai
1144 1441 1511 1585 lieber Arthur!
1065 1533 2188 1685 vor einer Woche hat mir meine Mutter
1054 1660 2168 1835 geschrieben, be hätten mit ihr gesprochen.
1106 1791 2223 1972 uns ihr erzählt, daß im Herbst wieder
1097 1932 2168 2086 ein Stück von Ihnen aufgeführt
1128 2069 2217 2231 werden wird. Das hat mich, wie ist der
1130 2202 2154 2388 Zufall ernehmal bringt, so christorisch“
1128 2361 2108 2533 berührt. Die junge Zeit, seit wir
1145 2485 2099 2646 uns kamen, ist mir als ein
1156 2587 2288 2797 ganzes eingefallen, wie eine Landschaft,
