2272 3272
1285 699 1785 816 26.7.1928. Bl.3
370 722 761 821 A.S. an H.v.H.
695 755 1065 876 143
400 841 1749 987 scheint; es ist wahrhaftig Dichtung für Musik und
784 946 867 979 G. H. P.
405 915 1753 1052 aus Musik zugleich. Die beiden Akte sind mir jeder
405 995 1735 1159 für sich, einleuchtender, als in ihrem innern Zusammen
761 1114 850 1166 G.H.P.
411 1090 1824 1242 menhang; das ganze Problem hat mich sehr bewegt, und
411 1180 1813 1314 ich denke, Sie hätten es noch tiefer erschöpft, wenn
419 1289 1719 1426 Sie sich - ohne jeden Gedanken an und ohne Jede
423 1383 1758 1532 Rücksicht auf Melodisierung und auf Operisieruug
419 1477 1772 1609 Ihrem dramatischen ingenium hätten hingeben dür-
425 1568 1808 1682 fen (wie ich derartiges in Ihren einleitenden Wor-
437 1646 1852 1779 ten schon in der N.Fr.Pr., wunderbar angedeutet fand.
428 1731 1831 1873 Nur mit den Liebestränken, besonders den Rosierungs-
432 1809 1859 1953 möglichkeiten konnt ich mich nicht befreunden;irgend
441 1911 1856 2065 wo in mir steckt doch ein Pedant und Nationalist und
443 2014 1870 2151 der Teufel soll mich holen, am Ende gar ein Recensent
443 2092 1806 2240 Nun, mein lieber Hugo, lassen Sie sich nochmals dankt.
1250 2186 1845 2309 xxx bestes und gutes würden.
443 2201 1150 2320 und nach allen Richtungen
1552 2291 1669 2417 sich
450 2289 1374 2423 schen. Und wer weiss, vielleicht sie
443 2385 807 2520 wieder einmal
