2088 3287
967 612 1161 727 64
480 689 933 818 A.S. an H.v.H.
1169 696 1650 872 Tegernsee 5.8.98.
491 846 1771 959 Mein lieber Hugo, die Radtour, die wir vor haben,
494 934 1860 1084 ist (ungefähr) Basel-Biel bis hinunter zum Genfer-
498 1075 1763 1154 see. Ob wir nur am Genfersee bleiben oder dann
494 1159 1733 1267 bis ins Italienische hinüberfahren, können wir
494 1215 1830 1357 uns an Ort und Stelle überlegen. Jedenfalis steht
494 1312 1851 1436 die Sache heute so, dass ich nicht nur bis zum 20.2
485 1402 1820 1543 Zeitbhabe, sondern bis Ende August mit Ihnen blei-
491 1489 1799 1639 ben kann und auch Lust habe mich an irgend einen
489 1616 1884 1712 See zu setzen. Dazu ist ja auch Richard vielleicht
489 1696 1439 1799 zu haben, es könnte sehr schön sein.
494 1777 1850 1909 Nun zu den Modalitäten unserer Bege nung. Ich bin
485 1898 1799 1999 am 12. in München (aus verschiedenen Gründen muss
485 1945 1811 2088 ich nach München, und kann nicht nach Innsbruck )
482 2050 1684 2177 und schlage Ihnen daher vor: treffen wir uns
482 2140 1763 2265 entweder am 12. in München oder, was Ihnen wahr-
473 2239 1716 2363 scheinlich bequemer sein wird, am 13. in Basel.
485 2319 1712 2427 (Sie führen dann direkt Wien-Innsbruck-Basel,
470 2401 1655 2549 München ist ein kleiner Umweg für Sie). Ich
