3140 3640
116 852 1249 967 nicht bös, aber ich bin sicher wie wurden u
125 922 1244 1045 schrecklich meines machen und beinahe streit
126 977 1238 1118 wie nach so gute, gleichgeertete, männliche
116 1080 1276 1207 Raturax sahme nicht die Große nicht unter einander
931 1130 1265 1218 unterzugesen
135 1166 1192 1270 wenn zwischen ihnen etwas Halbwährer
159 1221 1213 1339 beunruhigend herumwimmelt. Deswege
140 1280 1310 1433 nerden Sie doch herkommen, schon allein
131 1363 1290 1500 um diese jugendliche Behauptung von „Salbenshof“ zu ver¬
169 1449 1313 1589 wozu K ja durch ihre oftbesprochene Überschätzung
144 1527 1320 1648 der weiblichen Individualitäten so geeignet sind.
132 1582 1328 1736 Glücklich der, welcher unstande ist, Gestalten
148 1653 1328 1827 zu schaffen, an die er glaubt, denen lassen Sie sich nicht
157 1740 1339 1874 sondern glauben K. ruhig weiter, auf die hatzen
1140 1792 1216 1840 e
157 1804 1323 1944 Wirkliche Kommts nicht in, denn vielleicht geistet es zur
1143 1890 1342 1971 nicht.
150 1911 1342 2055 Ich glaube, wir brauchen Sie darüber
144 1985 1224 2125 Licht aufzuklären, Sie haben ein so Markes Wafsch
181 2085 1270 2211 daß Sie auch den dreifachen Sinn dieses 1
203 2167 1323 2303 Briefes erkannt haben werden, worüber Al¬
530 2281 613 2323 ...
186 2251 1347 2386 mühsener in Wien mir (nur hier)
205 2354 1135 2480 Auskunft geben können.
561 2432 873 2588 Seylich
989 2493 1077 2605 Yr
