3530 3672
672 931 1641 1096 Auf die Zuwertung, dies herzunehmen,
731 1075 1617 1229 einer erdoggelten Lebhaftigkeit
634 1205 1545 1407 das Vorstellung. Es lebt zu Mutter
682 1367 1610 1521 für mich in diesen Stunden – und
631 1509 1500 1650 immer wieder, nach 10 nach 15,
625 1637 1451 1811 nach 20 Jahren kommt bei
648 1773 1470 1927 mich in einsamer Spaziergang,
622 1912 1507 2060 eine Freiliede Architssteuerde, in
627 2040 1614 2179 das ein Todtes so willig auflebt
646 2174 1442 2319 Dies ist eines to Ichsinnissi¬
656 2309 1108 2464 unsere Innern
615 2448 1565 2571 Es ist mir in lieb Gedanke, daß
625 2559 1576 2761 Sie noch die Qual diese Tage daran
1878 864 2756 1108 gehen, in diesterischt Gehilde, in
1826 1100 2575 1240 den so viel Ihres stöcksten
1823 1214 2889 1403 raschte unsere Lehns zusammengebrängen.
1816 1326 2642 1496 ist, auf Eitrüsses bringen.
1807 1490 2751 1642 daß man auf diese Meist, diese
1840 1580 2732 1815 wie in den Kindern, irgend etwas
1759 1795 2681 1941 anlich untergibt, gleichsam
1851 1907 2639 2090 aus Unendlichs untergibt.
1812 2083 2873 2305 ist für mich aus an de Congrifationen
1795 2224 2708 2401 Es gibt noch Gesinnis voller
1863 2385 2788 2487 man man nicht ich die Mysterinie
1828 2491 2721 2604 Aßhebend eindringt, nie ist
1858 2580 2578 2772 massel gepottet, aber
