<?xml version="1.0" encoding="UTF-8" standalone="yes"?>
<PcGts xmlns="http://schema.primaresearch.org/PAGE/gts/pagecontent/2013-07-15" xmlns:xsi="http://www.w3.org/2001/XMLSchema-instance" xsi:schemaLocation="http://schema.primaresearch.org/PAGE/gts/pagecontent/2013-07-15 http://schema.primaresearch.org/PAGE/gts/pagecontent/2013-07-15/pagecontent.xsd">
    <Metadata>
        <Creator>prov=READ-COOP:name=TrHtr:version=2.1.0:model_id=51170:date=25_07_2023_14:45</Creator>
        <Created>2023-05-01T21:59:38.397+02:00</Created>
        <LastChange>2023-07-25T14:45:30.911+02:00</LastChange>
        <TranskribusMetadata docId="1416441" pageId="54947538" pageNr="179" tsid="130684175" status="IN_PROGRESS" userId="64420" imgUrl="https://files.transkribus.eu/Get?id=XMMCHSEJPYJFCYBZMGBMYCZZ&amp;fileType=view" xmlUrl="https://files.transkribus.eu/Get?id=UIMETASPKLGAWVCDKYCDUUYW" imageId="44451615"/>
    </Metadata>
    <Page imageFilename="1416441_0179.jpg" imageWidth="2252" imageHeight="3016">
        <ReadingOrder>
            <OrderedGroup id="ro_1711830717297" caption="Regions reading order">
                <RegionRefIndexed index="0" regionRef="tr_2"/>
                <RegionRefIndexed index="1" regionRef="tr_1"/>
            </OrderedGroup>
        </ReadingOrder>
        <TextRegion id="tr_2" custom="readingOrder {index:0;}">
            <Coords points="516,583 1908,583 1908,1595 516,1595"/>
            <TextLine id="tr_2_tl_1" custom="readingOrder {index:0;}">
                <Coords points="1646,652 1665,653 1677,648 1686,657 1693,652 1701,660 1720,665 1730,676 1739,676 1742,581 1730,583 1715,571 1679,576 1650,569"/>
                <Baseline points="1657,636 1699,633 1743,633"/>
                <TextEquiv>
                    <Unicode>173</Unicode>
                </TextEquiv>
            </TextLine>
            <TextLine id="tr_2_tl_2" custom="readingOrder {index:1;}">
                <Coords points="504,722 556,725 722,686 779,703 818,686 924,688 926,631 890,617 813,607 739,617 689,593 647,607 509,580"/>
                <Baseline points="516,683 525,680 570,683 615,683 659,680 704,677 749,677 794,677 839,674 883,671 928,668"/>
                <TextEquiv>
                    <Unicode>A.S. an H.v.H.</Unicode>
                </TextEquiv>
            </TextLine>
            <TextLine id="tr_2_tl_3" custom="readingOrder {index:2;}">
                <Coords points="1080,695 1099,689 1120,700 1146,703 1152,710 1161,701 1164,707 1176,707 1183,545 1159,545 1142,556 1134,547 1128,549 1113,539 1087,542"/>
                <Baseline points="1092,677 1137,677 1182,674"/>
                <TextEquiv>
                    <Unicode>3</Unicode>
                </TextEquiv>
            </TextLine>
            <TextLine id="tr_2_tl_4" custom="readingOrder {index:3;}">
                <Coords points="1736,756 1749,760 1760,755 1772,763 1801,767 1811,756 1828,763 1849,753 1862,763 1871,763 1876,688 1859,684 1852,691 1837,683 1821,693 1806,683 1778,691 1770,683 1739,695"/>
                <Baseline points="1746,728 1788,728 1833,725 1878,722"/>
                <TextEquiv>
                    <Unicode>fuh¬</Unicode>
                </TextEquiv>
            </TextLine>
            <TextLine id="tr_2_tl_5" custom="readingOrder {index:4;}">
                <Coords points="504,779 623,813 712,777 878,804 935,767 1237,804 1338,770 1519,777 1525,657 1032,719 909,686 508,724"/>
                <Baseline points="516,770 540,776 585,776 630,773 674,773 719,770 764,767 809,767 854,764 898,764 943,761 988,761 1033,758 1077,755 1122,755 1167,752 1212,749 1257,749 1301,746 1346,743 1391,743 1436,740 1481,737 1525,731"/>
                <TextEquiv>
                    <Unicode>mit dem Präulein nach Wien spediert.</Unicode>
                </TextEquiv>
            </TextLine>
            <TextLine id="tr_2_tl_6" custom="readingOrder {index:5;}">
                <Coords points="516,890 1777,854 1892,840 1895,756 520,804"/>
                <Baseline points="528,865 552,865 597,865 642,862 686,862 731,860 776,860 821,857 865,857 910,854 955,854 1000,851 1045,851 1089,848 1134,845 1179,842 1224,842 1269,842 1313,839 1358,839 1403,836 1448,836 1493,833 1537,830 1582,830 1627,830 1672,827 1717,827 1761,824 1806,821 1851,824 1896,827"/>
                <TextEquiv>
                    <Unicode>ren nach Weimar, das uns aufs tiefste ergriff. Fred.</Unicode>
                </TextEquiv>
            </TextLine>
            <TextLine id="tr_2_tl_7" custom="readingOrder {index:6;}">
                <Coords points="1710,947 1725,945 1741,957 1754,943 1778,938 1792,943 1833,926 1844,933 1868,928 1866,866 1838,864 1826,871 1801,863 1792,871 1761,873 1720,861 1708,864"/>
                <Baseline points="1720,913 1764,916 1809,916 1854,916 1872,916"/>
                <TextEquiv>
                    <Unicode>ein p</Unicode>
                </TextEquiv>
            </TextLine>
            <TextLine id="tr_2_tl_8" custom="readingOrder {index:7;}">
                <Coords points="516,976 1355,962 1588,933 1590,870 1348,895 1151,851 518,892"/>
                <Baseline points="525,958 561,955 606,955 650,952 695,952 740,952 785,952 830,952 874,952 919,949 964,946 1009,943 1054,943 1098,940 1143,937 1188,934 1233,934 1278,934 1322,931 1367,931 1412,928 1457,928 1502,925 1546,922 1591,925"/>
                <TextEquiv>
                    <Unicode>äusserst sympathisch, aber recht leidend</Unicode>
                </TextEquiv>
            </TextLine>
            <TextLine id="tr_2_tl_9" custom="readingOrder {index:8;}">
                <Coords points="525,1065 971,1082 1300,1029 1648,1055 1693,1043 1696,952 993,993 527,972"/>
                <Baseline points="534,1045 579,1045 624,1045 668,1042 713,1042 758,1042 803,1039 848,1039 892,1036 937,1036 982,1033 1027,1030 1072,1030 1116,1033 1161,1033 1206,1030 1251,1027 1295,1024 1340,1024 1385,1021 1430,1021 1475,1021 1519,1018 1564,1015 1609,1012 1654,1009 1699,1006"/>
                <TextEquiv>
                    <Unicode>Tage mit uns zusamen. Von Weimar nach Ilme</Unicode>
                </TextEquiv>
            </TextLine>
            <TextLine id="tr_2_tl_10" custom="readingOrder {index:9;}">
                <Coords points="520,1175 1442,1116 1878,1151 1881,1036 523,1074"/>
                <Baseline points="531,1134 540,1134 585,1134 630,1134 674,1134 719,1131 764,1131 809,1128 854,1128 898,1128 943,1125 988,1125 1033,1122 1077,1122 1122,1119 1167,1119 1212,1116 1257,1116 1301,1113 1346,1113 1391,1113 1436,1113 1481,1113 1525,1110 1570,1107 1615,1104 1660,1101 1705,1101 1749,1098 1794,1098 1839,1098 1884,1095"/>
                <TextEquiv>
                    <Unicode>den Kickelhahn; von Ilmenau zu Wagen durch den rein</Unicode>
                </TextEquiv>
            </TextLine>
            <TextLine id="tr_2_tl_11" custom="readingOrder {index:10;}">
                <Coords points="533,1243 1559,1247 1895,1209 1897,1158 1718,1128 1573,1173 1453,1125 1008,1180 535,1140"/>
                <Baseline points="543,1227 555,1227 600,1227 645,1227 689,1221 734,1221 779,1221 824,1221 868,1221 913,1221 958,1218 1003,1218 1048,1218 1092,1215 1137,1215 1182,1212 1227,1212 1272,1212 1316,1209 1361,1209 1406,1206 1451,1206 1496,1203 1540,1203 1585,1203 1630,1200 1675,1197 1720,1197 1764,1194 1809,1191 1854,1188 1899,1185"/>
                <TextEquiv>
                    <Unicode>vollen Thüringer Wald über die Schnucke, nach Ober-</Unicode>
                </TextEquiv>
            </TextLine>
            <TextLine id="tr_2_tl_12" custom="readingOrder {index:11;}">
                <Coords points="528,1339 1739,1291 1902,1322 1905,1240 530,1262"/>
                <Baseline points="537,1322 564,1319 609,1319 653,1319 698,1313 743,1313 788,1313 833,1310 877,1313 922,1310 967,1307 1012,1307 1057,1307 1101,1307 1146,1304 1191,1304 1236,1304 1281,1304 1325,1301 1370,1298 1415,1298 1460,1295 1505,1295 1549,1295 1594,1295 1639,1292 1684,1290 1728,1290 1773,1287 1818,1287 1863,1284 1908,1278"/>
                <TextEquiv>
                    <Unicode>hof, das sich ganz alpenhaft gebärdet, gleich weiter</Unicode>
                </TextEquiv>
            </TextLine>
            <TextLine id="tr_2_tl_13" custom="readingOrder {index:12;}">
                <Coords points="528,1432 1645,1386 1849,1420 1893,1401 1895,1315 532,1343"/>
                <Baseline points="540,1406 555,1406 600,1406 645,1403 689,1403 734,1403 779,1400 824,1400 868,1400 913,1400 958,1397 1003,1394 1048,1394 1092,1394 1137,1394 1182,1394 1227,1391 1272,1394 1316,1391 1361,1388 1406,1388 1451,1385 1496,1382 1540,1382 1585,1382 1630,1379 1675,1379 1720,1376 1764,1376 1809,1373 1854,1373 1899,1367"/>
                <TextEquiv>
                    <Unicode>nach Eisenach, nach Nürnberg, wo wir das hübsche Ma-</Unicode>
                </TextEquiv>
            </TextLine>
            <TextLine id="tr_2_tl_14" custom="readingOrder {index:13;}">
                <Coords points="530,1511 1557,1511 1830,1487 1861,1423 1720,1391 1482,1434 532,1434"/>
                <Baseline points="540,1493 564,1496 609,1496 653,1496 698,1496 743,1493 788,1493 833,1490 877,1490 922,1490 967,1487 1012,1487 1057,1487 1101,1484 1146,1487 1191,1484 1236,1484 1281,1484 1325,1481 1370,1481 1415,1484 1460,1478 1505,1475 1549,1475 1594,1472 1639,1472 1684,1472 1728,1472 1773,1469 1818,1469 1863,1466"/>
                <TextEquiv>
                    <Unicode>rionettentheater von Brann sahen, und von da nach</Unicode>
                </TextEquiv>
            </TextLine>
            <TextLine id="tr_2_tl_15" custom="readingOrder {index:14;}">
                <Coords points="549,1605 1794,1609 1847,1597 1849,1504 551,1506"/>
                <Baseline points="558,1579 597,1582 642,1585 686,1585 731,1582 776,1582 821,1582 865,1579 910,1579 955,1579 1000,1579 1045,1576 1089,1576 1134,1576 1179,1576 1224,1573 1269,1573 1313,1570 1358,1570 1403,1567 1448,1567 1493,1564 1537,1567 1582,1564 1627,1564 1672,1561 1717,1561 1761,1558 1806,1558 1851,1558"/>
                <TextEquiv>
                    <Unicode>Wien. Hier sind wir seit beinah drei Wochen. Olga</Unicode>
                </TextEquiv>
            </TextLine>
        </TextRegion>
        <TextRegion id="tr_1" custom="readingOrder {index:1;}">
            <Coords points="540,1595 1911,1595 1911,2398 540,2398"/>
            <TextLine id="tr_1_tl_1" custom="readingOrder {index:0;}">
                <Coords points="528,1698 1231,1667 1700,1700 1874,1674 1876,1612 532,1604"/>
                <Baseline points="540,1678 579,1675 624,1675 668,1672 713,1672 758,1672 803,1672 848,1672 892,1669 937,1672 982,1669 1027,1666 1072,1666 1116,1666 1161,1666 1206,1663 1251,1666 1295,1663 1340,1660 1385,1660 1430,1660 1475,1660 1519,1657 1564,1657 1609,1654 1654,1651 1699,1654 1743,1651 1788,1654 1833,1648 1878,1645"/>
                <TextEquiv>
                    <Unicode>liess sich von Julius eine Kleinigkeit an den Füsse</Unicode>
                </TextEquiv>
            </TextLine>
            <TextLine id="tr_1_tl_2" custom="readingOrder {index:1;}">
                <Coords points="540,1785 1840,1780 1907,1753 1909,1674 540,1715"/>
                <Baseline points="549,1767 552,1767 597,1767 642,1767 686,1764 731,1764 776,1764 821,1761 865,1761 910,1761 955,1761 1000,1758 1045,1755 1089,1755 1134,1755 1179,1755 1224,1755 1269,1755 1313,1755 1358,1755 1403,1752 1448,1752 1493,1749 1537,1746 1582,1746 1627,1746 1672,1746 1717,1743 1761,1743 1782,1743 1821,1740 1866,1740 1911,1737"/>
                <TextEquiv>
                    <Unicode>sen operieren, so dass sie noch nicht Teunis spiele</Unicode>
                </TextEquiv>
            </TextLine>
            <TextLine id="tr_1_tl_3" custom="readingOrder {index:2;}">
                <Coords points="532,1864 916,1900 1125,1850 1753,1871 1773,1766 1401,1809 1151,1778 1005,1816 864,1778 611,1813 533,1785"/>
                <Baseline points="543,1854 567,1854 612,1854 656,1854 701,1851 746,1851 791,1851 836,1851 880,1851 925,1851 970,1851 1015,1848 1060,1845 1104,1845 1149,1845 1194,1845 1239,1845 1284,1845 1328,1845 1373,1845 1418,1845 1463,1839 1508,1839 1552,1836 1597,1836 1642,1836 1687,1833 1731,1833 1776,1830"/>
                <TextEquiv>
                    <Unicode>kann. Ich hingegen sehr fleissig, beinah täglic</Unicode>
                </TextEquiv>
            </TextLine>
            <TextLine id="tr_1_tl_4" custom="readingOrder {index:3;}">
                <Coords points="540,1972 631,1952 665,1979 1055,1981 1231,1945 1355,1984 1504,1943 1504,1881 1341,1895 1123,1850 909,1904 818,1869 660,1904 540,1890"/>
                <Baseline points="549,1946 567,1946 612,1943 656,1940 701,1940 746,1940 791,1940 836,1940 880,1943 925,1940 970,1938 1015,1938 1060,1940 1104,1938 1149,1938 1194,1938 1239,1935 1284,1935 1328,1932 1373,1932 1418,1932 1463,1929 1508,1926"/>
                <TextEquiv>
                    <Unicode>Wassermann, Agnes Speyer, Speidel und</Unicode>
                </TextEquiv>
            </TextLine>
            <TextLine id="tr_1_tl_5" custom="readingOrder {index:4;}">
                <Coords points="539,2067 573,2056 676,2091 768,2058 849,2082 906,2049 976,2087 1163,2077 1166,1972 902,1974 821,1996 636,1986 600,1959 542,1969"/>
                <Baseline points="549,2033 585,2036 630,2036 674,2033 719,2030 764,2030 809,2030 854,2030 898,2030 943,2030 988,2030 1033,2027 1077,2027 1122,2024 1167,2021"/>
                <TextEquiv>
                    <Unicode>nig. Beschäftigt mit ein</Unicode>
                </TextEquiv>
            </TextLine>
            <TextLine id="tr_1_tl_6" custom="readingOrder {index:5;}">
                <Coords points="549,2151 600,2166 669,2137 808,2127 1031,2161 1074,2130 1211,2140 1213,2049 1118,2082 1074,2068 984,2089 906,2049 849,2082 767,2060 676,2091 551,2058"/>
                <Baseline points="558,2126 588,2123 633,2123 677,2126 722,2123 767,2120 812,2120 857,2123 901,2123 946,2123 991,2120 1036,2117 1080,2117 1125,2117 1170,2114 1215,2117"/>
                <TextEquiv>
                    <Unicode>drei Jahren begonnen habe.</Unicode>
                </TextEquiv>
            </TextLine>
            <TextLine id="tr_1_tl_7" custom="readingOrder {index:6;}">
                <Coords points="549,2236 818,2228 933,2255 995,2231 1082,2248 1084,2157 991,2156 952,2135 863,2171 741,2157 688,2176 549,2151"/>
                <Baseline points="558,2212 597,2212 642,2212 686,2212 731,2212 776,2212 821,2212 865,2212 910,2212 955,2209 1000,2209 1045,2203 1089,2203"/>
                <TextEquiv>
                    <Unicode>wir alle auf den Se</Unicode>
                </TextEquiv>
            </TextLine>
            <TextLine id="tr_1_tl_8" custom="readingOrder {index:7;}">
                <Coords points="1161,2236 1182,2236 1197,2224 1207,2231 1221,2230 1226,2224 1238,2224 1238,2135 1225,2132 1200,2140 1176,2128 1173,2132 1170,2128 1161,2128"/>
                <Baseline points="1170,2206 1215,2203 1242,2206"/>
                <TextEquiv>
                    <Unicode>rte</Unicode>
                </TextEquiv>
            </TextLine>
            <TextLine id="tr_1_tl_9" custom="readingOrder {index:8;}">
                <Coords points="624,2343 676,2334 722,2350 779,2315 823,2341 864,2317 921,2341 1010,2308 1044,2319 1080,2308 1082,2247 960,2236 933,2255 878,2257 863,2243 797,2255 737,2224 626,2236"/>
                <Baseline points="633,2302 639,2302 683,2302 728,2302 773,2302 818,2302 862,2302 907,2302 952,2299 997,2296 1042,2293 1086,2293"/>
                <TextEquiv>
                    <Unicode>icht unmöglich, dass</Unicode>
                </TextEquiv>
            </TextLine>
            <TextLine id="tr_1_tl_10" custom="readingOrder {index:9;}">
                <Coords points="1187,2435 1202,2434 1209,2440 1225,2435 1231,2439 1238,2434 1247,2439 1261,2435 1269,2440 1283,2437 1285,2334 1271,2329 1259,2332 1233,2353 1213,2338 1188,2339"/>
                <Baseline points="1197,2388 1242,2385 1287,2385"/>
                <TextEquiv>
                    <Unicode>odo</Unicode>
                </TextEquiv>
            </TextLine>
        </TextRegion>
    </Page>
</PcGts>
