3547 3658
1072 1228 2448 1406 Zusammensitzin u. s. f. ein wirkliche Raum¬
1051 1370 2410 1509 esträgliche Gedanke. Überhaupt werden mir
1074 1444 2304 1608 Litteratur immer bedenklicher. Ah
1069 1548 2504 1687 kommt wohl auch aus für 1-2 Tap hinauf,
1060 1617 2433 1788 kommt vielleicht gar weiß. Bitte dergeschien
1056 1720 2459 1882 di ein dankes spätestens Mittens vermittag
1051 1837 2451 1965 näheres. Erentrück können sehr wohl die erte
1069 1907 2520 2055 Grahm bei ihm telegrafisch nach seinen Absichten
1069 1981 2419 2149 anfragen, schiefs Einteilung anderer Besuch
2037 2062 2574 2219 ihr alter März
1170 2080 2024 2233 Also aufbald, soffentlich.
