2274 3379
880 674 1807 796 (Wahrscheinlich Spätherbst 1905)
383 688 848 807 A.S. an H.v.H.
1302 761 1670 855 1905/06??
393 788 495 871 . Votre
715 780 824 848 G.C.F.P.
861 778 948 896 #
378 848 1672 963 Lieber Hugo, ich habe, da auch ich keine andere
1728 782 1828 925 P.
393 936 1905 1094 Adresse weiss, den Brief in die Direktion des Burg.Th.
406 1038 745 1171 geschickt.
416 1106 1857 1254 -Es ist jetzt mit dem Landfahren, besonders abends,
399 1165 1944 1318 keine sehr begeisternde Sachejes wäre mir schon lieber,
441 1302 1905 1445 wenn ich Sie, gelegentlich einer Wienfahrt, vorerst ein-
422 1379 1903 1514 mal hier zu sehen und zu sprechen bekäme. - Natürlich
437 1487 1946 1628 fahr ich, wenn die Hauptmanngeschichte zustande komnt.
405 1591 1181 1707 mit ihm zu Ihnen hinans. -
1676 1589 1809 1716 P.S.
645 1660 815 1720 mich
428 1682 1210 1788 -Ich freue auf Ihr Stück.-
433 1751 1911 1865 Ich habe gestern die Skizze des meinen-denn ich kann.
449 1834 1849 1961 es in keiner Weise ausgeführt nennen,- zu Ende dik-
1822 1911 1922 2005 G.F.P.
258 1961 372 2048 P.P.
453 1938 1894 2069 tiert, und ein schwere: Grundfehler des ganzen, der
505 2021 1815 2157 nun mit Evidenz zu Tage trat, hat mich auffallend
503 2134 1556 2234 tief verstimmt.-Mich in die Nacht und in
1171 2200 1412 2335 verfolg
559 2215 1004 2331 ein wirkliches
1061 2298 1246 2425 voren Sie
547 2306 867 2444 raum natürlich
