2121 3395
1270 757 1429 854 G.F.P
370 779 1188 940 A.S. an H.v.H.
297 854 1728 1006 nge noch: ich müsste nur noch um einiges mehr Dichte.
352 949 1763 1139 sein und die Welt dürfte Dramen von mir erwarten, die
360 1031 1794 1168 weder durch die Talentlosigkeit des Fräulein Schiff,
360 1141 1816 1309 noch durch die Bosheit des Herrn Rittner umzubringen.
1042 1267 1170 1336 le reste de ses
369 1279 562 1372 wären.
363 1298 1805 1449 Im Oedipus haben die Sandrock und Moissi am stärk-
374 1403 1798 1528 sten auf mich gewirkt (Dienstag den 24. Feber), die
381 1507 1840 1635 Sorma bei aller edeln Süssigkeit schien mir nicht ohne
370 1593 1739 1705 Manier. Was mit dem Chor(von Reinhardt) intendiert
392 1679 1832 1816 war, hat mich mässig ergriffen, in der Ausführung stör-
392 1748 1767 1887 te mich zuweilen bildlich gesprochen die überdeut.
392 1865 1776 1984 Arbeit der Maschinerie. Was mich aus dem 3. Akt des
407 1964 1799 2073 Werkes, das ich bewundere, entwas kühl angeweht hat, wie
394 2029 1863 2186 ich mir selbst noch nicht recht zu deuten - vielleicht
402 2130 1484 2276 war es nichts anderes, als dass ich nach
392 2223 1164 2351 wurde, während ich in höheren
427 2318 934 2440 nicht entlassen werden.
374 2420 934 2540 sonders beneide ist
423 2509 920 2630 beiten konnten, der
522 2606 818 2734 Pflichttre
