2250 3306
1558 578 1685 674 188
1139 586 1270 695 122
306 623 717 744 A.S. an H.v.H.
980 617 1128 736 22
312 664 1801 810 anfing;- und als ich es endlich, nach etwa zehnstündiger
312 775 1768 892 Wanderung erreichte.-gab es kein Bett im ganzen Ort,
317 841 1829 995 so dass ich gleich wieder hinunter fahren musste - (was
315 972 1794 1096 in jüngeren Jahren gewiss symbolisch empfunden worden
331 1069 510 1202 wäre.)
333 1139 1794 1264 Ich hoffe wir reisen heuer doch noch einmal weg, gegen
333 1209 1825 1336 Ende August.-St. Gilgen vielleicht, oder Ischl, aber kaum
337 1262 1905 1428 auf lang, da die Medardus-Proben sehr früh beginnen dürfl-
347 1400 1875 1529 ten. Es wäre wirklich schön, wieder einmal ein paar Som-
345 1459 1836 1611 mertage miteinander zu verleben; aber dass man sich in
345 1577 1883 1722 Wien so selten, ja nahezu schon gar nicht sieht, ist wahr-
351 1644 1910 1811 haftig nicht meine Schuld allein. Erstens reisen Sie viel
354 1759 1840 1891 zu viel - und wenn Sie von Rodaun nach Wien kommen, er-
356 1840 1770 1967 fährt man es doch meistens nur ganz zufällig
368 1916 1897 2051 oder gar nicht. Entschliessen Sie sich doch wieder öfter
366 2002 1829 2185 telegraphisch oder sonstwie sich anzusagen oder anzu-
368 2105 1866 2242 fragen - dann sollen Sie mich kennen lernen! Eine hi-
370 2191 1829 2345 storische Berichtigung: Welsberg ist nicht 4, sondern
374 2284 1838 2409 3 Jsahre her - auch lang genug! Haben Sie meine Karte
382 2372 1811 2520 aus Glion bekommen-was 12 Jahre her ist! - Man kann
