2151 3239
356 554 949 723 A.S. an H.v.H. (47
1720 624 1819 705 53
366 678 1705 822 bischen das Gefühl des „Menschenfreunds“ aus dem
1438 763 1602 823 G.C.F.P.
368 781 1833 887 Raimund'schen Märchen gehabt, -aber können wir wirkli-
364 885 1821 996 che Menschen uns auch "bessern?“ Mit Bewusstsein ent-
314 946 1505 1077 wickeln - das müsste wohl möglich sein! -
312 1054 1868 1190 - Sagen Sie mir ein Wort, wie es Ihnen und andern Leuten,
356 1168 1788 1265 von denen Sie gerade erzählen wollen, (was mir jeden-
302 1230 1804 1376 falle erwünscht wäre) geht.- Ich werde Ende Mai,spä-
347 1327 1866 1455 testens Anfang Juni, wieder in Wien sein. Das Wetter ist
333 1434 1881 1560 nicht schön; noch kenn ich eigentlich den Pariser Früh.
351 1509 684 1629 lung nicht.
345 1620 1515 1732 Grüssen Sie alle, die wir beide gern haben.
686 1717 1257 1837 Herzlich grüßt Sie
475 1726 657 1800 G.C.F.P.
1004 1802 1442 1914 Ihr Arthur.
479 1781 608 1899 G.F.P.
329 1874 1825 2025 Auch Ihren Eltern, bitte, empfehlen Sie mich freundlich.
969 2032 1068 2116 ====
620 2244 1285 2387 Mrs H. Smitted in October
