2236 3336
1616 553 1770 670 le
1657 651 1766 723 G.C.F.P
1605 679 1682 751 92
412 684 824 814 A.S. an H.v.H.
889 742 1017 863 74
1273 757 1504 866 6.7.99.
425 820 1794 972 Lieber Hugo, folgendes ist mit vollkommener Diskre-
436 968 948 1094 tion zu behandeln:
434 1020 1781 1191 Bahr verlässt die Zeit. Singer und Kanner waren
443 1130 1785 1291 bei mir. Lange Unterredung ohne Interesse für Sie
453 1222 1942 1363 (nur mich.) Das Wesentliche: sie möchten auf das Blat
443 1352 1794 1473 stellen: unter Mitwirkung von- etc. etc. nur erste
454 1428 1851 1560 Namen, ich möchte Sie fragen, ob Sie im Prinzip damit
454 1536 1747 1679 einverstanden wären, auch als "Mitwirkender" oder
473 1627 1803 1733 "ständig Mitwirkender" aufs Blatt zu kommen, neben
458 1707 1836 1848 Burckhardt. mich.-event. Hauptmann (an den ich mich
458 1820 1859 1931 über Brahm wende). Sie können natürlich ohneweiters
469 1885 1861 2042 zusagen. Für die Herausgeber scheint mir die Sache
473 1989 1864 2117 allerdings überflüssig : sie brauchten Arbeitskräf-
480 2124 918 2222 te, nicht Namen. -
482 2157 1799 2289 Ich bin noch hier ; und will über meine Stimmung
475 2232 1829 2371 nichts sagen, da nichts Neues und nicht Erfreuli-
492 2308 1938 2452 ches vorliegt. Gerade dass sich das Leben da und dort
486 2395 1942 2549 wieder zu melden anfängt, ist das traurige; es ist ein
