2250 3336
1398 606 1518 691 147
227 617 628 764 A.S. an H.v.H.
849 635 946 746 loz
971 698 1268 818 24.8.1904.
237 790 1653 923 Lieber Hugo, wenn es irgend möglich ist, so werden wir
234 905 1567 1011 am 3.bereit xx sein, jedesfalls wird es Gerty 3—4
237 968 1678 1090 Tage früher wissen. Wir wollen jedesfalls einige Zeit
234 1054 1612 1178 in Ischl bleiben; ja unsere eigentliche Absicht war,
241 1158 1653 1290 uns dort in Buhe niederzulassen und von dort hie und
243 1254 687 1358 da auszufliegen.
245 1324 1689 1443 Die Hotels an den Salzkammergutseen sind mir, soweit
248 1419 1612 1527 ich sie kenne, zuwider, und ich denke, wir werden uns
246 1500 1572 1612 eventuell auf Salzburg einigen? Ich denke ja Gerty
255 1588 1671 1698 bleibt auf ein paar Tage bei ihrer Mama in Ischl und
246 1666 1666 1804 Sie holen sie mindestens ab? Oder sind in Ischl, wenn
250 1777 1680 1867 sie ankommt? Oder kommen aus Aussee auf ein paar Stun-
255 1851 1662 1971 den herüber, bei welcher Gelegenheit man weiteres be-
255 1944 1667 2042 sprechen könnte?-Ausser Ischl hatten wir auch Salegg
261 2004 1592 2130 (bei Waidbruck) in Erwägung gezogen, wegen der, von
255 2141 1700 2238 Olga und mir sehr ersehnten (mässigen) Höhe und Stille.
264 2223 1678 2313 Salegg hätte dann auch den Vortheil, wenn der Herbst
295 2284 1696 2410 mit Macht hereinbricht, dass man Bozen, Meran ganz nahe
263 2396 410 2507 hat-.
