3438 3688
802 484 1057 654 N.N.
751 577 2181 795 es auf lange lebendig erleben werden.
753 839 2528 1075 Über Christianes Vermälung treuer bis uns sehr
790 978 2482 1177 Sie het ein besonders liebenswertes Wesen, ein
793 1101 2517 1330 sch etwas loyelen Charactes, viel Verwand, aber
806 1247 2401 1435 einen menschlichen keine tränenlassen, und
804 1430 2656 1574 Gerade die sütselen Waffen für den Lebenstampf,
837 1516 2540 1680 die aus der Fuhr, je mele Dieu ni ci, unro
837 1650 2424 1831 milsames gepben sind, sind ihr vertags. Es
756 1794 2561 1958 war vielleicht je seinten das gerade des han¬
795 1958 2357 2058 des ihren Weit je erkennen bestimmt was,
2394 1935 2552 2065 seil.
820 2044 2614 2209 unter den Besser dieses Generalisten, den gefallener,
813 2171 2401 2336 befunden hätte. Aber dieser gerade, den sie
800 2327 2660 2466 nun gefunden hat, ist aus vierjährigem Schützengebten
834 2417 2524 2577 dasein munter ud unverschr hervorgestiegen.
786 2593 2535 2739 Tit lernte iha diem Bruder in Heidelberg Eenver,
818 2716 2475 2857 und ich muss sagen, es gefiel mir sehr.
811 2809 2524 2976 Alles was er sagte, und wie er es sagte
853 2941 2572 3098 was mir gleich sympathisch. Dabei streifte
827 3078 2642 3205 mit mit einmal der Gedanke dass die
