2283 3313
462 570 934 712 A.S. an H.v.H.
1512 566 1746 694 164
1035 584 1194 722 /10
330 606 418 682 P.S.
1133 666 1618 795 Wien, 3.10.1905.
379 675 489 797 P.P.
444 754 1890 887 Lieber Hugo, den Buf des Lebens will ich jetzt gleich
444 853 1829 990 drucken lassen und möchte Ihnen, zu erhöhter Bequem-
444 936 1827 1068 lichkeit der Lektüre, die Korrekturbogen zusenden.
444 1025 1679 1136 Ich habe mich mit den 3. Akt nicht wenig geplagt.
1739 1044 1831 1163 und
427 1115 1836 1252 bin eines Tages an den Punkt gekommen, wo ich nicht
438 1218 1854 1326 höher konnte. Mir ist, als lägen gewisse Schwächen, die
444 1328 1791 1421 es wohl auch jetzt noch darbietet, mehr im einakts-
435 1416 1869 1494 cyklischen des Stoffs (worauf Sie selbst schon hinge-
440 1494 1874 1640 viesen haben) als in höchstmeiner Unfähigkeit begrü¬
433 1562 821 1665 det lägen.
435 1650 1807 1800 Hätte ich bezüglich des Zwischenspiels auf anderer
424 1759 1791 1858 Besetzung bestanden, so wäre ein Aufschub, ver weiss
422 1842 1663 1962 auf wie lang, unvermeidlich gewesen. Preuen Sie
426 1930 1566 2078 immerhin auf Kainz. Brahm kommt wahrscheinl
417 2013 833 2116 Première her.-
417 2085 1448 2238 Ihre Karte deutet an, dass man Sie vorlei-
424 2193 1185 2330 sehen kann. Hoffentlich aber
446 2294 572 2374 Jede
