2250 3306
1714 627 1849 768 175
479 633 994 836 A.S. an H.v.H.
1064 659 1254 787 /114
1216 733 1862 861 Wien, 27. November 1906.
564 777 777 859 G.C.F.P.
1583 834 1710 884 G.C.F.P.
760 792 899 901 G.C.F.P
583 849 663 904 G.C.F.P.
401 838 1927 1005 Lieber Hugo, schönen Dank für das Buch.Ausserordentlich
1260 927 1556 990 G.C.F.P.
458 923 1948 1075 habe ich Ihre Vorrede zu „Tausend und eine Nacht“, dann
452 1009 1980 1184 Ihren Artikel über die Tänzerin Ruth gefunden. In frühe-
1583 1104 1759 1163 G.C.F.P.
452 1123 1940 1277 rer Zeit war in solchen Aufsätzen von Ihnen zuweilen
1499 1195 1659 1258 G.C.F.P.
469 1201 1883 1362 ein oder das andere Wort enthalten, das sich zu hoch
462 1307 1872 1444 davonschwang, so dass manchmal gerade eine besondere
464 1374 1974 1543 Schönheit mir den Hhythmus des ganzen ein wenig störte.
469 1469 1974 1640 Jetzt ist Gleichmass und Flügelbastigkeit auch diesen
481 1579 1928 1721 Aufsätzen so vollkommen eigen, und die Eigenartigkeit
473 1683 1961 1816 Ihres Prosastils ist zugleich so gewahrt und so erhöht
1368 1748 1700 1813 G.C.F.P.
481 1805 1946 1910 worden, dass man für diese Produkte am liebsten einen
530 1868 1955 1986 eigenen Namen ersinnen möchte. Sehr schön waren auch
526 1951 1885 2092 die Dialoge über die "Schwestern", besonders der zu
536 2033 1890 2177 te Artikel. Wunderbar ist es Ihnen gelungen den Wien
526 2130 1740 2252 streit der Empfindungen auszudrücken, mit dem
532 2223 1607 2346 ganzen Problem Wassermann gegenübersteht
542 2318 1463 2430 wohl auch zu eigner Beruhigung, Ihm
553 2405 925 2527 aufgelöst und
