3555 3688
328 930 1289 1104 sigen Frauen sind doch etwas
330 1109 1372 1256 sehr unkes und vielleicht noch
315 1211 1448 1405 entes als die kaisse als leiden,
342 1402 1529 1581 nal immern kr, kis geistes roué,
357 1596 1269 1733 emertiertes Saatol etc, die
370 1758 1471 1892 Julia fichten, Waldemar von Sala,
339 1941 1265 2121 wie der Sala bin ja ich!
320 2164 1247 2326 Kurz ich freue mich sehr, daß
349 2293 1275 2442 für Heini et cinfaire's frey.
337 2403 1448 2647 mir zu Ende ist und nie Kleine,
1687 914 2803 1060 Dämmerseel ihre Gesellschaft leisten
1682 1057 2751 1237 mird, die sich hoffentlich bald zu
1681 1205 2863 1367 eine griechische Hängerin unterilekt.
1666 1458 2687 1619 Ich hab Sie sehr lieb, mein lieber
1671 1583 2660 1761 Arthun und auch ihre Arbeiten¬
1687 1720 2660 1908 habe ich sehr lieb, die gehört
2060 1858 2632 2021 Nie diese aller
1665 1934 1990 2096 ja dazu.
2283 2044 2830 2234 letzte: „Trüderlin
1708 2090 2277 2213 jet mie als dès
1706 2209 2530 2359 Medardus Jiergriff du
1697 2336 2879 2507 Allerschwässte (indruck gemacht,
1679 2461 2880 2617 Ernst die Gestalte als die Fahl,
