<?xml version="1.0" encoding="UTF-8" standalone="yes"?>
<PcGts xmlns="http://schema.primaresearch.org/PAGE/gts/pagecontent/2013-07-15" xmlns:xsi="http://www.w3.org/2001/XMLSchema-instance" xsi:schemaLocation="http://schema.primaresearch.org/PAGE/gts/pagecontent/2013-07-15 http://schema.primaresearch.org/PAGE/gts/pagecontent/2013-07-15/pagecontent.xsd">
    <Metadata>
        <Creator>prov=READ-COOP:name=TrHtr:version=2.1.0:model_id=51170:date=25_07_2023_14:45</Creator>
        <Created>2023-05-01T21:59:39.448+02:00</Created>
        <LastChange>2023-07-25T14:45:33.318+02:00</LastChange>
        <TranskribusMetadata docId="1416441" pageId="54947581" pageNr="188" tsid="130684209" status="IN_PROGRESS" userId="64420" imgUrl="https://files.transkribus.eu/Get?id=FRKZARTKERRRFGMPWYDTPIKJ&amp;fileType=view" xmlUrl="https://files.transkribus.eu/Get?id=FXIDAQUWNUNCYVGADFXVEEBT" imageId="44451658"/>
    </Metadata>
    <Page imageFilename="1416441_0188.jpg" imageWidth="2250" imageHeight="3306">
        <ReadingOrder>
            <OrderedGroup id="ro_1711830723801" caption="Regions reading order">
                <RegionRefIndexed index="0" regionRef="tr_1"/>
                <RegionRefIndexed index="1" regionRef="tr_2"/>
            </OrderedGroup>
        </ReadingOrder>
        <TextRegion id="tr_1" custom="readingOrder {index:0;}">
            <Coords points="483,657 1918,657 1918,1400 483,1400"/>
            <TextLine id="tr_1_tl_1" custom="readingOrder {index:0;}">
                <Coords points="1594,736 1622,730 1640,743 1659,739 1691,752 1735,753 1739,644 1719,651 1684,651 1666,660 1633,637 1617,644 1597,640"/>
                <Baseline points="1605,710 1608,710 1653,710 1697,707 1742,707"/>
                <TextEquiv>
                    <Unicode>182</Unicode>
                </TextEquiv>
            </TextLine>
            <TextLine id="tr_1_tl_2" custom="readingOrder {index:1;}">
                <Coords points="474,766 610,792 762,764 982,766 983,663 884,670 750,644 653,686 584,647 566,660 479,623"/>
                <Baseline points="483,763 492,760 537,760 581,760 626,760 671,757 716,757 760,754 805,751 850,751 895,754 939,754 986,741"/>
                <TextEquiv>
                    <Unicode>A.S. an H.v.H.</Unicode>
                </TextEquiv>
            </TextLine>
            <TextLine id="tr_1_tl_3" custom="readingOrder {index:2;}">
                <Coords points="1026,775 1049,773 1061,784 1104,785 1123,794 1141,782 1162,784 1160,658 1132,649 1116,658 1095,654 1047,667 1024,662"/>
                <Baseline points="1035,745 1080,745 1124,748 1166,745"/>
                <TextEquiv>
                    <Unicode>17</Unicode>
                </TextEquiv>
            </TextLine>
            <TextLine id="tr_1_tl_4" custom="readingOrder {index:3;}">
                <Coords points="481,879 957,844 1051,881 1351,826 1482,868 1680,805 1900,837 1905,741 485,805"/>
                <Baseline points="492,856 519,853 563,850 608,850 653,847 698,844 742,841 787,841 832,838 877,838 921,835 966,832 1011,829 1056,829 1101,826 1145,826 1190,820 1235,820 1280,817 1324,814 1369,814 1414,811 1459,808 1503,808 1548,805 1593,805 1638,802 1682,799 1727,796 1772,793 1817,790 1861,790 1906,790"/>
                <TextEquiv>
                    <Unicode>ziehen können, ich empfinde ihn als doppelt und sehn.</Unicode>
                </TextEquiv>
            </TextLine>
            <TextLine id="tr_1_tl_5" custom="readingOrder {index:4;}">
                <Coords points="488,955 1408,952 1516,906 1907,890 1908,826 1357,877 492,876"/>
                <Baseline points="498,942 522,942 566,939 611,939 656,936 701,933 745,933 790,933 835,933 880,927 924,924 969,921 1014,921 1059,918 1103,916 1148,916 1193,913 1238,913 1283,907 1327,907 1372,904 1417,904 1462,901 1506,898 1551,895 1596,892 1641,892 1685,889 1730,886 1775,886 1820,880 1864,877 1909,877"/>
                <TextEquiv>
                    <Unicode>fach wahr gegenüber einem Werk, das mich in Gedanken</Unicode>
                </TextEquiv>
            </TextLine>
            <TextLine id="tr_1_tl_6" custom="readingOrder {index:5;}">
                <Coords points="478,1051 936,1070 1031,1028 1212,1058 1503,992 1792,1003 1831,911 1679,891 1415,968 481,975"/>
                <Baseline points="489,1032 534,1032 578,1029 623,1026 668,1023 713,1023 757,1023 802,1020 847,1017 892,1017 936,1014 981,1011 1026,1008 1071,1008 1115,1005 1160,1002 1205,999 1250,999 1294,996 1339,996 1384,993 1429,993 1473,987 1518,987 1563,984 1608,981 1653,981 1697,978 1742,978 1787,975 1832,972"/>
                <TextEquiv>
                    <Unicode>und Ausführung durch manches reife und höchst be-</Unicode>
                </TextEquiv>
            </TextLine>
            <TextLine id="tr_1_tl_7" custom="readingOrder {index:6;}">
                <Coords points="499,1155 865,1113 1456,1143 1556,1082 1848,1091 1852,1005 975,1074 502,1049"/>
                <Baseline points="510,1121 513,1121 557,1118 602,1118 647,1115 692,1115 736,1112 781,1109 826,1109 871,1106 916,1103 960,1103 1005,1103 1050,1101 1095,1098 1139,1095 1184,1095 1229,1092 1274,1089 1318,1089 1363,1083 1408,1083 1453,1080 1497,1080 1542,1077 1587,1074 1632,1074 1676,1071 1721,1071 1766,1071 1811,1068 1855,1065"/>
                <TextEquiv>
                    <Unicode>wusste Jahr meines Lebens vornehmlich beschäftigt</Unicode>
                </TextEquiv>
            </TextLine>
            <TextLine id="tr_1_tl_8" custom="readingOrder {index:7;}">
                <Coords points="492,1217 930,1208 1059,1251 1252,1205 1794,1219 1797,1137 493,1157"/>
                <Baseline points="501,1214 504,1214 549,1211 593,1211 638,1208 683,1205 728,1205 772,1202 817,1199 862,1199 907,1196 951,1196 996,1193 1041,1190 1086,1190 1130,1190 1175,1187 1220,1187 1265,1184 1309,1181 1354,1181 1399,1178 1444,1172 1488,1172 1533,1172 1578,1169 1623,1166 1667,1166 1712,1163 1757,1160 1802,1157"/>
                <TextEquiv>
                    <Unicode>hat. Als so wahr erweist er sich, xxxx Sie selbst</Unicode>
                </TextEquiv>
            </TextLine>
            <TextLine id="tr_1_tl_9" custom="readingOrder {index:8;}">
                <Coords points="499,1321 1284,1293 1537,1325 1668,1261 1815,1259 1817,1219 502,1238"/>
                <Baseline points="510,1306 522,1303 566,1300 611,1300 656,1297 701,1294 745,1294 790,1291 835,1291 880,1288 924,1285 969,1285 1014,1285 1059,1283 1103,1283 1148,1277 1193,1277 1238,1274 1283,1274 1327,1271 1372,1268 1417,1268 1462,1265 1506,1262 1551,1262 1596,1262 1641,1259 1685,1259 1730,1256 1775,1253 1820,1256"/>
                <TextEquiv>
                    <Unicode>zu spüren scheinen, wie es kaum denkbar ist, zum</Unicode>
                </TextEquiv>
            </TextLine>
            <TextLine id="tr_1_tl_10" custom="readingOrder {index:9;}">
                <Coords points="502,1403 999,1422 1486,1369 1801,1420 1912,1401 1916,1311 506,1335"/>
                <Baseline points="513,1390 531,1387 575,1387 620,1387 665,1384 710,1384 754,1381 799,1381 844,1378 889,1378 933,1375 978,1375 1023,1375 1068,1372 1112,1369 1157,1366 1202,1366 1247,1366 1291,1363 1336,1360 1381,1360 1426,1360 1470,1354 1515,1354 1560,1351 1605,1351 1650,1348 1694,1348 1739,1345 1784,1342 1829,1342 1873,1342 1918,1342"/>
                <TextEquiv>
                    <Unicode>Dichter eines Werks, das für eine ganze Entwicklungs-</Unicode>
                </TextEquiv>
            </TextLine>
        </TextRegion>
        <TextRegion id="tr_2" custom="readingOrder {index:1;}">
            <Coords points="513,1385 1933,1385 1933,2379 513,2379"/>
            <TextLine id="tr_2_tl_1" custom="readingOrder {index:0;}">
                <Coords points="504,1500 1778,1477 1779,1404 1643,1390 907,1434 508,1404"/>
                <Baseline points="513,1485 531,1485 575,1479 620,1476 665,1473 710,1473 754,1473 799,1470 844,1468 889,1468 933,1465 978,1465 1023,1462 1068,1459 1112,1459 1157,1459 1202,1456 1247,1453 1291,1453 1336,1453 1381,1450 1426,1450 1470,1447 1515,1447 1560,1444 1605,1441 1650,1441 1694,1438 1739,1435 1784,1435"/>
                <TextEquiv>
                    <Unicode>periode dieses Dichters bedeutend ist, in einem</Unicode>
                </TextEquiv>
            </TextLine>
            <TextLine id="tr_2_tl_2" custom="readingOrder {index:1;}">
                <Coords points="515,1587 1686,1581 1898,1493 516,1500"/>
                <Baseline points="525,1578 557,1575 602,1569 647,1566 692,1566 736,1563 781,1560 826,1560 871,1560 916,1557 960,1557 1005,1554 1050,1554 1095,1551 1139,1551 1184,1548 1229,1551 1274,1548 1318,1545 1363,1545 1408,1545 1453,1542 1497,1539 1542,1539 1587,1536 1632,1533 1676,1533 1721,1533 1766,1530 1811,1527 1855,1524 1900,1518"/>
                <TextEquiv>
                    <Unicode>glücklcheren Verhältnis zu stehen als zu der Dich-</Unicode>
                </TextEquiv>
            </TextLine>
            <TextLine id="tr_2_tl_3" custom="readingOrder {index:2;}">
                <Coords points="515,1679 1799,1671 1912,1656 1914,1571 1245,1565 849,1617 518,1583"/>
                <Baseline points="525,1658 531,1658 575,1655 620,1658 665,1658 710,1653 754,1653 799,1650 844,1650 889,1647 933,1644 978,1644 1023,1644 1068,1641 1112,1641 1157,1641 1202,1638 1247,1635 1291,1635 1336,1635 1381,1632 1426,1629 1470,1629 1515,1629 1560,1626 1605,1623 1650,1623 1694,1623 1739,1620 1784,1617 1829,1614 1873,1614 1918,1614"/>
                <TextEquiv>
                    <Unicode>tung selbst und dass ich Ihnen für den Takt dankbar</Unicode>
                </TextEquiv>
            </TextLine>
            <TextLine id="tr_2_tl_4" custom="readingOrder {index:3;}">
                <Coords points="518,1779 1040,1739 1611,1772 1857,1707 1859,1661 520,1691"/>
                <Baseline points="528,1748 566,1748 611,1748 656,1745 701,1742 745,1742 790,1739 835,1739 880,1739 924,1739 969,1736 1014,1736 1059,1733 1103,1730 1148,1727 1193,1727 1238,1730 1283,1727 1327,1724 1372,1721 1417,1721 1462,1721 1506,1718 1551,1715 1596,1715 1641,1718 1685,1715 1730,1712 1775,1709 1820,1706 1864,1697"/>
                <TextEquiv>
                    <Unicode>bin, der es Sie als richtig erkennen liess, jedes</Unicode>
                </TextEquiv>
            </TextLine>
            <TextLine id="tr_2_tl_5" custom="readingOrder {index:4;}">
                <Coords points="516,1862 1424,1834 1553,1866 1901,1838 1930,1762 520,1785"/>
                <Baseline points="528,1837 546,1835 590,1835 635,1835 680,1832 725,1832 769,1832 814,1829 859,1826 904,1826 948,1823 993,1823 1038,1823 1083,1820 1127,1820 1172,1820 1217,1817 1262,1817 1306,1814 1351,1814 1396,1811 1441,1811 1485,1808 1530,1808 1575,1805 1620,1805 1664,1805 1709,1802 1754,1799 1799,1799 1843,1796 1888,1796 1933,1796"/>
                <TextEquiv>
                    <Unicode>weitere Wort über ein Werk zu unterlassen, das nichts</Unicode>
                </TextEquiv>
            </TextLine>
            <TextLine id="tr_2_tl_6" custom="readingOrder {index:5;}">
                <Coords points="527,1951 1822,1942 1866,1933 1870,1836 529,1875"/>
                <Baseline points="537,1924 575,1924 620,1924 665,1921 710,1918 754,1918 799,1918 844,1915 889,1915 933,1915 978,1912 1023,1912 1068,1912 1112,1912 1157,1909 1202,1909 1247,1906 1291,1906 1336,1903 1381,1900 1426,1900 1470,1897 1515,1894 1560,1894 1605,1894 1650,1891 1694,1891 1739,1891 1784,1888 1829,1888 1873,1888"/>
                <TextEquiv>
                    <Unicode>vermocht hat als Sie zu verstören und von dem mir</Unicode>
                </TextEquiv>
            </TextLine>
            <TextLine id="tr_2_tl_7" custom="readingOrder {index:6;}">
                <Coords points="522,2041 1465,2020 1848,2068 1885,1937 983,1963 658,1928 524,1963"/>
                <Baseline points="531,2017 546,2014 590,2014 635,2014 680,2008 725,2008 769,2008 814,2005 859,2005 904,2002 948,2002 993,2002 1038,2002 1083,2002 1127,1999 1172,1999 1217,1999 1262,1996 1306,1996 1351,1993 1396,1990 1441,1987 1485,1987 1530,1984 1575,1984 1620,1981 1664,1981 1709,1981 1754,1978 1799,1978 1843,1975 1888,1978"/>
                <TextEquiv>
                    <Unicode>ein unverlierbar und untrüglich starkes Nachgefühl</Unicode>
                </TextEquiv>
            </TextLine>
            <TextLine id="tr_2_tl_8" custom="readingOrder {index:7;}">
                <Coords points="529,2131 577,2110 822,2128 923,2100 1045,2130 1121,2107 1328,2114 1330,2029 872,2022 580,2064 532,2039"/>
                <Baseline points="540,2106 572,2103 617,2100 662,2100 707,2100 751,2097 796,2097 841,2094 886,2094 930,2094 975,2091 1020,2091 1065,2088 1109,2088 1154,2085 1199,2085 1244,2082 1288,2082 1333,2079"/>
                <TextEquiv>
                    <Unicode>in der Seele geblieben ist. -</Unicode>
                </TextEquiv>
            </TextLine>
            <TextLine id="tr_2_tl_9" custom="readingOrder {index:8;}">
                <Coords points="527,2199 1544,2223 1871,2158 1871,2117 1801,2105 529,2128"/>
                <Baseline points="537,2187 578,2190 623,2190 668,2190 713,2187 757,2184 802,2184 847,2184 892,2181 936,2181 981,2181 1026,2178 1071,2175 1115,2175 1160,2175 1205,2172 1250,2175 1294,2172 1339,2172 1384,2169 1429,2166 1473,2166 1518,2163 1563,2160 1608,2160 1653,2157 1697,2157 1742,2157 1787,2154 1832,2154 1876,2157"/>
                <TextEquiv>
                    <Unicode>Auf Wiedersehen im Herbst; Sie bringen hoffentlich</Unicode>
                </TextEquiv>
            </TextLine>
            <TextLine id="tr_2_tl_10" custom="readingOrder {index:9;}">
                <Coords points="529,2326 845,2276 922,2310 1091,2273 1539,2308 1634,2262 1847,2292 1926,2278 1930,2188 1203,2234 962,2195 819,2239 534,2195"/>
                <Baseline points="540,2279 543,2279 587,2279 632,2276 677,2276 722,2276 766,2273 811,2270 856,2270 901,2270 945,2270 990,2267 1035,2267 1080,2267 1124,2264 1169,2261 1214,2261 1259,2261 1303,2261 1348,2261 1393,2258 1438,2255 1482,2252 1527,2252 1572,2249 1617,2249 1661,2246 1706,2246 1751,2246 1796,2243 1840,2243 1885,2240 1930,2243"/>
                <TextEquiv>
                    <Unicode>viel schönes zum vorlesen mit,-lassen Sie sichs bei</Unicode>
                </TextEquiv>
            </TextLine>
            <TextLine id="tr_2_tl_11" custom="readingOrder {index:10;}">
                <Coords points="541,2402 899,2363 1067,2406 1371,2384 1640,2427 1808,2390 1811,2282 543,2319"/>
                <Baseline points="551,2369 560,2369 605,2369 650,2369 695,2369 739,2366 784,2363 829,2360 874,2360 918,2360 963,2360 1008,2360 1053,2360 1098,2357 1142,2357 1187,2357 1232,2354 1277,2354 1321,2351 1366,2348 1411,2345 1456,2342 1500,2339 1545,2339 1590,2342 1635,2339 1679,2336 1724,2333 1769,2333 1814,2333"/>
                <TextEquiv>
                    <Unicode>de in Silz wohlergehen. Wir grüssen herzlichst.</Unicode>
                </TextEquiv>
            </TextLine>
        </TextRegion>
    </Page>
</PcGts>
