<?xml version="1.0" encoding="UTF-8" standalone="yes"?>
<PcGts xmlns="http://schema.primaresearch.org/PAGE/gts/pagecontent/2013-07-15" xmlns:xsi="http://www.w3.org/2001/XMLSchema-instance" xsi:schemaLocation="http://schema.primaresearch.org/PAGE/gts/pagecontent/2013-07-15 http://schema.primaresearch.org/PAGE/gts/pagecontent/2013-07-15/pagecontent.xsd">
    <Metadata>
        <Creator>prov=READ-COOP:name=TrHtr:version=2.1.0:model_id=51170:date=25_07_2023_14:45</Creator>
        <Created>2023-05-01T21:59:34.389+02:00</Created>
        <LastChange>2023-07-25T14:45:20.889+02:00</LastChange>
        <TranskribusMetadata docId="1416441" pageId="54947384" pageNr="144" tsid="130684082" status="IN_PROGRESS" userId="64420" imgUrl="https://files.transkribus.eu/Get?id=HCZLJBIYOCCNOEMWZICLFPRL&amp;fileType=view" xmlUrl="https://files.transkribus.eu/Get?id=MCDXHXPOKWNLRBZZNPIOFYZB" imageId="44451467"/>
    </Metadata>
    <Page imageFilename="1416441_0144.jpg" imageWidth="2250" imageHeight="3336">
        <ReadingOrder>
            <OrderedGroup id="ro_1711830690175" caption="Regions reading order">
                <RegionRefIndexed index="0" regionRef="tr_1"/>
                <RegionRefIndexed index="1" regionRef="tr_2"/>
            </OrderedGroup>
        </ReadingOrder>
        <TextRegion id="tr_1" custom="readingOrder {index:0;}">
            <Coords points="340,639 1787,639 1787,1504 340,1504"/>
            <TextLine id="tr_1_tl_1" custom="readingOrder {index:0;}">
                <Coords points="1541,706 1561,709 1572,704 1589,719 1611,715 1626,730 1637,724 1650,726 1650,604 1637,604 1626,595 1617,600 1570,571 1541,575"/>
                <Baseline points="1551,689 1596,689 1641,689 1653,689"/>
                <TextEquiv>
                    <Unicode>136</Unicode>
                </TextEquiv>
            </TextLine>
            <TextLine id="tr_1_tl_2" custom="readingOrder {index:1;}">
                <Coords points="331,769 401,754 425,767 495,739 530,752 599,728 667,741 743,732 757,728 759,678 730,687 689,669 667,684 623,684 589,661 514,691 466,665 436,682 333,672"/>
                <Baseline points="340,728 361,728 405,731 450,728 495,728 540,725 584,725 629,722 674,722 719,722 763,722"/>
                <TextEquiv>
                    <Unicode>A.S. an H.v.H.</Unicode>
                </TextEquiv>
            </TextLine>
            <TextLine id="tr_1_tl_3" custom="readingOrder {index:2;}">
                <Coords points="988,794 1027,783 1055,802 1127,806 1123,619 1099,613 1094,621 1036,639 1012,617 985,617"/>
                <Baseline points="996,737 1041,742 1086,742 1130,740"/>
                <TextEquiv>
                    <Unicode>1991.</Unicode>
                </TextEquiv>
            </TextLine>
            <TextLine id="tr_1_tl_4" custom="readingOrder {index:3;}">
                <Coords points="737,794 772,802 794,785 830,806 876,794 900,806 959,809 959,717 929,719 911,733 876,741 857,733 841,741 807,726 787,735 769,719 737,733"/>
                <Baseline points="748,778 784,778 829,775 874,775 919,775 963,775"/>
                <TextEquiv>
                    <Unicode>G.C.F.P</Unicode>
                </TextEquiv>
            </TextLine>
            <TextLine id="tr_1_tl_5" custom="readingOrder {index:4;}">
                <Coords points="344,898 1604,890 1729,850 1731,785 975,781 861,817 793,785 576,828 495,785 347,793"/>
                <Baseline points="355,862 390,859 435,862 480,859 525,859 569,859 614,859 659,856 704,853 748,853 793,853 838,850 883,850 927,850 972,847 1017,847 1062,847 1107,841 1151,838 1196,838 1241,835 1286,835 1330,835 1375,832 1420,835 1465,832 1509,832 1554,829 1599,826 1644,823 1688,820 1733,820"/>
                <TextEquiv>
                    <Unicode>Gegenden. xxxn sind wir seit etwa 12 Tagen vie-</Unicode>
                </TextEquiv>
            </TextLine>
            <TextLine id="tr_1_tl_6" custom="readingOrder {index:5;}">
                <Coords points="347,968 1702,977 1781,963 1785,857 349,896"/>
                <Baseline points="358,951 399,951 444,951 489,951 534,951 578,948 623,945 668,945 713,942 757,942 802,939 847,939 892,939 936,939 981,936 1026,936 1071,936 1115,933 1160,933 1205,933 1250,930 1295,927 1339,927 1384,925 1429,925 1474,925 1518,925 1563,925 1608,925 1653,919 1697,916 1742,916 1787,916"/>
                <TextEquiv>
                    <Unicode>der in Wien und in unserer angenehmen Wohnung gefällt</Unicode>
                </TextEquiv>
            </TextLine>
            <TextLine id="tr_1_tl_7" custom="readingOrder {index:6;}">
                <Coords points="351,1066 874,1096 1184,1044 1755,1051 1757,968 1646,961 789,1001 355,963"/>
                <Baseline points="361,1041 370,1041 414,1041 459,1041 504,1038 549,1038 593,1035 638,1035 683,1035 728,1032 772,1032 817,1029 862,1032 907,1029 951,1029 996,1029 1041,1026 1086,1026 1130,1026 1175,1023 1220,1020 1265,1020 1309,1020 1354,1017 1399,1017 1444,1014 1488,1011 1533,1014 1578,1014 1623,1011 1668,1008 1712,1005 1757,1002"/>
                <TextEquiv>
                    <Unicode>es uns sehr gut und wir finden uns alle Vater, Mutter</Unicode>
                </TextEquiv>
            </TextLine>
            <TextLine id="tr_1_tl_8" custom="readingOrder {index:7;}">
                <Coords points="344,1145 582,1181 1144,1134 1759,1157 1761,1055 345,1073"/>
                <Baseline points="355,1133 375,1130 420,1130 465,1130 510,1130 555,1127 599,1130 644,1127 689,1127 734,1127 778,1127 823,1124 868,1121 913,1121 957,1121 1002,1118 1047,1115 1092,1115 1136,1115 1181,1115 1226,1115 1271,1112 1315,1112 1360,1112 1405,1110 1450,1110 1494,1107 1539,1104 1584,1104 1629,1104 1673,1101 1718,1101 1763,1098"/>
                <TextEquiv>
                    <Unicode>und Kind behaglich. Seit der Julius auf Ferien ist</Unicode>
                </TextEquiv>
            </TextLine>
            <TextLine id="tr_1_tl_9" custom="readingOrder {index:8;}">
                <Coords points="347,1232 1576,1258 1770,1243 1772,1166 1064,1138 940,1182 527,1149 347,1192"/>
                <Baseline points="358,1223 387,1223 432,1223 477,1223 522,1223 566,1220 611,1220 656,1220 701,1217 745,1217 790,1217 835,1214 880,1214 925,1211 969,1214 1014,1211 1059,1208 1104,1208 1148,1208 1193,1205 1238,1208 1283,1208 1327,1208 1372,1205 1417,1202 1462,1202 1506,1199 1551,1199 1596,1199 1641,1199 1685,1196 1730,1193 1775,1196"/>
                <TextEquiv>
                    <Unicode>steht uns sein Fiaker nur Verfügung, und so fahr ich</Unicode>
                </TextEquiv>
            </TextLine>
            <TextLine id="tr_1_tl_10" custom="readingOrder {index:9;}">
                <Coords points="342,1321 1593,1349 1711,1328 1713,1238 342,1253"/>
                <Baseline points="352,1315 372,1315 417,1315 462,1315 507,1315 552,1315 596,1315 641,1315 686,1312 731,1312 775,1309 820,1306 865,1306 910,1306 954,1306 999,1306 1044,1303 1089,1303 1133,1303 1178,1303 1223,1300 1268,1300 1312,1300 1357,1297 1402,1297 1447,1297 1491,1295 1536,1295 1581,1292 1626,1292 1670,1292 1715,1286"/>
                <TextEquiv>
                    <Unicode>mit Olga jeden Abend aufs Land, immer aufz neue und</Unicode>
                </TextEquiv>
            </TextLine>
            <TextLine id="tr_1_tl_11" custom="readingOrder {index:10;}">
                <Coords points="351,1434 1722,1445 1777,1436 1779,1310 1290,1358 353,1347"/>
                <Baseline points="361,1405 396,1402 441,1402 486,1402 531,1402 575,1402 620,1402 665,1402 710,1402 754,1399 799,1399 844,1396 889,1396 933,1393 978,1393 1023,1396 1068,1393 1112,1390 1157,1390 1202,1393 1247,1390 1292,1390 1336,1390 1381,1390 1426,1387 1471,1384 1515,1384 1560,1384 1605,1381 1650,1381 1694,1381 1739,1381 1784,1375"/>
                <TextEquiv>
                    <Unicode>immer mehr entzückt von diesen Wiener Wald Landschaf-</Unicode>
                </TextEquiv>
            </TextLine>
            <TextLine id="tr_1_tl_12" custom="readingOrder {index:11;}">
                <Coords points="357,1511 486,1543 754,1502 1735,1526 1735,1443 1692,1432 1389,1458 1171,1415 693,1465 436,1421 357,1452"/>
                <Baseline points="367,1494 396,1494 441,1494 486,1494 531,1494 575,1491 620,1491 665,1491 710,1491 754,1488 799,1488 844,1485 889,1488 933,1488 978,1485 1023,1485 1068,1485 1112,1485 1157,1485 1202,1485 1247,1488 1292,1485 1336,1485 1381,1485 1426,1482 1471,1480 1515,1480 1560,1477 1605,1477 1650,1477 1694,1477 1739,1477"/>
                <TextEquiv>
                    <Unicode>ten-die mich beinah immer so ergreifen, als käme ich</Unicode>
                </TextEquiv>
            </TextLine>
        </TextRegion>
        <TextRegion id="tr_2" custom="readingOrder {index:1;}">
            <Coords points="352,1519 1835,1519 1835,2492 352,2492"/>
            <TextLine id="tr_2_tl_1" custom="readingOrder {index:0;}">
                <Coords points="342,1598 1713,1620 1763,1609 1763,1539 1201,1513 763,1554 632,1511 342,1557"/>
                <Baseline points="352,1587 378,1587 423,1587 468,1584 513,1584 557,1584 602,1587 647,1587 692,1587 737,1587 781,1584 826,1584 871,1584 916,1584 960,1581 1005,1584 1050,1584 1095,1581 1139,1581 1184,1581 1229,1578 1274,1578 1318,1578 1363,1578 1408,1578 1453,1578 1497,1575 1542,1572 1587,1572 1632,1572 1676,1572 1721,1572 1766,1569"/>
                <TextEquiv>
                    <Unicode>nach langen Jahren von irgendwohner in diese heimat-</Unicode>
                </TextEquiv>
            </TextLine>
            <TextLine id="tr_2_tl_2" custom="readingOrder {index:1;}">
                <Coords points="357,1711 665,1678 1546,1713 1792,1679 1792,1611 357,1617"/>
                <Baseline points="367,1679 408,1676 453,1676 498,1676 543,1673 587,1673 632,1676 677,1676 722,1676 766,1676 811,1676 856,1673 901,1673 945,1673 990,1673 1035,1673 1080,1673 1124,1673 1169,1673 1214,1670 1259,1670 1303,1670 1348,1670 1393,1670 1438,1668 1482,1670 1527,1668 1572,1668 1617,1668 1662,1668 1706,1668 1751,1668 1796,1668"/>
                <TextEquiv>
                    <Unicode>liche Wundersamkeit zurück. Gestern Abend fuhren wir</Unicode>
                </TextEquiv>
            </TextLine>
            <TextLine id="tr_2_tl_3" custom="readingOrder {index:2;}">
                <Coords points="362,1775 626,1814 846,1768 1110,1807 1764,1788 1764,1714 1519,1694 362,1707"/>
                <Baseline points="372,1766 381,1763 426,1766 471,1766 516,1766 560,1763 605,1763 650,1763 695,1763 740,1763 784,1763 829,1763 874,1763 919,1760 963,1760 1008,1760 1053,1763 1098,1763 1142,1763 1187,1763 1232,1760 1277,1760 1321,1760 1366,1757 1411,1757 1456,1757 1500,1757 1545,1760 1590,1757 1635,1757 1679,1754 1724,1754 1769,1754"/>
                <TextEquiv>
                    <Unicode>an dem verwaisten Rodaun ganz nah vorüber, von Mauer</Unicode>
                </TextEquiv>
            </TextLine>
            <TextLine id="tr_2_tl_4" custom="readingOrder {index:3;}">
                <Coords points="355,1864 1692,1897 1692,1779 946,1820 355,1781"/>
                <Baseline points="364,1853 399,1853 444,1853 489,1855 534,1853 578,1853 623,1853 668,1853 713,1850 757,1853 802,1853 847,1853 892,1853 936,1853 981,1853 1026,1850 1071,1850 1115,1850 1160,1850 1205,1847 1250,1850 1295,1850 1339,1850 1384,1847 1429,1850 1474,1847 1518,1847 1563,1847 1608,1847 1653,1844 1697,1847"/>
                <TextEquiv>
                    <Unicode>über Kalksburg (eine Waldstrasse, Klausenstrasse</Unicode>
                </TextEquiv>
            </TextLine>
            <TextLine id="tr_2_tl_5" custom="readingOrder {index:4;}">
                <Coords points="360,1981 789,1947 1702,1986 1702,1901 1631,1875 360,1899"/>
                <Baseline points="370,1948 408,1942 453,1942 498,1942 543,1939 587,1939 632,1939 677,1942 722,1939 766,1939 811,1939 856,1939 901,1939 945,1939 990,1939 1035,1939 1080,1939 1124,1939 1169,1936 1214,1939 1259,1939 1303,1939 1348,1936 1393,1936 1438,1936 1482,1936 1527,1933 1572,1933 1617,1933 1662,1933 1706,1933"/>
                <TextEquiv>
                    <Unicode>glaub ich, die ich noch gar nicht kannte) nach dem</Unicode>
                </TextEquiv>
            </TextLine>
            <TextLine id="tr_2_tl_6" custom="readingOrder {index:5;}">
                <Coords points="364,2032 637,2073 837,2041 1009,2088 1190,2036 1613,2075 1788,2047 1788,1964 364,1981"/>
                <Baseline points="375,2026 405,2029 450,2029 495,2029 540,2029 584,2029 629,2029 674,2032 719,2029 763,2029 808,2029 853,2029 898,2029 942,2029 987,2029 1032,2029 1077,2029 1121,2026 1166,2029 1211,2026 1256,2026 1300,2026 1345,2026 1390,2026 1435,2026 1480,2026 1524,2026 1569,2029 1614,2026 1659,2026 1703,2026 1748,2026 1793,2020"/>
                <TextEquiv>
                    <Unicode>Roten Stadl, und haben Ihrer und Richards herzlich ge-</Unicode>
                </TextEquiv>
            </TextLine>
            <TextLine id="tr_2_tl_7" custom="readingOrder {index:6;}">
                <Coords points="364,2134 1083,2134 1210,2178 1293,2138 1788,2156 1777,2058 364,2071"/>
                <Baseline points="375,2115 405,2118 450,2118 495,2118 540,2121 584,2118 629,2118 674,2118 719,2118 763,2118 808,2118 853,2118 898,2118 942,2118 987,2118 1032,2118 1077,2118 1121,2118 1166,2118 1211,2118 1256,2118 1300,2118 1345,2118 1390,2118 1435,2118 1480,2115 1524,2115 1569,2115 1614,2115 1659,2115 1703,2115 1748,2115 1793,2109"/>
                <TextEquiv>
                    <Unicode>dacht. Es war sozusagen eine ungeschriebene Ansichts-</Unicode>
                </TextEquiv>
            </TextLine>
            <TextLine id="tr_2_tl_8" custom="readingOrder {index:7;}">
                <Coords points="362,2232 1700,2250 1685,2165 360,2143"/>
                <Baseline points="370,2208 402,2208 447,2208 492,2208 537,2211 581,2208 626,2208 671,2208 716,2208 760,2208 805,2208 850,2208 895,2208 939,2208 984,2208 1029,2208 1074,2205 1118,2208 1163,2208 1208,2208 1253,2208 1297,2208 1342,2208 1387,2208 1432,2208 1477,2208 1521,2211 1566,2211 1611,2211 1656,2208 1700,2205"/>
                <TextEquiv>
                    <Unicode>karte, die sich abspielte). Vor ein paar Tagen, in</Unicode>
                </TextEquiv>
            </TextLine>
            <TextLine id="tr_2_tl_9" custom="readingOrder {index:8;}">
                <Coords points="347,2332 1249,2306 1378,2354 1833,2322 1833,2254 345,2226"/>
                <Baseline points="358,2294 402,2294 447,2297 492,2294 537,2297 581,2297 626,2297 671,2297 716,2297 760,2297 805,2297 850,2297 895,2297 939,2297 984,2297 1029,2297 1074,2297 1118,2297 1163,2297 1208,2297 1253,2297 1297,2297 1342,2297 1387,2297 1432,2297 1477,2297 1521,2297 1566,2300 1611,2300 1656,2300 1700,2300 1745,2300 1790,2300 1835,2300"/>
                <TextEquiv>
                    <Unicode>Mauerbach, entwickelte sich plötzlich aus einer kleinen</Unicode>
                </TextEquiv>
            </TextLine>
            <TextLine id="tr_2_tl_10" custom="readingOrder {index:9;}">
                <Coords points="355,2411 1315,2398 1522,2448 1713,2417 1713,2341 1375,2354 1242,2306 1144,2343 355,2343"/>
                <Baseline points="364,2387 408,2384 453,2384 498,2384 543,2387 587,2387 632,2387 677,2387 722,2387 766,2387 811,2387 856,2387 901,2387 945,2387 990,2387 1035,2390 1080,2390 1124,2387 1169,2387 1214,2387 1259,2387 1303,2387 1348,2387 1393,2390 1438,2390 1482,2387 1527,2387 1572,2387 1617,2390 1662,2390 1706,2393 1718,2393"/>
                <TextEquiv>
                    <Unicode>Notiz, die ich in mein Büchel eingetragen hatte, im</Unicode>
                </TextEquiv>
            </TextLine>
            <TextLine id="tr_2_tl_11" custom="readingOrder {index:10;}">
                <Coords points="355,2503 619,2546 1133,2490 1629,2496 1629,2444 1362,2413 1123,2450 355,2411"/>
                <Baseline points="364,2473 408,2473 453,2473 498,2473 543,2473 587,2473 632,2476 677,2476 722,2476 766,2479 811,2479 856,2482 901,2479 945,2479 990,2479 1035,2479 1080,2479 1124,2482 1169,2482 1214,2482 1259,2479 1303,2479 1348,2479 1393,2479 1438,2476 1482,2479 1527,2479 1572,2482 1617,2482 1635,2479"/>
                <TextEquiv>
                    <Unicode>Gespräch mit Olga, ein völliges Lustspielsujet,</Unicode>
                </TextEquiv>
            </TextLine>
        </TextRegion>
    </Page>
</PcGts>
