2255 3407
1761 387 1843 464 Druck
1274 410 1502 477 DATES DES ACTES
625 487 826 573 DATES DES ACTES
1590 462 1705 596 be
1339 510 1443 584 DATES DES
759 556 868 615 DATES DES ACTES
1129 607 1270 732 G.C.H.P.
571 615 684 675 de lisant les
878 602 1021 715 12
1276 588 1418 722 P.
707 657 857 736 G.H.F.P
1200 703 1278 795 Votre très-
1654 684 1776 832 G.H.F.P
328 721 820 834 an Hofmannth.
1454 724 1612 809 2
661 799 755 851 G.C.F.P
282 807 387 883 G.C.P.
989 799 1566 899 Wien, 21. Juli 1891.
1092 828 1717 929 selber dirken, ohne da
1782 830 1868 924 G.C.P.
203 824 287 906 P.S.
979 866 1073 920 Londres de
485 820 839 929 stellen, die
1797 897 1884 960 G.C.P.
383 918 1796 979 Verehrter Freund, eine Karte, die ich eben von Paul
379 949 1769 1027 Goldmann bekomme, erinnert mich, wie üblich es ist.
1843 1004 1920 1111 de Votre
376 966 1824 1073 Briefe zu beantworten, und wie ich Ihnen schon längst
370 1041 1788 1115 hatte schreiben sollen, ja, wie ich Ihnen sogar hätte
144 1098 270 1215 P.P.
1822 1111 1926 1244 P.M.
379 1090 1734 1167 schreiben wollen, wenn mein Gehirnmnicht die ganze
335 1127 1834 1234 letzte Zeit über tote Stellen hätte hinwegkommen
376 1175 1748 1255 müssen. In zweierlei Perioden bietet einem das
379 1230 1886 1303 Leben was, in der der Anfänge, wo tausenderlei über ei-
378 1272 1868 1353 nen kommt und man jeden Tag ein neues Blatt herzuneh¬
376 1297 1880 1395 men hat, um nur drauf los zu beginnen. Dann die andere
374 1347 1870 1437 Periode, wo man das Bedürfnis des Abschliessens hat -
383 1384 1832 1472 wo man die alten Blätter nimmt und einem alle mögli-
385 1447 1728 1514 chen Worte, Punkte und Gedankenstriche einfallen,
385 1489 1824 1575 die man vergass. Die erste Periode: wo man sich an
236 1516 320 1606 de cette
379 1533 1757 1627 sich berauscht, die zweite: wo man sich an sich be¬
1765 1550 1863 1635 .
1811 1585 1895 1692 P.S.
385 1581 1705 1658 ruhigt. Ich bin jetzt in keiner von beiden, also
374 1613 1719 1705 arm und blöd. Nervös, sehr. Beer-Hofmann ist auch
153 1631 241 1682 P.P.
197 1681 335 1786 de Votre
378 1659 1773 1767 schon weg, das wissen Sie ja.-In die Kugel komm ich
383 1711 1767 1796 selten, es waren schon ein paar Ausschusssitzungen;
389 1759 1771 1836 Special-Comitees sind gewählt worden; ich sitze im
395 1809 1767 1880 Theatercomitee zusammen mit Pernerstorfer, Wengraf,
389 1840 1751 1930 Osten, Kaufka, Kulka.- Bis jetzt ist noch nicht viel
404 1876 1792 1991 gescheidtes herausgekommen.- Mit Salten bin ich viel
400 1935 1744 2027 zusammen, auch auf dem "Land" des Abends, Burckhar
389 1981 1709 2081 hat mir den Alkandi mit einigen schmeichelhaften
400 2033 1659 2117 Worten zurückgesandt - ich habe ihn angenommen
395 2081 1577 2167 Stück ruht und ist mir zuwider. - Wie geht
197 2041 297 2163 Votre est
341 2116 1558 2211 himmelblauen Einakter? Und wollen Sie mir
404 2171 1500 2257 Ihren Sachen schicken? Sie würden mir
402 2213 1422 2301 Freude machen, seien Sie erster oder xxx
410 2261 1341 2359 Gelesen wird mancherlei Burckhardt
408 2313 1224 2405 be, loethe, nnalen, Lessinge dr
420 2365 1044 2441 te. Besonders Nietzsch
427 2424 784 2520 Schlusskapite
512 2478 655 2537 Ont v
