2293 3240
426 608 941 740 A.S. an H.v.H.
932 636 1113 733 134
895 662 1617 810 137 Wien, 9.10.1925.
447 750 1796 905 Mein lieber Hugo, Sonntag fahre ich nach Berlin
470 858 1786 1007 (Hotel Esplanade) -schicken Sie den Thurm gleich
377 939 490 1022 G.F.P.
460 974 1812 1097 ab, so findet er mich dort, da ich wohl mindestens
465 1051 1772 1191 8 Tage dort bleibe. Unter anderm werd ich dort
463 1136 1807 1270 Heini als Theodor in der Liebelei sehen (die
465 1233 1848 1351 heute vor 30 Jahren in Wien zum "überhaupt" ersten
460 1314 1795 1439 Mal aufgeführt wurde.) Auch ein neues Stück nehm
460 1398 1839 1545 ich nach Berlin mit, in Versen, und heisst: "Der Gang
470 1490 1883 1626 zum Weiher", Gegen die Aufführung von Kom.d.V. bei
467 1599 1883 1712 Barnowsky setz ich mich zur Wehre- (die Hauptrollen
476 1703 1874 1802 scheinen nämlich noch nicht besetzt zu sein. Auch
476 1774 1860 1893 eine "Tranmnovelle" (so heisst sie) erscheint näch-
476 1877 1835 1978 stens.- Von Forte dei Marmi bin ich nach Florenz,
465 1964 1860 2059 nach Venedig;und vor drei Wochen nach Wien. Hoffent-
461 2038 1872 2165 lich sieht man sich einmal wieder und bald. Es wird
461 2142 1765 2246 immer später.) Christiane sah ich in Venedig; ich
467 2219 1826 2342 glaube Lili und Olga haben sie nach meiner Abreise
474 2323 1851 2413 auch gesprochen.-Nichts von alidem ahnten wir heute
474 2386 1680 2448 vor 30 Jahren. Und eigentlich war es gestern.
470 2418 1379 2522 Leben Sie wohl. In Herzlichkeit Ihnen
