2250 3336
918 654 1057 788 103
328 678 740 812 A.S. an H.v.H.
1565 719 1684 831 144
978 762 1449 891 Nien.2 0.8.1904.
319 844 1696 963 Lieber Hugo, mit der Salzkammergutreise steht es wie
326 949 1703 1076 folgt:in diesen Tagen beende ich die erste flücht!
321 1035 1692 1158 ge Niederschrift eines neuen dreiaktigen Stücks; die
319 1131 1648 1231 Grünwald kommt etwa 25., 26. und dann muss ich es,
324 1234 1654 1328 um es übersichtlich vor mir zu haben, und weil das
328 1315 1687 1428 überhaupt zu den Stappen meiner Arbeitsweise gehört
323 1397 1680 1495 und mich sehr fördert, diktieren. Nun kann ich, auch
326 1486 1673 1601 weil der Anfangstag der Grünwald noch nicht fest-
319 1570 1687 1687 steht(ich bin ohne Nachricht, resp. Antwort von ihr),
309 1661 1639 1766 nicht auf den Tag bestimmen, wann ich fertig bin.
312 1759 1642 1859 Ich hoffe, es wird sich fügen, dass wir schon am 3.
316 1847 1692 1950 Wien verlassen können; wird aber Gerty auch warten,
300 1939 1613 2034 wenn der 4. oder gar der 5. September drans wird?
305 2010 1678 2132 Wir möchten natürlich auch sehr gern mit ihr zusam-
299 2085 1641 2223 men fahren; ich kann nur heute mich zur Bestimmung
314 2199 1615 2300 des Tages nicht verpflichten. Immerhin werde ich
304 2281 1613 2379 am ersten Diktirtag schon wissen können, wann wir
311 2360 1613 2531 bereit sind. Ich hoffe ja sehr, dass es der 3. sein
