2175 3400
758 554 913 731 93
250 593 669 723 A.S. an H.v.H.
1481 630 1605 729 128
258 690 1724 834 Gelegenheit), Padua, Vicenza, Verona, Mailand, Luini, an dem
258 812 1727 931 ich (rein körperlich gemeint) vor Jahren vorbeigegan-
252 903 1161 1002 gen war, ging mir wundervoll auf. -
262 965 1725 1095 Von "geordneter" Arbeit wäre nichts mitzuteilen. Zumeist
258 1060 1718 1190 beschäftigte mich das sonderbare, oft begonnene, eininge
244 1154 1598 1283 Mal beendet, jedes Mal hingeworfene Junggesellen,-
246 1237 1679 1369 Egoistenstück; Sie wissen, dass es zuletzt als Missge-
246 1336 1654 1448 burt zur Welt kam, siamesisch gezwillingt. Nun scheint
244 1427 1654 1526 der operative Eingriff, der mit Vorsicht unternommen
240 1510 1698 1623 werden musste, gelungen- d.h. beide Geschöpfe leben, das
238 1592 1700 1714 eine schwächlich, das andere mit höherer Vitalkraft be-
231 1693 1648 1801 gnadet, aber xx ob sie endgültig gedeihen werden, ist
233 1757 1615 1886 noch nicht zu sagen. Das eine Kind wird eben aufge-
231 1857 475 1948 päppelt.
237 1929 1714 2045 Am Roman geschah nichts weiteres; über eine lustspiel-
225 2042 1691 2156 artige moderne Komödie wurde meditiert. Im ganzen mehr
213 2123 1615 2245 Kunst-und Gedankenspiel als Schaffensintensität.-
207 2214 1764 2334 Mit grossem Vergnügen las ich die "mousquetaires" von Du-
196 2288 1712 2429 mas auf der Reise. Welche Leichtigkeit, welcher Reich-
