<?xml version="1.0" encoding="UTF-8" standalone="yes"?>
<PcGts xmlns="http://schema.primaresearch.org/PAGE/gts/pagecontent/2013-07-15" xmlns:xsi="http://www.w3.org/2001/XMLSchema-instance" xsi:schemaLocation="http://schema.primaresearch.org/PAGE/gts/pagecontent/2013-07-15 http://schema.primaresearch.org/PAGE/gts/pagecontent/2013-07-15/pagecontent.xsd">
    <Metadata>
        <Creator>prov=READ-COOP:name=TrHtr:version=2.1.0:model_id=51170:date=25_07_2023_14:44</Creator>
        <Created>2023-05-01T21:59:27.400+02:00</Created>
        <LastChange>2023-07-25T14:44:52.013+02:00</LastChange>
        <TranskribusMetadata docId="1416441" pageId="54947159" pageNr="84" tsid="130683906" status="IN_PROGRESS" userId="64420" imgUrl="https://files.transkribus.eu/Get?id=QRDHUVGGAWZSULVEPSFURCAV&amp;fileType=view" xmlUrl="https://files.transkribus.eu/Get?id=NRYSQNRXFVSQSCLVTXRUHXSN" imageId="44451244"/>
    </Metadata>
    <Page imageFilename="1416441_0084.jpg" imageWidth="2008" imageHeight="3161">
        <ReadingOrder>
            <OrderedGroup id="ro_1711830645101" caption="Regions reading order">
                <RegionRefIndexed index="0" regionRef="tr_1"/>
            </OrderedGroup>
        </ReadingOrder>
        <TextRegion id="tr_1" custom="readingOrder {index:0;}">
            <Coords points="444,636 1778,636 1778,2009 444,2009"/>
            <TextLine id="tr_1_tl_1" custom="readingOrder {index:0;}">
                <Coords points="468,720 521,707 574,722 619,700 848,725 912,700 1045,723 1082,705 1082,642 1028,642 941,597 786,632 673,589 581,594 541,619 468,612"/>
                <Baseline points="477,686 522,689 567,692 611,695 656,695 701,698 746,698 790,701 835,701 880,704 925,698 970,692 1014,689 1059,686 1086,686"/>
                <TextEquiv>
                    <Unicode>A.S. an H.v.H. (64)</Unicode>
                </TextEquiv>
            </TextLine>
            <TextLine id="tr_1_tl_2" custom="readingOrder {index:1;}">
                <Coords points="1626,728 1634,728 1655,740 1707,738 1707,645 1684,644 1679,649 1665,652 1655,650 1645,640 1626,644"/>
                <Baseline points="1635,710 1680,710 1710,710"/>
                <TextEquiv>
                    <Unicode>80</Unicode>
                </TextEquiv>
            </TextLine>
            <TextLine id="tr_1_tl_3" custom="readingOrder {index:2;}">
                <Coords points="471,803 1483,833 1705,824 1705,765 1179,703 469,720"/>
                <Baseline points="480,779 525,779 570,782 614,782 659,785 704,785 749,788 793,788 838,788 883,788 928,790 973,790 1017,790 1062,793 1107,793 1152,793 1196,793 1241,796 1286,796 1331,796 1376,796 1420,796 1465,796 1510,799 1555,799 1599,799 1644,799 1689,802 1710,802"/>
                <TextEquiv>
                    <Unicode>xxdenke, so ist die Sache am einfachsten.</Unicode>
                </TextEquiv>
            </TextLine>
            <TextLine id="tr_1_tl_4" custom="readingOrder {index:3;}">
                <Coords points="464,897 1773,927 1773,859 463,795"/>
                <Baseline points="474,877 519,877 564,877 608,877 653,880 698,880 743,883 788,883 832,886 877,886 922,886 967,886 1011,889 1056,889 1101,892 1146,892 1190,892 1235,895 1280,898 1325,898 1370,895 1414,895 1459,895 1504,898 1549,895 1593,898 1638,895 1683,898 1728,898 1773,898 1778,898"/>
                <TextEquiv>
                    <Unicode>Hier bin ich noch bis Dienstag; jedenfalls bitte</Unicode>
                </TextEquiv>
            </TextLine>
            <TextLine id="tr_1_tl_5" custom="readingOrder {index:4;}">
                <Coords points="473,994 1476,989 1689,1027 1733,1010 1732,929 1524,959 877,949 702,904 471,927"/>
                <Baseline points="480,970 525,973 570,973 614,973 659,973 704,973 749,973 793,976 838,976 883,979 928,979 973,979 1017,982 1062,982 1107,985 1152,985 1196,985 1241,985 1286,985 1331,987 1376,987 1420,987 1465,987 1510,987 1555,987 1599,987 1644,987 1689,990 1734,990 1737,990"/>
                <TextEquiv>
                    <Unicode>antworten Sie mir gleich. Ob wir uns schon in</Unicode>
                </TextEquiv>
            </TextLine>
            <TextLine id="tr_1_tl_6" custom="readingOrder {index:5;}">
                <Coords points="476,1096 882,1077 1042,1138 1226,1136 1337,1090 1707,1105 1705,1048 1589,1033 994,1048 760,1000 474,1005"/>
                <Baseline points="486,1068 531,1065 576,1065 620,1068 665,1068 710,1068 755,1068 799,1071 844,1071 889,1074 934,1074 979,1077 1023,1077 1068,1077 1113,1077 1158,1077 1202,1080 1247,1077 1292,1080 1337,1080 1382,1083 1426,1083 1471,1083 1516,1083 1561,1083 1605,1086 1650,1086 1695,1089 1710,1092"/>
                <TextEquiv>
                    <Unicode>Innebruck oder erst in Basel treffen, ist bei</Unicode>
                </TextEquiv>
            </TextLine>
            <TextLine id="tr_1_tl_7" custom="readingOrder {index:6;}">
                <Coords points="468,1183 906,1171 1140,1208 1239,1183 1239,1133 836,1133 727,1085 620,1093 562,1130 466,1115"/>
                <Baseline points="477,1158 522,1158 567,1158 611,1161 656,1161 701,1164 746,1164 790,1164 835,1167 880,1167 925,1167 970,1170 1014,1170 1059,1170 1104,1173 1149,1173 1193,1173 1238,1173 1244,1170"/>
                <TextEquiv>
                    <Unicode>dem Wesen unserer Tour egal.</Unicode>
                </TextEquiv>
            </TextLine>
            <TextLine id="tr_1_tl_8" custom="readingOrder {index:7;}">
                <Coords points="456,1259 668,1294 882,1254 1713,1289 1712,1199 1485,1237 454,1183"/>
                <Baseline points="465,1244 510,1247 555,1247 599,1247 644,1250 689,1250 734,1250 779,1253 823,1253 868,1253 913,1253 958,1256 1002,1256 1047,1256 1092,1259 1137,1259 1182,1259 1226,1262 1271,1262 1316,1262 1361,1262 1405,1265 1450,1265 1495,1265 1540,1265 1584,1268 1629,1268 1674,1265 1716,1265"/>
                <TextEquiv>
                    <Unicode>Hoffentlich hat diese Korrespondenz schon end-</Unicode>
                </TextEquiv>
            </TextLine>
            <TextLine id="tr_1_tl_9" custom="readingOrder {index:8;}">
                <Coords points="458,1378 828,1350 944,1382 1164,1362 1267,1405 1627,1400 1675,1392 1674,1294 456,1289"/>
                <Baseline points="465,1343 510,1343 555,1343 599,1343 644,1343 689,1346 734,1346 779,1346 823,1349 868,1349 913,1352 958,1352 1002,1352 1047,1352 1092,1352 1137,1352 1182,1355 1226,1355 1271,1355 1316,1355 1361,1358 1405,1358 1450,1361 1495,1361 1540,1361 1584,1361 1629,1361 1674,1361 1677,1361"/>
                <TextEquiv>
                    <Unicode>giltige Bedeutung; ich freue mich riesig auf</Unicode>
                </TextEquiv>
            </TextLine>
            <TextLine id="tr_1_tl_10" custom="readingOrder {index:9;}">
                <Coords points="459,1432 559,1430 639,1486 924,1495 1752,1470 1752,1392 1690,1385 929,1412 458,1378"/>
                <Baseline points="468,1429 513,1429 558,1429 602,1432 647,1432 692,1432 737,1432 782,1435 826,1435 871,1435 916,1438 961,1438 1005,1438 1050,1441 1095,1441 1140,1441 1185,1441 1229,1441 1274,1441 1319,1441 1364,1444 1408,1444 1453,1447 1498,1444 1543,1447 1587,1447 1632,1447 1677,1447 1722,1444 1755,1444"/>
                <TextEquiv>
                    <Unicode>die Reise, und besonders, dass auch meine Zeit</Unicode>
                </TextEquiv>
            </TextLine>
            <TextLine id="tr_1_tl_11" custom="readingOrder {index:10;}">
                <Coords points="458,1539 1767,1563 1745,1468 456,1478"/>
                <Baseline points="465,1522 510,1522 555,1525 599,1525 644,1528 689,1528 734,1528 779,1528 823,1531 868,1534 913,1531 958,1534 1002,1534 1047,1534 1092,1534 1137,1534 1182,1534 1226,1537 1271,1537 1316,1537 1361,1540 1405,1540 1450,1540 1495,1540 1540,1543 1584,1543 1629,1543 1674,1543 1719,1543 1764,1546 1770,1543"/>
                <TextEquiv>
                    <Unicode>verhältnismässig unbeschränkt ist. Also nochmals</Unicode>
                </TextEquiv>
            </TextLine>
            <TextLine id="tr_1_tl_12" custom="readingOrder {index:11;}">
                <Coords points="453,1636 489,1626 527,1647 581,1627 627,1662 680,1645 1065,1665 1063,1572 451,1569"/>
                <Baseline points="462,1611 507,1614 552,1617 596,1620 641,1620 686,1620 731,1620 776,1620 820,1623 865,1626 910,1623 955,1623 999,1623 1044,1626 1068,1629"/>
                <TextEquiv>
                    <Unicode>bitte gleich Antwort.</Unicode>
                </TextEquiv>
            </TextLine>
            <TextLine id="tr_1_tl_13" custom="readingOrder {index:12;}">
                <Coords points="1017,1745 1090,1745 1103,1758 1204,1737 1284,1745 1307,1735 1334,1753 1352,1740 1405,1745 1403,1657 1330,1642 1241,1665 1191,1649 1015,1664"/>
                <Baseline points="1026,1710 1071,1713 1116,1713 1161,1716 1205,1719 1250,1719 1295,1722 1340,1719 1384,1716 1408,1713"/>
                <TextEquiv>
                    <Unicode>Von Herzen Ihr</Unicode>
                </TextEquiv>
            </TextLine>
            <TextLine id="tr_1_tl_14" custom="readingOrder {index:13;}">
                <Coords points="1412,1833 1430,1830 1475,1848 1546,1821 1582,1840 1639,1833 1634,1750 1584,1748 1566,1758 1533,1743 1519,1752 1501,1743 1473,1755 1448,1740 1440,1750 1408,1750"/>
                <Baseline points="1420,1802 1465,1805 1510,1805 1555,1808 1599,1811 1641,1814"/>
                <TextEquiv>
                    <Unicode>Arthur.</Unicode>
                </TextEquiv>
            </TextLine>
            <TextLine id="tr_1_tl_15" custom="readingOrder {index:14;}">
                <Coords points="435,1901 1748,1927 1768,1864 433,1825"/>
                <Baseline points="444,1880 489,1880 534,1883 579,1883 623,1883 668,1886 713,1886 758,1889 802,1886 847,1889 892,1889 937,1889 982,1889 1026,1892 1071,1892 1116,1889 1161,1892 1205,1892 1250,1892 1295,1895 1340,1895 1384,1895 1429,1895 1474,1898 1519,1898 1564,1901 1608,1901 1653,1901 1698,1901 1743,1901 1770,1898"/>
                <TextEquiv>
                    <Unicode>Richard hat Schwarzkopf und mir in Salzburg sein</Unicode>
                </TextEquiv>
            </TextLine>
            <TextLine id="tr_1_tl_16" custom="readingOrder {index:15;}">
                <Coords points="443,2004 761,2040 1241,1994 1460,2049 1568,2007 1702,2050 1700,1969 1650,1954 949,1954 642,1906 441,1931"/>
                <Baseline points="450,1978 495,1978 540,1978 585,1978 629,1981 674,1981 719,1981 764,1984 808,1984 853,1987 898,1987 943,1987 987,1987 1032,1987 1077,1987 1107,1984 1116,1987 1161,1990 1205,1990 1250,1990 1295,1990 1340,1990 1384,1993 1429,1993 1474,1993 1519,1996 1564,1996 1608,1996 1653,1999 1698,1999 1704,1999"/>
                <TextEquiv>
                    <Unicode>3.Kapitel vorgelesen. Es ist ausserordentlich.</Unicode>
                </TextEquiv>
            </TextLine>
        </TextRegion>
    </Page>
</PcGts>
