2250 3400
1762 507 1922 612 1230
512 604 897 718 A.S. an H.v.H.
1035 616 1193 734 (90)
1290 695 1618 811 21.10.1902.
542 797 1859 899 Lieber, Die Sandrock möchte den Tod des Tizian,
548 879 1906 988 wohl um ihn vorzulesen,- bitte sehr lassen Sie ihr
548 962 1923 1076 ein Exemplar senden.-Ich bin heut Früh aus Agneten-
551 1058 1927 1143 dorf gekommen, wo ich nach 6tägigem Berliner Aufent-
544 1137 1927 1248 halt, einen Tag mit Brahm bei Hauptmann sehr ange-
548 1234 1804 1336 nehm verbrachte.- Bestrice dürfte im Feber am
539 1309 1904 1406 Dtsch.Th. gespielt werden.-Monna Vanna ist ein aus-
537 1395 1885 1520 derordentliche Kassenerfolg. Die Aufführung lässt
539 1494 1948 1604 zu wünschen übrig. Haben Sie meinen Brief erhalten?
546 1585 1655 1687 -Schreiben Sie ein Wort, wies Ihnen geht.
535 1658 835 1778 Herzlichst
1181 1743 1355 1860 Ihr A
