2071 2648
358 309 727 409 A.S. an H.v.H.
873 348 983 482 21
1231 358 1642 471 schl 11.9.1892.
631 378 717 463 P.P.
456 390 533 454 G.F.P
361 461 1722 569 Liebes Loris.- Heute verlasse ich Ischl. Ueber den
365 525 1709 606 Brenner nach Riva an Gardasee, wo ich wohl einige
367 567 1711 655 Zeit, d.h. 5-8 Tage verbleibe. Dann Semmering, denk
369 608 1717 700 ich, dann Wien, Neulich auf dem Schafberg gewesen-
365 642 1762 734 tiefer Schnee, Gestöber.- Hier auch weiterhin nichts
375 704 1726 796 gethan, der Tag vergeht doch. Das Journal der Gon-
365 744 1728 832 courts gelesen, Karten gespielt, in den Strassen
371 781 1749 879 herum, fast immer Regen. Jetzt will ich packen, was
371 862 800 928 ich nicht kann.
378 873 1726 962 Wenn Sie mir nach Riva schreiben wollen, ein paar
380 919 1681 1007 Zeilen, was sehr hübsch wäre, poste rest., bitte.-
369 962 1813 1049 Mich frieren die Fingerspitzen. Im Simner ist ein
378 1001 1662 1114 kalt. Im Hotel wird immerfort geklingelt, kein
373 1092 1783 1190 Schritte im Corridor: immer, als wenn sie gerade
371 1073 894 1148 Mensch weisewarum.
380 1137 1781 1235 zu meiner Thür kämen. Alles in Wolken, Preue mich,
1515 1178 1713 1259 G.C.F.P.
380 1195 1297 1310 noch nicht nach Wien zu reisen.
695 1239 1291 1327 Herzlichst der Ihre
849 1284 1182 1357 Arthur.
879 1367 1105 1434 oheiten
889 1416 1058 1485 G.C.H.F.P.
