2387 3239
1171 669 1316 799 106
1693 691 1825 806 155
530 720 980 832 A.S. an H.v. H.
537 788 1920 898 in einem Unternehmen in der Art des Lindemannschen.
552 856 2021 982 selbst bei den besten Absichten und den reinsten künst,
539 966 2007 1061 lerischen Intentionen, den Autoren geboten werden kann.
544 1043 1972 1158 Uebrigens hätte ja Lindemann sich mindestens zu einer
544 1145 1968 1241 teilweisen vorherigen Zahlung verstehen können; aber,
544 1211 1950 1330 ganz im Gegenteil, und dies ist wohl das Wichtigste-
552 1345 1933 1424 bei der Betrachtung des ganzen Streitfalles - nach
548 1396 1906 1521 der Berliner Première wollte er, trotz des vor der
548 1497 1994 1605 Première eingelangten vertragsgleichen Telegramms, we-
544 1580 2008 1675 der von seiner vorher, noch von einer nachher zu zahlen-
557 1679 1966 1796 den Garantie, noch überhaupt von einer Aufführung des
550 1752 1851 1875 Stückes im Verlauf seiner Tournee etwas wissen.
544 1851 1908 1953 Bitte, lieber Hugo, grüssen Sie Frl. Dumont herzlich
553 1926 2014 2051 und teilen Sie ihr doch in Ihrer Antwort euch mit, was
550 2038 2001 2122 ich Ihnen gleich im Beginn dieses Briefe gesagt habe:
553 2113 1930 2236 dass es durchaus meinen Intentionen widersprach und
552 2186 1930 2327 widerspricht, wenn Fischer aus Anlass des bekannten
539 2289 1977 2413 Streitfalls dem neuen Unternehmen auch Stücke seiner
546 2391 1933 2501 anderen Autoren verweigert, dass mir im übrigen aber
541 2476 1983 2608 das Vergehen Fischers in meiner Sache einwandfrei er-
