3543 3529
550 929 1620 1073 Stiel geschenkt hat. Ich glaube,
572 1082 1607 1259 dichts „ mit Land“ ist reitlich
610 1246 1490 1368 die allerbeste Arbeit zu
596 1399 1507 1526 au jeètre les bites so reifie
556 1513 1692 1695 Meilen Lehns at Arheligariast
607 1709 1647 1853 des Stück gehört so ganz thun.
566 1847 1688 1974 und ist dabei so äußerst kräftig,
588 1979 1712 2163 so wunderschön zusammengehalten.
570 2166 1660 2271 Alle Ihre nicht leicht in einem
648 2241 1679 2395 Athen aufzuzählender Vorzüge:
648 2386 1749 2550 das so ganz persönliche Lehnsgefühl
655 2520 1751 2698 die höchst besondere Male des Wertungen,
1809 909 2780 1073 die zarte und sicher Gestaltung,
1792 1054 2883 1207 die leichte Hand für die Sommerführung
1801 1195 2724 1355 di Melancholie und der Mitz,
1801 1335 2825 1458 der Fühst nötige bon sens, normale
1822 1461 2834 1590 (der selteres) Menschenverpand,
1812 1607 2756 1723 und dazi das tiefere goetisch¬
1854 1686 2806 1856 philosophische Zusammensche.
1859 1860 2799 1986 und Nebeneinanderschen, die
1845 1962 2899 2135 Güte, die Erfahrung und zugleich
1843 2114 2763 2258 in entzückend Mangel an
1866 2251 2815 2389 Aculins, ein Fisches, blisendes,
1861 2396 2811 2528 Gespanntes überall – das
1828 2540 2872 2663 alles kommt zusammen, nur ein
