2250 3400
1057 621 1198 727 88
524 630 926 749 A.S. an H.v.H.
1671 680 1786 743 120
524 712 1913 843 bewuset, dass ich Ihnen damit einen Wunsch abschla-
519 818 1864 956 ge, auf dessen Erfüllung in den nächsten Tagen Sie
522 906 1942 1037 Wert legen. Aus Ihrem heutigen Briefe sehe ich, dass
512 995 1903 1145 ich Sie verletzt habe; reichen Sie mir die Hand und
522 1090 1212 1195 seien Sie mir nicht böse.
522 1177 926 1294 Von Herzen Ihr
1499 1230 1708 1363 Arthur.
