2057 3159
394 553 847 698 A.S. an H.v. H.
1645 585 1732 722 51
896 573 1024 732 (47)
1130 662 1520 760 Paris, 26.4.97.
1160 713 1662 826 5,Rue de Maubeuge.
362 756 1837 900 Mein lieber Hugo. Seien Sie mir herzlich gegrüsst. Ich
360 896 1769 1002 lebe im Innersten der Stadt wie ich in Wien um kei-
366 998 1879 1092 nen Freie leben möchte; an der Kreuzung vieler Straesen,
358 1081 1732 1183 mitten im Lärm der Geschäfte und des Verkehrs. Der
351 1168 1760 1279 Zufall hat es gefügt, dass ich gerade hier die Woh-
353 1249 1756 1388 nung gefunden habe, wie ich sie brauche, und günstige
358 1332 1769 1464 Verbindungen von Goldmann haben sie mir verschafft.
345 1435 1779 1560 Ich sage mir, obwohl das nicht ganz richtig ist. Aber
351 1530 1775 1647 ich habe mein Zimmer allein und so viel Freiheit, als
343 1633 1716 1737 unter den bekannten Umständen möglich ist. Manch-
338 1718 1818 1843 mal möcht ich wohl lieber ganz allein sein; aber viel-
340 1852 1841 1971 leicht ist es nur die Sehnsucht, nach der ich mich sehne
332 1962 1828 2064 Ich bin nämlich bisher wirklich noch nie von Wien fort
332 2041 1792 2143 gewesen, ohne dort irgendwen zurückzulassen, um den ich
332 2126 1805 2196 mehr oder weniger "zittern" musste; das geht mir viel-
330 2184 1783 2277 leicht ab. Im ganzen aber fühl ich mich, wie Sie sagen
321 2245 1783 2373 würden, „eher“ wohl; insbesondere tritt das sonderbare
