3438 3688
750 585 2225 774 zwischen ihm und Christiane bewehende
728 734 2463 880 meintere gesprächige Grundschaft je V
730 875 2498 1062 Auss anderen Führer könnte, als eben ge¬
761 981 1233 1152 Neundeloft.
739 1132 2423 1297 Oass Sie, wie ich von Freunden öftes schoit habe.
759 1253 2491 1436 an Ihrem Schwiegersohn inschied einer Freund¬
774 1372 2430 1561 heronnen haben, und eine Beweisierung Iures
750 1469 2232 1686 Lebens, nelme cit als ein gutes Omez.
800 1625 2456 1847 Hl ducke Heier leiglich die Hand, liebes
811 1794 1376 1988 Gutes Aistus.
1434 1928 1944 2181 Mr Heyd.
