2179 2984
388 612 468 685 P.
1606 594 1792 710 158
489 643 946 760 A.S. an H.v.H.
1783 618 1884 719 P.
988 652 1235 771 107
491 703 1938 854 da wir nicht mehr von ihm angerührt werden, aber im-
500 807 1857 950 merhin! Wir denken:Muss das ein Kerl gewesen sein-
506 910 1944 1033 dass die zwei gar nicht merken, wie wenig er es heute
497 1008 1855 1145 istl-Mitterwurzer, Kainz, Bassermann wieder trügen
504 1120 1922 1219 dieses „gewesene" wie einen Heiligenschein von ver-
509 1198 1888 1328 stäubten Schicksalen um ihr Haupt, einen Schein, der
511 1293 1963 1400 eben nur in Persönlichkeitsatmosphäre sichtbar wird.
509 1407 1918 1483 Davon, wird bei Grunwald nichts merklich sein. Warum
518 1465 1888 1586 ich ihnen das sage weiss ich eigentlich nicht-denn
520 1584 1830 1714 wenn Bassermann absolut nicht will, ist G. gewiss
515 1682 1963 1797 der einzige, der in Betracht kommt. Er wird setze
479 1779 1851 1882 ich voraus, die Rolle von der weibisch-verwöhnten
502 1846 1920 1972 Seite her zu nehmen suchen, ja er wird vielleicht
504 1931 1895 2061 auch das hysterisch-verlogene (es ist eine Bezeich-
592 2048 1940 2142 Ig, kein Schimpf) in lebhafterer Weise herausbringen
399 2101 531 2191 P.
647 2108 1857 2234 Sie wollten. Wie immer, -es wird durch diese Be-
612 2196 1759 2330 sung mehr als je die Tragödie von der Entt###
639 2299 1468 2408 Pierre, und vielleicht kommt nun
