2271 3129
1682 607 1813 749 132
467 591 911 753 A.S. an H.v.H.
1008 637 1171 775 95
1142 697 1719 842 XVIII.Spöttelgasse 7.
737 773 842 904 G.F.P
1137 813 1619 904 dixiex 4.11.1903.
888 857 1046 944 G.C.F.P
473 866 1908 1006 Lieber Hugo, über Elektra habe ich mich sehr gefreut,
475 969 1935 1088 und das Goldmannsche Telegramm gehört zu dem Uebrigen.
478 1066 1873 1215 Denken Sie, dass er, seit er Wien verlassen, Mitte Sep-
477 1149 1648 1249 tember, keine Zeile an mich geschrieben hat.
487 1233 1813 1350 - Das Stück ist schon an Brahm abgegangen. Freitag
478 1326 1861 1431 gehen wir auf ein paar Tage auf den Semmering. Mitte
477 1411 1790 1537 nächster Woche möchte ich vorlesen. Sagen Sie mir
478 1500 1897 1604 bitte, ob Ihnen Donnerstag Abend 17 recht wäre. Fragen
487 1590 1817 1686 Sie auch gleich den Richard. Dieser Tage ist die
477 1664 1859 1788 Kakadu-Première in Paris; Antoine scheint sich nach
482 1759 1921 1893 einem Brief von ihm und von einigen andern, die Proben
478 1873 1413 1957 gesehen haben, viel zu versprechen.
477 1910 1835 2062 Grüssen Sie von uns beiden herzlich Gerty und Hof-
469 2033 1753 2161 mannsthal den Winzigen.Sich selber desgleichen.
491 2112 1890 2221 -Hat sich die Burg um die ihrer Hoheit entkleidete
477 2203 1859 2346 Griechin beworben? Aus dem alten Sophokles ein Zug
498 2297 1280 2439 stück zu machen! Echt jüdisch.
844 2395 1028 2508 Ihr A.
