<?xml version="1.0" encoding="UTF-8" standalone="yes"?>
<PcGts xmlns="http://schema.primaresearch.org/PAGE/gts/pagecontent/2013-07-15" xmlns:xsi="http://www.w3.org/2001/XMLSchema-instance" xsi:schemaLocation="http://schema.primaresearch.org/PAGE/gts/pagecontent/2013-07-15 http://schema.primaresearch.org/PAGE/gts/pagecontent/2013-07-15/pagecontent.xsd">
    <Metadata>
        <Creator>prov=READ-COOP:name=TrHtr:version=2.1.0:model_id=51170:date=25_07_2023_14:44</Creator>
        <Created>2023-05-01T21:59:25.008+02:00</Created>
        <LastChange>2023-07-25T14:44:31.562+02:00</LastChange>
        <TranskribusMetadata docId="1416441" pageId="54947091" pageNr="66" tsid="130683833" status="IN_PROGRESS" userId="64420" imgUrl="https://files.transkribus.eu/Get?id=JKPNQDZFRPNGRFWOSUTKXDIB&amp;fileType=view" xmlUrl="https://files.transkribus.eu/Get?id=FPIYFLSSFCNYACQARZNPMBAG" imageId="44451176"/>
    </Metadata>
    <Page imageFilename="1416441_0066.jpg" imageWidth="2216" imageHeight="3257">
        <ReadingOrder>
            <OrderedGroup id="ro_1711830631937" caption="Regions reading order">
                <RegionRefIndexed index="0" regionRef="tr_2"/>
                <RegionRefIndexed index="1" regionRef="tr_1"/>
            </OrderedGroup>
        </ReadingOrder>
        <TextRegion id="tr_2" custom="readingOrder {index:0;}">
            <Coords points="588,663 1931,663 1931,1296 588,1296"/>
            <TextLine id="tr_2_tl_1" custom="readingOrder {index:0;}">
                <Coords points="1712,763 1720,763 1734,752 1742,759 1749,752 1761,754 1784,739 1796,740 1801,650 1761,657 1754,650 1744,652 1739,645 1729,655 1717,655"/>
                <Baseline points="1722,716 1755,716 1800,713"/>
                <TextEquiv>
                    <Unicode>63</Unicode>
                </TextEquiv>
            </TextLine>
            <TextLine id="tr_2_tl_2" custom="readingOrder {index:1;}">
                <Coords points="585,735 626,742 672,727 698,740 730,723 773,742 834,727 922,742 994,728 994,648 884,614 838,610 788,648 722,650 655,619 585,640"/>
                <Baseline points="594,719 638,722 683,725 728,722 773,722 817,722 862,722 907,725 952,722 997,722"/>
                <TextEquiv>
                    <Unicode>A.S. an H.v.H.</Unicode>
                </TextEquiv>
            </TextLine>
            <TextLine id="tr_2_tl_3" custom="readingOrder {index:2;}">
                <Coords points="1088,768 1103,770 1113,764 1117,766 1146,747 1175,746 1178,629 1161,629 1156,624 1137,629 1132,622 1103,643 1091,643"/>
                <Baseline points="1098,734 1134,731 1179,731"/>
                <TextEquiv>
                    <Unicode>54.</Unicode>
                </TextEquiv>
            </TextLine>
            <TextLine id="tr_2_tl_4" custom="readingOrder {index:3;}">
                <Coords points="790,775 817,775 821,771 836,770 860,778 877,770 882,773 903,771 903,735 889,737 879,728 869,737 862,737 834,727 812,739 790,737"/>
                <Baseline points="800,767 844,764 889,764 907,767"/>
                <TextEquiv>
                    <Unicode>G.F.P.</Unicode>
                </TextEquiv>
            </TextLine>
            <TextLine id="tr_2_tl_5" custom="readingOrder {index:4;}">
                <Coords points="590,828 1778,834 1794,754 1513,773 1380,734 1183,780 1055,715 942,775 590,775"/>
                <Baseline points="600,806 632,806 677,809 722,812 767,812 812,812 856,812 901,812 946,812 991,812 1035,812 1080,812 1125,812 1170,809 1215,809 1259,809 1304,809 1349,809 1394,809 1438,809 1483,809 1528,809 1573,809 1618,806 1662,806 1707,806 1752,806 1797,803"/>
                <TextEquiv>
                    <Unicode>Vergleich ist) (ich hätt ihn doch auch aus-</Unicode>
                </TextEquiv>
            </TextLine>
            <TextLine id="tr_2_tl_6" custom="readingOrder {index:5;}">
                <Coords points="585,869 616,860 687,872 715,862 812,874 831,865 917,867 917,826 881,816 846,816 824,831 805,819 699,831 670,823 648,831 626,814 585,821"/>
                <Baseline points="594,856 638,856 683,856 728,856 773,859 817,859 862,853 907,856 919,859"/>
                <TextEquiv>
                    <Unicode>Geschreiben</Unicode>
                </TextEquiv>
            </TextLine>
            <TextLine id="tr_2_tl_7" custom="readingOrder {index:6;}">
                <Coords points="580,927 1182,906 1443,934 1501,922 1500,846 1303,855 1146,819 1000,828 937,876 578,867"/>
                <Baseline points="588,907 632,904 677,904 722,904 767,904 812,904 856,907 901,904 946,904 991,907 1035,907 1080,907 1125,904 1170,904 1215,904 1259,904 1304,904 1349,904 1394,904 1438,907 1483,907 1504,907"/>
                <TextEquiv>
                    <Unicode>streichen können, ganz einfach?).</Unicode>
                </TextEquiv>
            </TextLine>
            <TextLine id="tr_2_tl_8" custom="readingOrder {index:7;}">
                <Coords points="585,1026 1819,1011 1908,997 1910,934 587,925"/>
                <Baseline points="594,1003 614,1000 659,1000 704,1000 749,1000 794,1000 838,997 883,1000 928,1000 973,1000 1017,997 1062,1000 1107,997 1152,997 1197,997 1241,997 1286,997 1331,997 1376,997 1421,1000 1465,1000 1510,997 1555,997 1600,997 1644,997 1689,997 1734,994 1779,994 1824,994 1868,994 1913,991"/>
                <TextEquiv>
                    <Unicode>Ich muss vielleicht bald nach Wien, da ich in der</Unicode>
                </TextEquiv>
            </TextLine>
            <TextLine id="tr_2_tl_9" custom="readingOrder {index:8;}">
                <Coords points="581,1106 1855,1123 1825,1024 1553,1069 1301,1002 990,1005 811,1069 581,1024"/>
                <Baseline points="591,1095 635,1095 680,1095 725,1095 770,1098 814,1098 859,1098 904,1101 949,1098 994,1098 1038,1098 1083,1098 1128,1098 1173,1098 1218,1098 1262,1095 1307,1095 1352,1098 1397,1098 1441,1098 1486,1098 1531,1095 1576,1095 1621,1095 1665,1095 1710,1095 1755,1095 1800,1092 1844,1095 1859,1095"/>
                <TextEquiv>
                    <Unicode>Wohnungsfrage, in der bekannten. noch mancherlei</Unicode>
                </TextEquiv>
            </TextLine>
            <TextLine id="tr_2_tl_10" custom="readingOrder {index:9;}">
                <Coords points="590,1202 1785,1223 1927,1211 1927,1134 1614,1159 1436,1106 1248,1159 590,1144"/>
                <Baseline points="600,1191 632,1188 677,1191 722,1191 767,1191 812,1191 856,1191 901,1191 946,1191 991,1191 1035,1191 1080,1191 1125,1191 1170,1191 1215,1191 1259,1191 1304,1191 1349,1191 1394,1191 1438,1191 1483,1191 1528,1191 1573,1191 1618,1188 1662,1188 1707,1188 1752,1188 1797,1188 1841,1188 1886,1188 1931,1185"/>
                <TextEquiv>
                    <Unicode>oder vielmehr alles zu ordnen habe. Das ursprüng-</Unicode>
                </TextEquiv>
            </TextLine>
            <TextLine id="tr_2_tl_11" custom="readingOrder {index:10;}">
                <Coords points="585,1298 811,1325 964,1288 1144,1317 1837,1294 1837,1245 1707,1229 1301,1257 585,1226"/>
                <Baseline points="594,1286 632,1286 677,1283 722,1286 767,1283 812,1286 856,1286 901,1286 946,1283 991,1286 1035,1286 1080,1286 1125,1283 1170,1286 1215,1286 1259,1283 1304,1283 1349,1283 1394,1283 1438,1283 1483,1283 1528,1283 1573,1283 1618,1283 1662,1283 1707,1283 1752,1283 1797,1283 1841,1283"/>
                <TextEquiv>
                    <Unicode>lich geplante Häuschen im Gebirg ist mir weg-</Unicode>
                </TextEquiv>
            </TextLine>
        </TextRegion>
        <TextRegion id="tr_1" custom="readingOrder {index:1;}">
            <Coords points="567,1323 1952,1323 1952,2577 567,2577"/>
            <TextLine id="tr_1_tl_1" custom="readingOrder {index:0;}">
                <Coords points="569,1412 1842,1397 1893,1390 1893,1342 569,1349"/>
                <Baseline points="579,1385 600,1382 644,1379 689,1379 734,1379 779,1379 823,1379 868,1379 913,1379 958,1376 1003,1379 1047,1379 1092,1376 1137,1379 1182,1379 1226,1379 1271,1376 1316,1376 1361,1376 1406,1376 1450,1376 1495,1376 1540,1376 1585,1376 1629,1376 1674,1376 1719,1376 1764,1376 1809,1376 1853,1373 1898,1373"/>
                <TextEquiv>
                    <Unicode>geschnappt worden. Es ist sehr ärgerlich. Natür-</Unicode>
                </TextEquiv>
            </TextLine>
            <TextLine id="tr_1_tl_2" custom="readingOrder {index:1;}">
                <Coords points="578,1498 843,1476 1180,1520 1438,1474 1879,1522 1879,1416 578,1438"/>
                <Baseline points="588,1471 629,1468 674,1468 719,1468 764,1468 809,1468 853,1468 898,1468 943,1468 988,1468 1032,1468 1077,1468 1122,1471 1167,1471 1212,1471 1256,1468 1301,1471 1346,1468 1391,1468 1435,1468 1480,1468 1525,1468 1570,1471 1615,1471 1659,1471 1704,1471 1749,1471 1794,1471 1838,1471 1883,1468"/>
                <TextEquiv>
                    <Unicode>lich bleibt es trotzdem bei unserm Salzburg, und</Unicode>
                </TextEquiv>
            </TextLine>
            <TextLine id="tr_1_tl_3" custom="readingOrder {index:2;}">
                <Coords points="588,1601 749,1575 848,1624 1122,1628 1366,1618 1440,1577 1814,1580 1814,1525 1749,1515 588,1518"/>
                <Baseline points="597,1561 609,1561 653,1561 698,1558 743,1558 788,1561 832,1561 877,1561 922,1561 967,1561 1012,1561 1056,1561 1101,1561 1146,1561 1191,1561 1235,1561 1280,1561 1325,1561 1370,1561 1415,1561 1459,1561 1504,1558 1549,1558 1594,1558 1638,1561 1683,1561 1728,1561 1773,1561 1818,1558"/>
                <TextEquiv>
                    <Unicode>ich freue mich sehr darauf. Sagen Sie mir nur</Unicode>
                </TextEquiv>
            </TextLine>
            <TextLine id="tr_1_tl_4" custom="readingOrder {index:3;}">
                <Coords points="581,1700 771,1666 1043,1715 1440,1667 1642,1710 1780,1669 1943,1696 1932,1611 872,1630 581,1597"/>
                <Baseline points="591,1659 635,1659 680,1659 725,1656 770,1659 814,1656 859,1656 904,1659 949,1659 994,1659 1038,1659 1083,1659 1128,1659 1173,1659 1218,1659 1262,1659 1307,1659 1352,1659 1397,1659 1441,1659 1486,1659 1531,1656 1576,1659 1621,1659 1665,1659 1710,1659 1755,1659 1800,1659 1844,1659 1889,1659 1934,1659 1946,1662"/>
                <TextEquiv>
                    <Unicode>gleich das genaue Datum, da ich mit den Tagen haus¬</Unicode>
                </TextEquiv>
            </TextLine>
            <TextLine id="tr_1_tl_5" custom="readingOrder {index:4;}">
                <Coords points="576,1754 1129,1796 1438,1753 1561,1802 1789,1768 1787,1707 1669,1696 575,1713"/>
                <Baseline points="585,1749 629,1749 674,1749 719,1749 764,1749 809,1749 853,1749 898,1749 943,1749 988,1752 1032,1752 1077,1752 1122,1752 1167,1752 1212,1752 1256,1752 1301,1752 1346,1752 1391,1752 1435,1752 1480,1752 1525,1752 1570,1752 1615,1752 1659,1752 1704,1752 1749,1752 1791,1755"/>
                <TextEquiv>
                    <Unicode>halten muss. Morgen schicke ich Ihnen den 2.</Unicode>
                </TextEquiv>
            </TextLine>
            <TextLine id="tr_1_tl_6" custom="readingOrder {index:5;}">
                <Coords points="578,1859 759,1886 852,1845 1041,1850 1163,1903 1765,1871 1765,1796 1684,1821 1481,1775 1435,1804 1329,1768 1206,1804 578,1797"/>
                <Baseline points="588,1832 632,1835 677,1835 722,1838 767,1838 812,1838 856,1838 901,1838 946,1841 991,1841 1035,1841 1080,1841 1125,1841 1170,1841 1215,1841 1259,1841 1304,1841 1349,1841 1394,1841 1438,1841 1483,1841 1528,1841 1573,1841 1618,1841 1662,1841 1707,1841 1752,1841 1767,1844"/>
                <TextEquiv>
                    <Unicode>Sand Mozart.- Sichard arbeitet wirklich; er</Unicode>
                </TextEquiv>
            </TextLine>
            <TextLine id="tr_1_tl_7" custom="readingOrder {index:6;}">
                <Coords points="569,1943 1835,1980 1867,1972 1867,1854 1681,1907 1062,1869 569,1895"/>
                <Baseline points="579,1928 623,1931 668,1931 713,1931 758,1931 803,1931 847,1931 892,1931 937,1934 982,1934 1026,1931 1071,1931 1116,1934 1161,1934 1206,1934 1250,1934 1295,1934 1340,1934 1385,1934 1429,1934 1474,1934 1519,1934 1564,1934 1609,1934 1653,1937 1698,1934 1743,1934 1788,1934 1832,1934 1871,1934"/>
                <TextEquiv>
                    <Unicode>scheint im 3.Kapitel zu sein. Wenigstens hat er</Unicode>
                </TextEquiv>
            </TextLine>
            <TextLine id="tr_1_tl_8" custom="readingOrder {index:7;}">
                <Coords points="566,2055 894,2078 970,2038 1248,2038 1645,2079 1890,2047 1890,1990 1809,1977 566,1966"/>
                <Baseline points="576,2021 620,2024 665,2024 710,2024 755,2024 800,2024 844,2024 889,2024 934,2027 979,2027 1023,2027 1068,2024 1113,2024 1158,2027 1203,2027 1247,2027 1292,2027 1337,2027 1382,2027 1426,2027 1471,2027 1516,2027 1561,2027 1606,2027 1650,2027 1695,2027 1740,2027 1785,2027 1830,2027 1874,2024 1892,2024"/>
                <TextEquiv>
                    <Unicode>kaum zu was anderm Zeit und ist eine Radelraun-</Unicode>
                </TextEquiv>
            </TextLine>
            <TextLine id="tr_1_tl_9" custom="readingOrder {index:8;}">
                <Coords points="578,2131 677,2153 752,2120 896,2115 1072,2158 1190,2143 1269,2163 1269,2076 1209,2088 1141,2052 1028,2084 980,2066 891,2078 829,2052 771,2076 578,2079"/>
                <Baseline points="588,2116 632,2113 677,2113 722,2113 767,2113 812,2113 856,2113 901,2113 946,2113 991,2116 1035,2113 1080,2113 1125,2116 1170,2113 1215,2116 1259,2119 1271,2116"/>
                <TextEquiv>
                    <Unicode>zen wie ein kleines Kind.</Unicode>
                </TextEquiv>
            </TextLine>
            <TextLine id="tr_1_tl_10" custom="readingOrder {index:9;}">
                <Coords points="564,2214 756,2257 944,2209 1103,2254 1190,2216 1915,2240 1915,2180 1495,2138 746,2175 564,2143"/>
                <Baseline points="573,2203 617,2203 662,2206 707,2206 752,2206 797,2206 841,2206 886,2206 931,2206 976,2206 1020,2206 1065,2206 1110,2206 1155,2209 1200,2209 1244,2209 1289,2209 1334,2209 1379,2209 1424,2209 1468,2206 1513,2206 1558,2206 1603,2209 1647,2209 1692,2209 1737,2209 1782,2209 1827,2209 1871,2209 1916,2206 1919,2206"/>
                <TextEquiv>
                    <Unicode>Neulich bin ich nach Unteracht zu Stris.'s gera-</Unicode>
                </TextEquiv>
            </TextLine>
            <TextLine id="tr_1_tl_11" custom="readingOrder {index:10;}">
                <Coords points="576,2302 1925,2317 1878,2252 1671,2271 1529,2232 576,2261"/>
                <Baseline points="585,2295 629,2295 674,2292 719,2292 764,2292 809,2292 853,2292 898,2292 943,2292 988,2292 1032,2295 1077,2295 1122,2295 1167,2295 1212,2295 1256,2295 1301,2295 1346,2295 1391,2295 1435,2295 1480,2295 1525,2295 1570,2295 1615,2295 1659,2298 1704,2298 1749,2298 1794,2295 1838,2295 1883,2292 1928,2292"/>
                <TextEquiv>
                    <Unicode>delt; sonst mach ich nur ganz kleine Spazierfahr-</Unicode>
                </TextEquiv>
            </TextLine>
            <TextLine id="tr_1_tl_12" custom="readingOrder {index:11;}">
                <Coords points="576,2435 705,2389 1229,2391 1394,2435 1520,2392 1948,2397 1948,2332 1799,2310 1325,2353 576,2317"/>
                <Baseline points="585,2385 629,2385 674,2385 719,2385 764,2385 809,2382 853,2385 898,2385 943,2385 988,2385 1032,2385 1077,2385 1122,2385 1167,2385 1212,2385 1256,2385 1301,2385 1346,2385 1391,2385 1435,2385 1480,2385 1525,2385 1570,2388 1615,2391 1659,2388 1704,2388 1749,2388 1794,2385 1838,2385 1883,2388 1928,2388 1952,2385"/>
                <TextEquiv>
                    <Unicode>ten, und plaudere mit einer merkwürdig gescheidten</Unicode>
                </TextEquiv>
            </TextLine>
            <TextLine id="tr_1_tl_13" custom="readingOrder {index:12;}">
                <Coords points="564,2485 964,2509 1151,2476 1595,2522 1648,2483 1849,2481 1849,2420 564,2421"/>
                <Baseline points="573,2474 617,2471 662,2474 707,2474 752,2474 797,2474 841,2474 886,2474 931,2474 976,2474 1020,2474 1065,2474 1110,2474 1155,2471 1200,2474 1244,2474 1289,2474 1334,2474 1379,2474 1424,2474 1468,2474 1513,2477 1558,2477 1603,2477 1647,2477 1692,2474 1737,2474 1782,2474 1827,2474 1853,2474"/>
                <TextEquiv>
                    <Unicode>Frau sehr viel, die Humor hat, und ich versuche</Unicode>
                </TextEquiv>
            </TextLine>
            <TextLine id="tr_1_tl_14" custom="readingOrder {index:13;}">
                <Coords points="557,2589 1849,2597 1804,2515 1633,2502 934,2531 682,2498 557,2533"/>
                <Baseline points="567,2564 611,2561 656,2561 701,2561 746,2564 791,2561 835,2564 880,2564 925,2564 970,2564 1015,2567 1059,2564 1104,2564 1149,2564 1194,2564 1238,2564 1283,2567 1328,2567 1373,2567 1418,2567 1462,2564 1507,2564 1552,2564 1597,2564 1641,2564 1686,2564 1731,2564 1776,2564 1821,2564 1853,2564"/>
                <TextEquiv>
                    <Unicode>mich zu erinnern, ob ich schon je eine Frau mit</Unicode>
                </TextEquiv>
            </TextLine>
        </TextRegion>
    </Page>
</PcGts>
