2250 3400
1607 651 1739 775 125
500 664 1127 793 A.S. an H.v.H. (89)
500 770 1792 881 ein unfassbares, unmessbares und unbegreifliches
503 858 1866 961 Ding ist -wie wir zuweilen schaffen, ohne es zu be-
500 949 1792 1054 merken und ein anderes Mal (mir geht es öfters
500 1032 1761 1146 so!) in aller Geschäftigkeit so gut wie nichts
505 1148 1795 1234 geliefert haben.-Dass das "Aufgeschriebene" das
510 1215 1807 1332 einzige ist, was von den Fernerstehenden kontrol-
507 1309 1864 1410 liert werden kann, sollte uns nie verwirren. Für die
498 1387 1783 1502 Andern werd ich gewiss nie ein Dichter sein wie
505 1481 1822 1581 ich es vor drei Jahren einmal auf einem einsamen
512 1580 1870 1663 Spaziergang von Wiesbaden nach Bleberich und heuer
507 1670 1810 1753 im Sommer zehn oder gar zwanzig Minuten auf dem
510 1753 1759 1858 "iechtenstein war- Und das "übrigbleiben" kann
512 1831 1732 1920 doch wohl kein Kriterium sein. In hundert- oder
507 1909 1754 2039 zehntausend oder siebzigtausend Jahren ist gar
503 2024 876 2109 nichts übrig.
507 2102 1787 2214 Aber das führt ins allgemeine, und da weht einem
507 2188 1787 2307 die Luft zu kalt um die Ohren, Schreiben Sie mir
503 2266 1303 2398 bald. Ich grüsse Sie herzlich.
507 2370 610 2458 Ihr
1048 2459 1185 2541 ==== =====
