2250 3306
1547 571 1674 660 184
420 556 828 686 A.S. an H.v.H.
998 573 1259 724 121 (119)
1148 651 1443 788 25.3.1909.
413 745 1797 863 Lieber Hugo, die Elektra hat mir bei der General.
434 833 1752 962 probe schon einen starken Eindruck gemacht, und
431 913 1811 1038 gestern Abend einen noch viel stärkeren. Einen rei-
436 1045 1776 1155 neren hatt'ich zwischen Generalprobe und Auffüh-
434 1125 1806 1245 rung, da ich gestern Früh Ihre unverstrausste Elek-
434 1191 1821 1306 tra wieder las, die etwas einfach bewunderungswürdi-
436 1292 1830 1396 ges vorstellt und der ich für meinen Theil gestern
432 1372 1684 1502 Abend noch heftiger applaudiert habe, als der
438 1474 1790 1590 wahrhaft mächtigen Musik=Begleitung (ein Wort, das
431 1573 1484 1674 hier in höchstem Sinn zu nehmen wäre.)
434 1669 1813 1773 Olga schliesst sich meiner Ansicht, ebenso wie mei-
429 1731 1731 1866 nene Grüssen und Glückwünsche aufs wärmste an.
844 1820 1165 1936 Ihr Arthur.
