2249 3351
440 623 1027 744 A.S. an-H.v.H. (58)
440 686 1773 815 beinah ein Roman sein könnte.- Dass ich von Wien
442 792 1655 916 fort bin, ist mir recht; dass es von hier aus
453 897 1821 1015 bald weitergeht, nicht minder. Das Radeln macht mir
450 967 1776 1099 Freude. Warum schreiben Sie mir in Ihrem letzten
462 1066 1744 1194 (vom 12.) nicht, wies Ihnen geht? Das hoff ich,
462 1159 1836 1282 wenn auch nur mit ein paar Zeilen, in Gastein zu er-
462 1270 1759 1376 fahren. Richard schrieb mir kurz, ohne bestimmte
464 1367 1162 1482 Zusage, nicht wohlgelaunt.
460 1424 1836 1559 Lassen Sie uns auf ein schönes Wiedersehen hoffen.
744 1561 1056 1672 Von Herzen
1042 1641 1152 1740 Ihr
1152 1710 1360 1800 Arthur.
1295 1829 1910 1951 10.6.98. Steindorf am
1058 1814 1160 1973 59
1547 1896 1918 1966 Ossiachersee.
537 1898 876 2023 Lieber Hugo,
686 1947 1836 2042 die Radpartie war sehr schön; seit Dienstag
558 1999 1826 2089 bin ich in Steindorf, wo es viel regnet; Sonntag
554 2040 1889 2137 möchte ich gerne in Wien eine Nachricht von Ihnen
553 2091 1840 2180 finden, ob man Sie vielleicht abends sehen kann.
849 2137 1395 2262 Herzliche Grüsse Ihr
1417 2161 1597 2237 Orthur
1439 2197 1675 2319 Richard.
