3555 3688
939 1003 2042 1165 Kommt das willniss dieser, sind
983 1139 1773 1323 ich hieles nicht kann.
939 1293 2122 1474 Ich hat uns Spieloge gemacht, die glaub¬
985 1434 2011 1605 ich sübsch ist. (Nicht so hiesisch im
954 1530 2017 1711 des töffers Lassian) Und ferner
969 1662 2100 1845 bild ich mir in die letzte Tage kosten
971 1816 1960 1979 ein daß ich mein (äußerst sehr
976 1956 1940 2097 mänderte) Florindssemärte in den
954 2036 2036 2247 mässte Mehr fortz kriegen worden.
934 2171 1927 2385 Ich meint mich zu diesem Zweck
926 2290 2073 2493 etwas isolieren, vielleicht in Kirchen¬
963 2427 2188 2594 als so. Auf ein gutes Miederschen wird
946 2537 2185 2742 reibt sehr täglich an Olge. Er bethe
