2191 3288
1465 635 1636 733 G.F.P.
291 694 705 803 A.S. an H.v.H.
1040 697 1510 803 Wien, 16.11.1925.
831 720 955 852 135
290 761 1683 951 Mein lieber Hugo, Ihr schönes Stück hab ich noch in
891 889 1000 942 G.C.F.P.
301 844 1716 1042 Berlin erhalten, und es ist recht unhöflich, dass ich
726 983 878 1036 G.C.F.P.
308 951 1737 1132 Ihnen nicht gleich gedankt habe. Mit ein Grund ist
306 1062 1777 1211 gewesen, dass ich erst in den letzten Tagen dazu kam
314 1145 1775 1301 den Calderen, der Ihnen dazu eine Anregung gab, zu
320 1233 1778 1397 lesen, und es war mir im höchsten Grad interessant, wie
989 1337 1100 1393 Sie.
325 1333 1780 1472 völlig neu und selbständig Ihr Drama geschrieben haben
320 1416 1731 1559 Nur einige äussere Momente-sind erhalten,-nicht nur
321 1502 1773 1673 die Gestalten sind neu geschaffen;- auch das Problem.
323 1613 1769 1741 das innere Licht ist etwas ganz neues geworden, und
327 1698 1805 1857 völlig Ihr Eigentum. In manchen Stellen wünscht ich mir
323 1786 1726 1912 geringere Weitläufigkeit, und der Humor des Dieners
333 1872 1841 2012 ist nicht durchaus nach meinem Sinn, wenn ich auch fühle
333 2006 1004 2100 sehr im Stil des ganzen.
333 2092 1782 2173 Ich freue mich, dass Sie in der Arbeit sind; auch ich
327 2138 1747 2282 kt bringe allerlei weiter. Eine neue Novelle ("Traum
329 2245 1617 2371 novelle") erscheint bald; mein Versstück “Der Ga
344 2339 1660 2470 Weiher" ist fertig; nun diktiert ich eine weitere
321 2414 1532 2559 velle, deren Schluss noch unsicher ist; arbeit
