3388 3688
495 513 639 637 10
783 582 1408 719 Radau. 3. Juni 9
1472 568 1576 745 P.
781 719 1432 942 mein liebes Aistus,
722 899 2551 1067 So waren sie also in der Erischenzeit nicht verreist.
752 1034 2461 1145 Sie haben den Besucht Mies schwiegersotnes lies
771 1133 2324 1306 empfangen, nicht mit ihm zu reisen.
2331 1174 2421 1285 D
762 1233 2551 1403 Sie waren eine Wode lang recht umsvoll, sind.
762 1346 2489 1507 aber joktob sieder völlig davon hergestellt.
760 1434 2392 1583 dies alles, wenn ich den Bezich des Güter¬
762 1526 1798 1673 Freundin B. Z. reibr. versiehe.
748 1663 2475 1824 H was 14 Tage, genau 13 Tage, in Italien,
778 1798 2390 1959 bis gegen Rom hin, ohne das eigne Theil.
738 1902 2508 2085 romische Gebiet zu bereihen. Es waren sehr
750 1997 1207 2134 sehrne Tage.
712 2073 2345 2298 Vor den Wegfahren las ich sehr viel in Ihren
724 2220 2612 2475 Sachen, erzällende u. dramatisdes Dienbeinander
757 2345 2425 2515 alles mit dem größten Vergnügen. Ja, so
729 2440 2634 2603 seit Leutnant præt esjèllé est, a Feaélus Clsé
710 2551 2513 2702 Mößt ihn fürlich sind; das inschalt
741 2664 2601 2830 des deutschen Libertus vielleit in jenre für
722 2761 2395 2937 seit, das die geschaffen haben. Sehr großen
715 2856 2511 3041 Eindruck marke mis auch der Einsame 29,
715 2948 2385 3112 so wenige Frigern eigentlich, und ein so
712 3036 2433 3251 jeßes Rueltum erreicht. den kommen habe
2485 3100 2605 3204 nt
