2291 3399
1026 559 1115 641 81
1720 524 1830 653 103
476 559 891 706 A.S. an H.v.H.
838 655 1369 754 Wien, 23.3.1900.
1436 690 1803 781 (nach Paris)
479 747 1830 856 Mein lieber Hugo, Sie haben mich recht lang warten
488 818 1873 927 lassen, aber was Sie mir schreiben ist alles erfreu-
479 905 1896 999 lich und schön, und so hab ich es erwartet. Der kleine
488 999 1887 1093 Ort heisst Vileines oder Vilaines - bei Poissy, wenn
479 1076 1837 1164 mich nicht die Erinnerung trügt, an der Marne. Ich
485 1147 1882 1273 kann nie an jene Stunde zurückdenken, ohne dass sich
483 1232 1876 1344 mein ganzes Wesen mit einem unbegreiflichen Schauer
485 1321 1913 1427 füllt, so als wenn ich dort es eigentlich schon hätte
492 1386 1915 1511 wissen müssen - oder gar - es gewusst hätte - ("dort
490 1496 1793 1583 wo wir an lichten Tagen nicht hineinschauen!").
488 1571 1610 1679 Ihr Brief kam grad am Morgen des 18. März.
488 1649 1885 1724 Ihr kleines Vorspiel, das ich sehr einfach und schön
492 1704 1825 1800 finde, habe ich gleich an Paul Goldmann (Berlin,
486 1766 1860 1917 Dessauerstrasse 19) geschickt, vielleicht schreiben
488 1871 1106 1999 Sie ihm auch ein Wort?
504 1928 1924 2089 Wir leben hier noch in ewigem Winter. Sohnse heut
493 2050 1892 2151 Nacht!- Und Wind, Regen, Kot. Es ist abscheulich. Ich
499 2105 1921 2247 will in den nächsten Tagen ein mischen in den Süden
490 2212 1837 2332 fahren, bis Ragusa. Nicht mit rechter Freude. Aber
497 2300 1832 2430 ich hab auch immer Katerrhe, jetzt noch dazu dumme
493 2371 1839 2524 Geschichten mit plombierten Zähnen, dazu alles an-
