2250 3336
1529 697 1641 767 141
887 711 1015 810 100
287 654 695 806 A.S. an H.v.H.
1032 719 1438 903 Wien, 9.8.1904.
291 842 1680 974 Lieber Hugo, über Bahr glaube ich Sie beruhigen zu
289 946 1680 1063 können. Er war Sonntag bei uns, dann haben wir zusam-
287 1063 1667 1172 men im Türkenschanzpark genachtmahlt und er war in
294 1151 1697 1257 der besten Stimmung. Morgen holen wir ihn abends ab
294 1220 1700 1350 und fahren ins Grüne. Die Hitze tut ihm im ganzen
296 1309 1740 1449 wohl ; und wie er sagt, fühlt er sich durch allmähliches
305 1427 1805 1527 Steigen eher angenehm erleichtert, als dass er Beschwer-
300 1484 1641 1613 den davon hätte.Seelische Depressionen wirken auf
315 1583 1741 1699 seinen phys. Zustand am heftigsten: so war er nach
309 1676 1721 1779 dem Tod Herzls kränker als seit lang, und nach irgend
315 1756 1727 1885 einem Aerger neulich hat er wieder dieses Würgen ein
311 1864 1801 1967 paar Mal gehabt, das aber nun ganz verschwunden scheint.
320 1931 1691 2039 -Könnte man ihn doch nur dazu bringen, dass er heuer
311 2039 1751 2159 die verschiedenen Erregungen des Winters und den Win-
315 2127 1695 2229 ter selbst nicht zuhause abwartet und zu guter Zeit
315 2196 1702 2349 und mit ruhigem Gemüt nach dem Meere, dem Süden ab-
313 2289 531 2391 reist!-
305 2345 1723 2499 Meinen Brief von neulich haben Sie wohl bekommen? Ich
324 2458 1714 2572 wünsche Ihnen sehr, dass eine günstige Erledigung von
