2008 3016
1330 679 1410 734 de ses
378 679 855 783 A.S. an Hofmanntha,
1122 719 1730 818 Wien, 11. Aug. 1891.
1026 778 1264 854 G.C.F.P.
799 765 954 838 Votre très-
384 825 1766 888 Lieber Freund, es ist sehr wahrscheinlich, dass ich
384 880 1768 942 die beiden Feiertage in Ischl bei meinen Leuten
392 933 1766 978 verbringe. Bei dieser Gelegenheit möcht ich sehr
312 967 1834 1033 gerne mit Ihnen zusammen sein. Nicht wahr, Sie teilen
221 959 318 1033 P.
255 1047 339 1147 G.F.P.
380 1024 1830 1073 mir gleich in zwei Zeilen mit, ob Sie am 15. und 16.
380 1058 1781 1118 August in Strobl sind, ob Sie eventuell nach Ischl
378 1103 1739 1158 herüberkommen wollen etc. Von meiner Ankunft ver-
380 1137 1817 1213 ständige ich Sie jedenfalls. Ich will auch den Beer-
365 1190 1766 1266 Hofmann nach Aussee schreiben (im übrigen hab auch
308 1230 371 1334 G.F.P.
392 1232 1800 1306 ich noch keine Zeile von ihm erhalten (=vielleicht
346 1281 1783 1351 sind wir alle drei zusammen, spielen Feiertagspöbel
378 1329 1062 1383 und fühlen uns wohl.-
371 1370 1788 1436 Ihr Salzburger Artikel war wunderschön; wohl Ihnen,
386 1421 1754 1465 der sowas im "Halbschlaf" aufs Papier träumen kann.
377 1453 1684 1518 Ich bin wach, vielleicht sogar überwach; aber es
331 1489 1766 1561 ist ein verlogener Herbstmorgen mit einer Barbier-
384 1539 1756 1629 beckensonne! - Haben Sie Salten über Bahr gelesen?
337 1590 1096 1648 Ich finde - vortrefflich! -
318 1605 1628 1715 Leben Sie wohl, hoffentlich plaudern wir bald.
731 1684 825 1752 Ihr
838 1716 1101 1800 Arth. Sch.
867 1783 1041 1887 =====
893 2025 986 2103 1
