2250 3306
1673 687 1786 777 180
465 681 885 835 A.S. an H.v.H.
1002 705 1148 818 116
451 743 1833 907 ist, wenn sie hinter einem Stubenmädel, die öffnet,
461 863 1824 1013 direkt ins Zimmer stürzen, ohne Meldung abzuwarten,
470 952 1896 1094 -oder man soll sie hinauswerfen-wasauch wieder schwer
461 1049 1889 1186 ist, wenn man nicht weiss, wer sie sind und sie plötz-
458 1139 1907 1280 lich aus heitern oder vielmehr bewölktem Himmel einem
454 1226 1867 1377 Glückwünsche zu unvermutet erschienenen fünftausend
452 1325 1871 1465 Kronen (nebst Ehre, Auszeichnung und Lorbeer) zu Füs-
463 1411 1869 1534 sen legen. Uebrigens werd ich Ihnen nächstens noch
463 1523 1889 1646 etwas komisches vom Vormittag des 15.Januar erzählen.
452 1601 1875 1711 Zur Arbeit fühl ich mich schon sehr bereit; an Tagan,
458 1712 1891 1830 da man innerlich und äusserlich allerlei ordnen konn-
458 1775 1862 1894 te, und selbst an Einfällen hat es nicht gefehlt. Wie
452 1867 1743 2006 gehts Ihnen allenfolga ist über die prachtvolle
458 1965 1754 2113 Schale sehr froh. Ich hab sie ihr erst in desin
458 2084 1094 2185 zierten Raum übergeben.
454 2150 1390 2286 Wir grüssen Buch! Lasst was hören!
970 2237 1188 2367 Arthur.
