2265 3567
1770 688 1876 802 P.P.
1717 787 1895 861 160
448 768 866 883 A.S. an H.v.H.
1067 775 1250 878 108
1748 849 1897 910 G.H.P
826 864 959 959 G.F.P.
461 861 584 936 G.F.P.
1059 861 1186 963 xxx
1330 832 1661 970 7.8.1905.
448 923 1954 1065 Lieber Hugo, erstens hatte ich begreiflicherweise
448 1044 1969 1165 keine Ahnung, dass Sie Sonntag schon wieder fortfahren.
1903 1188 2003 1278 G.C.F.P
454 1123 1903 1239 Wieso ich unser Wiedersehen bis Freitag hinausschob.
452 1229 1833 1335 werden Sie sofort hören. Heute Montag müssen wir,
1939 1379 2020 1587 G.H.F.P.
452 1309 1889 1428 wie schon ein paar Tage vorherbestimmt war, weil Herr
446 1418 1887 1500 Steinrück gastiert, nach Mödling-Mittwoch wollten -
450 1494 1833 1606 zu Heinis 3.Geburtstag in den Prater. Um aber nie.
452 1581 1922 1727 allzu sehr aus dem Arbeiten herauszukommen (wenn man
1869 1676 1990 1785 G.F.P
448 1687 1789 1799 eben daran ist was xxx abzuschliessen, enner
443 1772 1827 1889 einen das sehr, wie Sie ja wissen) wollte ich zwit.
437 1857 1857 1982 den Reisetagen immer einen Heimtag, und so xxx fiel
407 1956 1821 2061 naturgemäss der Freitag erst auf Sie.Nun haben Sie
376 2050 1842 2173 indess wohl meine Karte erhalten, die Sie für Mittwoch
420 2128 1774 2271 nach Schönbrunn bittet (da sich Heini vor die Wahr-
435 2235 1836 2338 zwischen Wurstl und Menagerie gestellt, für letztere
443 2319 1435 2436 entschied - und kaum hatte Heini das
569 2404 1176 2525 er mein erster Gedanke.
1488 2432 1776 2536 d ich hoffe
704 2498 1082 2606 Miese Karte wird
