2057 3112
1567 594 1647 676 42
832 603 973 716 (39)
299 631 701 724 A.S. an H.v.H.
966 680 1465 798 Wien, 23.5.96.
386 785 1760 876 Mein lieber Hugo, ich freue mich sehr, dass Sie sich
388 839 1732 910 meiner erinnert haben und noch mehr, dass Sie bald
395 887 1703 953 zurückkommen. Im Juni wollen wir dann doch noch
395 918 1739 1002 ein paar Mal zusammen sein. Und das eine Mal von
395 952 1753 1039 den paar werde ich wohl das Stück vorlesen können.
386 1007 1776 1089 Ich habe jetzt mehr Zuversicht. Aber mit meinem gan-
386 1046 1676 1132 zen Herzen bin ich doch nicht dabei. Vielleicht
395 1100 1672 1182 ist das sogar gut: vielleicht ist es ein Fehler
395 1139 1658 1222 von vielen meiner Sachen, dass ich mit ihnen im
395 1193 1354 1279 Schreiben zu zärtlich geworden bin.
395 1207 1699 1315 Ihren Artikel über Poesie und Leben habe ich als
394 1265 1778 1363 ein schönes Gedicht empfunden; aber es kam mir vor,
399 1318 1764 1404 als wenn Sie die Grenzen der Poesie zu eng gezogen
394 1363 1769 1451 hätten, während es doch Ihre Absicht war, sie zu er-
404 1393 1842 1494 weitern. Woher eigentlich dieses sonderbare Bedürfnis
402 1447 1808 1553 kommt, über Kunst zu reden. Ich selbst fühl es manch-
394 1497 1769 1590 mal, und habe nachher immer oder oft das Gefühl et-
402 1538 1817 1628 was überflüssiges oder gar unrechtes getan zu haben.
406 1594 1794 1680 Es kommt bestimmt nicht allein daher, dass das Theo-
406 1642 1742 1721 retisieren einfach meinem Wesen nicht entspricht.
408 1676 1787 1765 Und meine Sehnsucht, ins klare zu kommen, ist gewiss-
410 1717 1737 1808 auch nicht gering. Und was Goethe, Lessing-Hebbel,
397 1760 1721 1855 Sie ünd andere über Kunst sagen, lese ich
415 1821 1744 1905 gern; manches beruhigt mich, indem es abschliesst,
406 1850 1724 1943 anderes bewegt mich, indem es Thore aufschliesst.
415 1914 1188 1993 Wir sprechen einmal darüber.
415 1939 1726 2045 Brahm ist jetzt da, den ich persönlich gern habe.
406 1971 1833 2082 Gestern Abend waren er, Richard, Salten und Schwarz -
406 2030 1799 2123 kopf bei mir. Gelesen hab ich die französische Re-
411 2082 1803 2170 volution von Taine, die Olla potrida des durchtrie-
426 2130 1712 2218 benen Fuchemundi, die Noten zum Divan und einen
426 2159 1762 2265 englischen Kriminalroman,- Mein Sommerplan ist
420 2223 1694 2311 Norwegen, Schweden, Dänemark; und eine Novelle.-
420 2261 1701 2349 Jetzt ist ein Gewitter mit Blitz und Donner und
424 2324 1308 2426 abend geh ich zum "Zerrissenen",
893 2356 1392 2445 Herzlich der Ihre
1358 2395 1483 2472 A.S.
