2252 3016
1597 547 1710 637 172
486 547 934 655 A. S. an H.v.H.
1714 578 1814 671 G. P.
1064 576 1211 706 113
734 632 959 688 G.C.F.P.
884 670 1856 801 Wien, 8.9.1906.
797 675 891 808 P.P.
650 724 743 794 G.F.P
1807 740 1944 891 rien-
482 769 1753 907 Mein lieber Hugo, auch unser Sommer war gut. In
495 873 1721 988 lyst waren wir volle sechs Wochen. Schöne Seel.
497 965 1670 1085 höchst anmutige Waldspasiergänge, ein angene
506 1040 1913 1177 tel. Schrieb ein fünfaktiges Stück, das natürlich vor-
497 1138 1895 1264 läufig nicht zu brauchen ist und von dem ich noch
497 1228 1944 1334 nicht weiss, wann ich es vollende. Auch einen Einakten
491 1316 1924 1447 hab ich ausführlich skizziert. Salten und Frau waren
497 1411 1892 1528 einen Nachmittag bei uns, mit Verwandten. Schon nach
491 1512 1814 1633 Erledigung der Umzugsfrage und daher in guter St
468 1595 1834 1715 Ich freu mich sehr, dass er wieder zu uns kommt. Früh
482 1688 1683 1811 Fulda war ein paar Wochen in Marienlyst und
486 1768 1505 1885 nach unserer Abreise. Meine Sejwägerin
477 1861 711 1982 nödlich
1408 1867 1498 1969 Meer
