<?xml version="1.0" encoding="UTF-8" standalone="yes"?>
<PcGts xmlns="http://schema.primaresearch.org/PAGE/gts/pagecontent/2013-07-15" xmlns:xsi="http://www.w3.org/2001/XMLSchema-instance" xsi:schemaLocation="http://schema.primaresearch.org/PAGE/gts/pagecontent/2013-07-15 http://schema.primaresearch.org/PAGE/gts/pagecontent/2013-07-15/pagecontent.xsd">
    <Metadata>
        <Creator>prov=READ-COOP:name=TrHtr:version=2.1.0:model_id=51170:date=25_07_2023_14:45</Creator>
        <Created>2023-05-01T21:59:39.910+02:00</Created>
        <LastChange>2023-07-25T14:45:34.316+02:00</LastChange>
        <TranskribusMetadata docId="1416441" pageId="54947597" pageNr="192" tsid="130684218" status="IN_PROGRESS" userId="64420" imgUrl="https://files.transkribus.eu/Get?id=LKAGUKIRMFEXWHFPAILZRKCE&amp;fileType=view" xmlUrl="https://files.transkribus.eu/Get?id=PHRKFBRRKYCHSTHBADLNFAHY" imageId="44451670"/>
    </Metadata>
    <Page imageFilename="1416441_0192.jpg" imageWidth="2250" imageHeight="3306">
        <ReadingOrder>
            <OrderedGroup id="ro_1711830726692" caption="Regions reading order">
                <RegionRefIndexed index="0" regionRef="tr_1"/>
            </OrderedGroup>
        </ReadingOrder>
        <TextRegion id="tr_1" custom="readingOrder {index:0;}">
            <Coords points="417,692 1915,692 1915,2006 417,2006"/>
            <TextLine id="tr_1_tl_1" custom="readingOrder {index:0;}">
                <Coords points="1600,760 1615,762 1626,755 1667,760 1678,753 1725,779 1738,779 1738,671 1701,682 1686,671 1669,673 1656,662 1600,665"/>
                <Baseline points="1611,745 1655,742 1700,742 1742,745"/>
                <TextEquiv>
                    <Unicode>186</Unicode>
                </TextEquiv>
            </TextLine>
            <TextLine id="tr_1_tl_2" custom="readingOrder {index:1;}">
                <Coords points="407,783 472,799 541,766 587,775 636,757 814,762 814,654 771,678 736,673 693,704 660,691 638,703 612,686 543,688 506,706 407,699"/>
                <Baseline points="417,751 462,757 507,757 551,757 596,757 641,757 686,754 731,754 775,754 817,754"/>
                <TextEquiv>
                    <Unicode>A.S. an H.v.H.</Unicode>
                </TextEquiv>
            </TextLine>
            <TextLine id="tr_1_tl_3" custom="readingOrder {index:2;}">
                <Coords points="905,842 983,831 1058,855 1076,842 1095,848 1132,823 1182,827 1184,751 1152,758 1095,751 1059,770 1035,755 981,758 937,775 907,773"/>
                <Baseline points="916,829 918,826 963,820 1008,820 1053,823 1098,820 1142,817 1187,820"/>
                <TextEquiv>
                    <Unicode>123 121</Unicode>
                </TextEquiv>
            </TextLine>
            <TextLine id="tr_1_tl_4" custom="readingOrder {index:3;}">
                <Coords points="1275,870 1329,881 1361,862 1398,874 1474,842 1496,857 1559,838 1604,848 1604,777 1574,784 1524,773 1515,783 1472,760 1409,777 1364,771 1325,786 1307,768 1275,768"/>
                <Baseline points="1285,835 1294,835 1339,835 1384,835 1429,835 1473,832 1518,832 1563,832 1608,832"/>
                <TextEquiv>
                    <Unicode>15.5.1910.</Unicode>
                </TextEquiv>
            </TextLine>
            <TextLine id="tr_1_tl_5" custom="readingOrder {index:4;}">
                <Coords points="409,955 1418,929 1721,963 1749,848 881,896 411,851"/>
                <Baseline points="420,930 453,933 498,933 543,930 587,930 632,930 677,930 722,933 766,933 811,930 856,930 901,933 945,927 990,927 1035,927 1080,924 1124,924 1169,924 1214,924 1259,924 1303,924 1348,924 1393,924 1438,924 1482,924 1527,924 1572,921 1617,921 1661,921 1706,921 1751,921"/>
                <TextEquiv>
                    <Unicode>Lieber Hugo, ich gratuliere herzlichst; es war ein</Unicode>
                </TextEquiv>
            </TextLine>
            <TextLine id="tr_1_tl_6" custom="readingOrder {index:5;}">
                <Coords points="411,1059 768,1026 1212,1061 1318,1020 1757,1054 1758,967 1537,931 1349,974 1162,935 691,978 413,954"/>
                <Baseline points="423,1023 465,1020 510,1020 554,1017 599,1020 644,1020 689,1017 734,1020 778,1020 823,1020 868,1017 913,1017 957,1017 1002,1014 1047,1014 1092,1014 1136,1014 1181,1014 1226,1017 1271,1014 1315,1014 1360,1014 1405,1011 1450,1011 1494,1011 1539,1011 1584,1011 1629,1008 1673,1008 1718,1008 1763,1005"/>
                <TextEquiv>
                    <Unicode>schöner Abend. Die Umarbeitung find ich in der An-</Unicode>
                </TextEquiv>
            </TextLine>
            <TextLine id="tr_1_tl_7" custom="readingOrder {index:6;}">
                <Coords points="409,1128 1859,1138 1861,1032 411,1063"/>
                <Baseline points="420,1109 432,1109 477,1112 522,1112 566,1109 611,1109 656,1109 701,1112 745,1109 790,1109 835,1109 880,1109 924,1106 969,1106 1014,1106 1059,1106 1103,1106 1148,1106 1193,1103 1238,1103 1283,1103 1327,1106 1372,1103 1417,1103 1462,1103 1506,1101 1551,1103 1596,1101 1641,1101 1685,1101 1730,1101 1775,1101 1820,1101 1864,1106"/>
                <TextEquiv>
                    <Unicode>lage famos, aber an einzelnen Stellen noch nicht volle</Unicode>
                </TextEquiv>
            </TextLine>
            <TextLine id="tr_1_tl_8" custom="readingOrder {index:7;}">
                <Coords points="409,1208 1188,1236 1613,1197 1872,1238 1903,1145 409,1138"/>
                <Baseline points="420,1202 429,1199 474,1199 519,1199 563,1199 608,1199 653,1199 698,1199 742,1196 787,1199 832,1199 877,1199 921,1199 966,1196 1011,1196 1056,1196 1101,1196 1145,1196 1190,1196 1235,1193 1280,1193 1324,1193 1369,1190 1414,1193 1459,1193 1503,1193 1548,1193 1593,1190 1638,1190 1682,1190 1727,1190 1772,1190 1817,1190 1861,1187 1906,1187"/>
                <TextEquiv>
                    <Unicode>kommen fertig. Vielleicht ist es nur ein halbes Dutzend</Unicode>
                </TextEquiv>
            </TextLine>
            <TextLine id="tr_1_tl_9" custom="readingOrder {index:8;}">
                <Coords points="420,1323 1054,1297 1257,1340 1476,1292 1831,1329 1833,1234 1305,1251 989,1212 422,1251"/>
                <Baseline points="432,1285 447,1285 492,1285 537,1285 581,1285 626,1285 671,1288 716,1285 760,1285 805,1285 850,1285 895,1285 939,1285 984,1285 1029,1285 1074,1285 1118,1285 1163,1285 1208,1283 1253,1283 1297,1283 1342,1283 1387,1283 1432,1283 1476,1283 1521,1283 1566,1280 1611,1280 1655,1280 1700,1280 1745,1280 1790,1277 1835,1280"/>
                <TextEquiv>
                    <Unicode>Worte der Christina, die mir fehlen - und vielleicht</Unicode>
                </TextEquiv>
            </TextLine>
            <TextLine id="tr_1_tl_10" custom="readingOrder {index:9;}">
                <Coords points="416,1390 887,1422 1576,1379 1803,1415 1820,1318 416,1327"/>
                <Baseline points="426,1378 432,1375 477,1375 522,1375 566,1375 611,1375 656,1375 701,1375 745,1378 790,1375 835,1375 880,1378 924,1378 969,1375 1014,1375 1059,1375 1103,1375 1148,1375 1193,1375 1238,1372 1283,1372 1327,1372 1372,1369 1417,1369 1462,1372 1506,1372 1551,1372 1596,1372 1641,1369 1685,1369 1730,1369 1775,1372 1820,1375"/>
                <TextEquiv>
                    <Unicode>fehlen sie mir nur, weil ich von dieser anmutvollen</Unicode>
                </TextEquiv>
            </TextLine>
            <TextLine id="tr_1_tl_11" custom="readingOrder {index:10;}">
                <Coords points="405,1506 634,1472 1097,1517 1558,1470 1783,1515 1809,1411 407,1401"/>
                <Baseline points="417,1468 462,1465 507,1465 551,1465 596,1465 641,1465 686,1465 731,1465 775,1465 820,1465 865,1465 910,1465 954,1465 999,1465 1044,1465 1089,1462 1133,1462 1178,1465 1223,1465 1268,1462 1312,1462 1357,1462 1402,1462 1447,1462 1491,1459 1536,1462 1581,1462 1626,1462 1670,1462 1715,1462 1760,1462 1805,1468 1811,1468"/>
                <TextEquiv>
                    <Unicode>Gestalt noch irgend etwas vernehmen möchte, ehe sie</Unicode>
                </TextEquiv>
            </TextLine>
            <TextLine id="tr_1_tl_12" custom="readingOrder {index:11;}">
                <Coords points="418,1574 1325,1587 1433,1556 1665,1586 1665,1494 1002,1515 615,1472 418,1509"/>
                <Baseline points="429,1554 474,1554 519,1554 563,1554 608,1554 653,1554 698,1554 742,1551 787,1554 832,1554 877,1554 921,1554 966,1554 1011,1554 1056,1551 1101,1551 1145,1551 1190,1551 1235,1551 1280,1551 1324,1551 1369,1551 1414,1551 1459,1548 1503,1551 1548,1551 1593,1548 1638,1551 1670,1557"/>
                <TextEquiv>
                    <Unicode>aus der schönen Welt dieser Komödie scheidet.</Unicode>
                </TextEquiv>
            </TextLine>
            <TextLine id="tr_1_tl_13" custom="readingOrder {index:12;}">
                <Coords points="426,1667 1911,1652 1911,1599 1710,1576 426,1584"/>
                <Baseline points="435,1641 438,1638 483,1641 528,1641 572,1641 617,1644 662,1644 707,1644 751,1644 796,1644 841,1644 886,1644 930,1644 975,1647 1020,1644 1065,1644 1109,1644 1154,1644 1199,1644 1244,1644 1288,1644 1333,1644 1378,1644 1423,1641 1468,1641 1512,1641 1557,1641 1602,1641 1647,1641 1691,1641 1736,1641 1781,1641 1826,1641 1870,1641 1915,1638"/>
                <TextEquiv>
                    <Unicode>Wir reisen Dienstag in die Schweiz auf circa drei Wo-</Unicode>
                </TextEquiv>
            </TextLine>
            <TextLine id="tr_1_tl_14" custom="readingOrder {index:13;}">
                <Coords points="422,1757 1879,1770 1879,1658 1678,1703 422,1671"/>
                <Baseline points="432,1733 477,1730 522,1733 566,1733 611,1733 656,1733 701,1733 745,1730 790,1733 835,1733 880,1733 924,1733 969,1733 1014,1733 1059,1733 1103,1733 1148,1733 1193,1733 1238,1733 1283,1733 1327,1733 1372,1733 1417,1733 1462,1733 1506,1733 1551,1733 1596,1733 1641,1730 1685,1730 1730,1730 1775,1730 1820,1730 1864,1733 1882,1736"/>
                <TextEquiv>
                    <Unicode>chen. Und sehen Sie hoffentlich bald nach unserer Rück-</Unicode>
                </TextEquiv>
            </TextLine>
            <TextLine id="tr_1_tl_15" custom="readingOrder {index:14;}">
                <Coords points="416,1851 444,1853 467,1842 476,1848 498,1833 511,1844 526,1838 537,1849 563,1831 576,1831 576,1760 558,1760 548,1768 533,1764 520,1773 498,1762 483,1768 468,1768 463,1762 446,1768 435,1760 416,1764"/>
                <Baseline points="426,1823 471,1820 516,1820 560,1823 581,1826"/>
                <TextEquiv>
                    <Unicode>kehr.</Unicode>
                </TextEquiv>
            </TextLine>
            <TextLine id="tr_1_tl_16" custom="readingOrder {index:15;}">
                <Coords points="559,1931 725,1916 857,1948 1069,1924 1361,1948 1348,1853 559,1840"/>
                <Baseline points="569,1906 614,1906 659,1906 704,1906 748,1906 793,1909 838,1909 883,1909 927,1909 972,1909 1017,1909 1062,1909 1106,1909 1151,1909 1196,1909 1241,1909 1285,1906 1330,1906 1366,1912"/>
                <TextEquiv>
                    <Unicode>Viele Grüsse von Haus zu Haus</Unicode>
                </TextEquiv>
            </TextLine>
            <TextLine id="tr_1_tl_17" custom="readingOrder {index:16;}">
                <Coords points="879,2019 896,2019 900,2015 913,2019 918,2015 939,2024 942,2020 948,2026 974,2026 974,1929 963,1928 955,1935 939,1937 916,1926 909,1918 879,1915"/>
                <Baseline points="889,1996 933,1996 978,1996"/>
                <TextEquiv>
                    <Unicode>Ihr</Unicode>
                </TextEquiv>
            </TextLine>
        </TextRegion>
    </Page>
</PcGts>
