2175 3350
468 575 953 725 A.S. an H.V.H.
1037 623 1216 734 109
473 656 1890 825 ist unglaublich. Der letzte Scherz war, dass ich Mitt-
478 776 1929 891 woch ein Telegramm bekam, dass ein ausführlicher Brief
477 869 1892 986 auf dem Wege.- und der bisher nicht da ist. Es stand
478 962 1945 1076 beinah schon fest für mich, dass die Sorma die Komödie
486 1057 1896 1189 spielen müsste. Ueber alles dies mündlich näheres.-
477 1145 1936 1255 Wir bleiben bis nach 15. hier, wohl 20., denken dann auf
473 1238 1877 1346 10 Tage fortzugehen, - Salzkammergut kaum; vielleicht
473 1346 1887 1450 nur Semmering.-Mit dem 3.Akt glaub ich zu einer Art
477 1415 1908 1508 Resultat zu kommen-das dreimal einaktige des Stoffes
469 1501 1896 1640 ist natürlich nicht zu beiegen, es kommt im wesent-
468 1596 1896 1720 lichen, was man auch tut, dramatisch auf einen Schwin-
1742 1706 1866 1773 G.H.F.P
477 1687 1563 1801 del heraus. Nun, das ist unser Metier.
486 1777 583 1826 G.F.P
473 1782 1813 1916 Ich freue mich, dass Sie viel arbeiten, und sehe dem
1048 1866 1138 1927 G.F.P.
469 1876 1775 1992 nächsten Vorlesungsabend mit schönster Erwartung
440 1965 1777 2098 gegen. Was hat Sie so rasch aus Misurina vertrieb
446 2056 1624 2201 Wir grüssen Sie Beide Beide. Herzlichst Ihr
789 2129 915 2217 G.H.F.P
992 2140 1085 2215 P.P.
510 2199 604 2286 P.M.
811 2193 1001 2307 G.C.F.P.
