2255 3335
1615 606 1742 675 196
384 611 868 765 A.S. an H.v.H.
1043 636 1206 779 127
722 689 918 772 G.C.H.F.P
398 718 1709 850 wirken in anständiger französischer Uebertragung
397 836 1788 948 besser als in meinem Deutsch. Die reine Tendenz des
397 915 1820 1031 Erzählens ist dem romanischen Sprachgeist eingebo-
407 1024 1815 1129 ren, während er im deutschen gleichsam wie gegen die
400 1099 1752 1241 Hatur wirkt, wenn die Mitteilung von Tatsachen der
414 1218 1738 1306 Seele und Menschlichkeit entbehrt. Die umgekehrte
413 1302 1847 1424 Probe kann man machen, wenn man irgendeine kurze Mau-
420 1386 1826 1517 passant-Geschichte die französisch noch lange nicht
418 1470 1708 1613 schwach wirkt, in deutscher Uebersetzung liest.
450 1561 1824 1684 -Immerhin habe ich die Empfindung, dass meine Techn-
422 1659 1813 1774 nik der inneren Entwicklung meiner Produktion noch
411 1729 1826 1863 nicht nachgekommen ist-was mir übrigens nicht bange
422 1831 1736 1967 macht. Es ist jetzt in mir wieder so eine Neigung
425 1952 1811 2052 Sachen nur anzufangen und zu skizzieren, wie in der
420 2027 1759 2145 Zeit, die der Anatol-Epoche vorherging. Am meisten
429 2113 1849 2219 beschäftige ich mich jetzt mit einer Art von Komödie
434 2210 1836 2317 und bin innerlich am meisten von dem Roman erfüllt,
427 2276 1813 2417 den ich in Frühjahr begonnen, den aber fortzusetzen
420 2397 1826 2524 ich nicht in genügend reiner Stimmung mich befinde.
