3547 3658
1180 821 2114 987 dich noch im Meisrauften
2340 849 2502 979 you
1196 953 2575 1119 Tays auf die Semmering, das mir
1704 1064 2596 1214 daß die in der Goldmann
1176 1087 1525 1237 sehr schön.
1145 1235 2587 1418 sache eine Unannehmlichkeit in Hauptsächlich
1107 1371 2423 1531 mich trifft, so part beflie, ist mir
1107 1481 2555 1627 unendlich verklaend, und für mich des
1097 1582 2583 1751 einzig Raale an ihr lästigen, aber eigentlich
2061 1777 2699 2003 Donnerstag Gericht
1044 1872 1241 1968 Herr
993 1901 2579 2135 Mein lieber Archiv, ich für eher mich
2496 1970 2636 2096 2/8
2585 2019 2725 2153 24
1123 2098 2524 2279 Richard, dass Ihr schon hier seid. Man
1164 2248 2514 2401 hat sich, nicht her, lange genug nicht
1150 2366 2522 2533 gesehen. Nässt Euch gesser wenn wir
1123 2476 2656 2638 Sonntäg zu mittag zu Eich lämen? Uns würde es gut
1107 2565 2569 2728 gesse. Bitts uns sofortige dezelfs nach Asclaus.
1080 2669 2258 2835 Mort melden worinn nicht ihre Reiferst Medardus referierte.
