<?xml version="1.0" encoding="UTF-8" standalone="yes"?>
<PcGts xmlns="http://schema.primaresearch.org/PAGE/gts/pagecontent/2013-07-15" xmlns:xsi="http://www.w3.org/2001/XMLSchema-instance" xsi:schemaLocation="http://schema.primaresearch.org/PAGE/gts/pagecontent/2013-07-15 http://schema.primaresearch.org/PAGE/gts/pagecontent/2013-07-15/pagecontent.xsd">
    <Metadata>
        <Creator>prov=READ-COOP:name=TrHtr:version=2.1.0:model_id=51170:date=25_07_2023_14:44</Creator>
        <Created>2023-05-01T21:59:27.162+02:00</Created>
        <LastChange>2023-07-25T14:44:51.412+02:00</LastChange>
        <TranskribusMetadata docId="1416441" pageId="54947153" pageNr="82" tsid="130683894" status="IN_PROGRESS" userId="64420" imgUrl="https://files.transkribus.eu/Get?id=NHVNJDTRGHUWULAPFPAPBRLB&amp;fileType=view" xmlUrl="https://files.transkribus.eu/Get?id=HYLOZAXZCUNSRUJLDXRPDZAL" imageId="44451238"/>
    </Metadata>
    <Page imageFilename="1416441_0082.jpg" imageWidth="2216" imageHeight="3305">
        <ReadingOrder>
            <OrderedGroup id="ro_1711830643621" caption="Regions reading order">
                <RegionRefIndexed index="0" regionRef="tr_1"/>
                <RegionRefIndexed index="1" regionRef="tr_2"/>
            </OrderedGroup>
        </ReadingOrder>
        <TextRegion id="tr_1" custom="readingOrder {index:0;}">
            <Coords points="432,606 1797,606 1797,1532 432,1532"/>
            <TextLine id="tr_1_tl_1" custom="readingOrder {index:0;}">
                <Coords points="946,701 970,697 993,704 1013,717 1027,706 1038,706 1029,570 995,572 963,593 939,593"/>
                <Baseline points="952,656 997,659 1038,662"/>
                <TextEquiv>
                    <Unicode>63</Unicode>
                </TextEquiv>
            </TextLine>
            <TextLine id="tr_1_tl_2" custom="readingOrder {index:1;}">
                <Coords points="1654,674 1667,670 1674,676 1680,670 1696,667 1703,670 1708,665 1726,676 1735,676 1735,574 1724,572 1715,581 1696,584 1671,565 1654,566"/>
                <Baseline points="1665,656 1710,656 1740,656"/>
                <TextEquiv>
                    <Unicode>78</Unicode>
                </TextEquiv>
            </TextLine>
            <TextLine id="tr_1_tl_3" custom="readingOrder {index:2;}">
                <Coords points="423,699 477,695 514,710 586,688 617,703 636,694 651,710 687,697 722,713 762,695 817,710 842,703 844,608 812,595 746,600 719,620 615,631 597,649 570,631 540,642 425,615"/>
                <Baseline points="432,689 444,689 489,689 534,689 579,689 623,683 668,683 713,683 758,683 803,683 847,680"/>
                <TextEquiv>
                    <Unicode>A.S. an H.v.H.</Unicode>
                </TextEquiv>
            </TextLine>
            <TextLine id="tr_1_tl_4" custom="readingOrder {index:3;}">
                <Coords points="1083,790 1208,776 1257,803 1463,765 1565,780 1595,773 1597,704 1533,712 1441,681 1389,701 1300,679 1197,726 1083,722"/>
                <Baseline points="1092,767 1107,767 1152,767 1197,767 1241,767 1286,770 1331,767 1376,761 1421,761 1465,758 1510,758 1555,761 1600,758"/>
                <TextEquiv>
                    <Unicode>Samstag.August 98.</Unicode>
                </TextEquiv>
            </TextLine>
            <TextLine id="tr_1_tl_5" custom="readingOrder {index:4;}">
                <Coords points="1364,808 1398,807 1421,816 1430,807 1450,821 1468,812 1509,816 1507,773 1495,769 1486,774 1464,773 1459,767 1439,776 1427,767 1420,773 1414,769 1384,774 1377,782 1362,785"/>
                <Baseline points="1373,800 1418,803 1462,803 1507,803 1513,806"/>
                <TextEquiv>
                    <Unicode>Wien.</Unicode>
                </TextEquiv>
            </TextLine>
            <TextLine id="tr_1_tl_6" custom="readingOrder {index:5;}">
                <Coords points="432,887 925,873 1217,916 1332,864 1690,875 1732,862 1735,758 1450,823 1226,783 896,832 434,819"/>
                <Baseline points="441,868 483,868 528,871 573,871 618,868 662,868 707,868 752,868 797,868 841,865 886,865 931,862 976,862 1021,862 1065,859 1110,856 1155,856 1200,856 1244,856 1289,856 1334,853 1379,853 1424,853 1468,850 1513,850 1558,850 1603,847 1648,844 1692,841 1737,838"/>
                <TextEquiv>
                    <Unicode>Lieber Hugo, morgen Früh will ich auf den Semme-</Unicode>
                </TextEquiv>
            </TextLine>
            <TextLine id="tr_1_tl_7" custom="readingOrder {index:6;}">
                <Coords points="428,986 1730,952 1730,900 1386,903 1337,862 1212,918 923,875 875,912 430,905"/>
                <Baseline points="438,967 480,970 525,970 570,967 615,967 659,967 704,964 749,967 794,964 838,964 883,961 928,961 973,961 1018,958 1062,958 1107,958 1152,955 1197,955 1241,955 1286,955 1331,952 1376,952 1421,949 1465,949 1510,946 1555,946 1600,943 1645,946 1689,943 1734,943"/>
                <TextEquiv>
                    <Unicode>ring fahren, dann per Rad zu Richard, wo ich wohl</Unicode>
                </TextEquiv>
            </TextLine>
            <TextLine id="tr_1_tl_8" custom="readingOrder {index:7;}">
                <Coords points="445,1113 534,1072 954,1092 1038,1054 1527,1084 1766,1050 1767,964 1104,972 694,1038 446,1016"/>
                <Baseline points="456,1056 471,1059 516,1062 561,1062 606,1062 650,1062 695,1059 740,1059 785,1059 829,1059 874,1056 919,1056 964,1056 1009,1053 1053,1053 1098,1053 1143,1050 1188,1050 1233,1047 1277,1047 1322,1047 1367,1047 1412,1044 1456,1044 1501,1041 1546,1041 1591,1041 1636,1041 1680,1041 1725,1038 1770,1035"/>
                <TextEquiv>
                    <Unicode>Dienstag sein werde. Wahrscheinlich fahr ic. al</Unicode>
                </TextEquiv>
            </TextLine>
            <TextLine id="tr_1_tl_9" custom="readingOrder {index:8;}">
                <Coords points="436,1188 1355,1142 1463,1176 1751,1140 1782,1090 1409,1058 1041,1104 850,1063 644,1104 536,1074 437,1119"/>
                <Baseline points="447,1146 483,1152 528,1149 573,1149 618,1149 662,1149 707,1149 752,1146 797,1146 841,1143 886,1143 931,1140 976,1140 1021,1140 1065,1140 1110,1140 1155,1137 1200,1137 1244,1134 1289,1134 1334,1131 1379,1131 1424,1131 1468,1131 1513,1128 1558,1128 1603,1125 1648,1125 1692,1125 1737,1125 1782,1119"/>
                <TextEquiv>
                    <Unicode>lein; Kramer scheint unverlässlich. Dass Sie Kerr</Unicode>
                </TextEquiv>
            </TextLine>
            <TextLine id="tr_1_tl_10" custom="readingOrder {index:9;}">
                <Coords points="446,1253 1126,1240 1224,1274 1579,1224 1647,1255 1757,1242 1757,1183 1131,1147 446,1187"/>
                <Baseline points="456,1244 462,1241 507,1244 552,1244 597,1244 641,1244 686,1241 731,1239 776,1239 821,1239 865,1239 910,1239 955,1236 1000,1236 1044,1233 1089,1233 1134,1233 1179,1230 1224,1230 1268,1230 1313,1227 1358,1227 1403,1227 1447,1224 1492,1224 1537,1224 1582,1224 1627,1224 1671,1224 1716,1221 1761,1224"/>
                <TextEquiv>
                    <Unicode>nicht kennen gelernt haben, ist schade; im Anfang</Unicode>
                </TextEquiv>
            </TextLine>
            <TextLine id="tr_1_tl_11" custom="readingOrder {index:10;}">
                <Coords points="446,1366 1549,1352 1735,1330 1737,1266 538,1249 448,1294"/>
                <Baseline points="456,1340 486,1337 531,1340 576,1340 620,1337 665,1337 710,1334 755,1334 800,1331 844,1331 889,1331 934,1331 979,1328 1024,1328 1068,1325 1113,1325 1158,1325 1203,1325 1247,1322 1292,1322 1337,1319 1382,1319 1427,1319 1471,1316 1516,1316 1561,1316 1606,1316 1651,1316 1695,1316 1740,1313"/>
                <TextEquiv>
                    <Unicode>befangen und etwas unsicher findet er sich bald</Unicode>
                </TextEquiv>
            </TextLine>
            <TextLine id="tr_1_tl_12" custom="readingOrder {index:11;}">
                <Coords points="450,1472 1792,1420 1794,1344 452,1373"/>
                <Baseline points="459,1427 498,1427 543,1430 588,1427 632,1427 677,1427 722,1427 767,1424 812,1424 856,1421 901,1421 946,1421 991,1418 1035,1418 1080,1418 1125,1415 1170,1415 1215,1412 1259,1412 1304,1412 1349,1409 1394,1409 1439,1409 1483,1406 1528,1406 1573,1406 1618,1406 1662,1406 1707,1403 1752,1400 1797,1400"/>
                <TextEquiv>
                    <Unicode>bei einigem Entgegenkommen und wirkt durch seinen</Unicode>
                </TextEquiv>
            </TextLine>
            <TextLine id="tr_1_tl_13" custom="readingOrder {index:12;}">
                <Coords points="450,1525 1697,1529 1785,1518 1787,1439 1183,1423 1036,1468 794,1450 726,1493 452,1477"/>
                <Baseline points="459,1522 489,1522 534,1522 579,1522 623,1522 668,1522 713,1522 758,1522 803,1519 847,1519 892,1516 937,1513 982,1513 1027,1513 1071,1510 1116,1510 1161,1507 1206,1510 1250,1507 1295,1507 1340,1504 1385,1504 1430,1504 1474,1504 1519,1501 1564,1504 1609,1501 1653,1498 1698,1495 1743,1495 1788,1492"/>
                <TextEquiv>
                    <Unicode>Verstand. „seine Sympathie und mannigfache günsti-</Unicode>
                </TextEquiv>
            </TextLine>
        </TextRegion>
        <TextRegion id="tr_2" custom="readingOrder {index:1;}">
            <Coords points="453,1550 1895,1550 1895,2493 453,2493"/>
            <TextLine id="tr_2_tl_1" custom="readingOrder {index:0;}">
                <Coords points="441,1640 850,1611 1266,1631 1359,1606 1361,1529 952,1527 864,1554 559,1533 443,1570"/>
                <Baseline points="453,1627 468,1621 513,1618 558,1618 603,1618 647,1615 692,1612 737,1612 782,1609 826,1609 871,1609 916,1606 961,1606 1006,1603 1050,1600 1095,1603 1140,1600 1185,1600 1230,1600 1274,1600 1319,1600 1364,1600"/>
                <TextEquiv>
                    <Unicode>ge Intentionen höchst erfreulich.</Unicode>
                </TextEquiv>
            </TextLine>
            <TextLine id="tr_2_tl_2" custom="readingOrder {index:1;}">
                <Coords points="446,1737 1855,1697 1873,1615 678,1624 540,1687 446,1663"/>
                <Baseline points="456,1710 489,1707 534,1707 579,1707 623,1707 668,1704 713,1704 758,1704 803,1701 847,1698 892,1698 937,1698 982,1695 1027,1695 1071,1692 1116,1692 1161,1692 1206,1689 1250,1689 1295,1689 1340,1686 1385,1686 1430,1686 1474,1686 1519,1686 1564,1683 1609,1683 1653,1686 1698,1683 1743,1683 1788,1680 1833,1677 1877,1674"/>
                <TextEquiv>
                    <Unicode>Es geht mir mit der Stimmung um etwas besser; es ist</Unicode>
                </TextEquiv>
            </TextLine>
            <TextLine id="tr_2_tl_3" custom="readingOrder {index:2;}">
                <Coords points="450,1828 1850,1801 1877,1692 1516,1742 1438,1701 950,1706 774,1766 452,1767"/>
                <Baseline points="459,1797 489,1797 534,1797 579,1797 623,1797 668,1794 713,1794 758,1794 803,1794 847,1791 892,1791 937,1791 982,1791 1027,1788 1071,1785 1116,1785 1161,1785 1206,1785 1250,1782 1295,1782 1340,1779 1385,1776 1430,1776 1474,1776 1519,1776 1564,1776 1609,1776 1653,1773 1698,1770 1743,1770 1788,1770 1833,1767 1877,1758"/>
                <TextEquiv>
                    <Unicode>doch sehr sonderbar, wie auch ihrem Wesen nach unver-</Unicode>
                </TextEquiv>
            </TextLine>
            <TextLine id="tr_2_tl_4" custom="readingOrder {index:3;}">
                <Coords points="450,1927 1463,1879 1671,1913 1850,1880 1852,1801 452,1861"/>
                <Baseline points="459,1895 468,1898 513,1895 558,1895 603,1895 647,1895 692,1895 737,1892 782,1892 826,1889 871,1889 916,1889 961,1886 1006,1886 1050,1886 1095,1883 1140,1883 1185,1883 1230,1880 1274,1880 1319,1880 1364,1880 1409,1877 1453,1877 1498,1874 1543,1874 1588,1874 1633,1874 1677,1874 1722,1871 1767,1868 1812,1868 1857,1865"/>
                <TextEquiv>
                    <Unicode>änderliche seelische Lasten an Schwere gewinnen und</Unicode>
                </TextEquiv>
            </TextLine>
            <TextLine id="tr_2_tl_5" custom="readingOrder {index:4;}">
                <Coords points="455,2002 654,1997 733,2043 1099,1977 1199,2011 1818,1995 1857,1925 1154,1888 945,1965 457,1966"/>
                <Baseline points="465,1988 474,1988 519,1988 564,1988 609,1988 653,1985 698,1988 743,1985 788,1985 832,1982 877,1982 922,1979 967,1979 1012,1979 1056,1979 1101,1976 1146,1976 1191,1976 1236,1976 1280,1976 1325,1973 1370,1970 1415,1970 1459,1970 1504,1967 1549,1967 1594,1967 1639,1967 1683,1964 1728,1961 1773,1961 1818,1961 1862,1961"/>
                <TextEquiv>
                    <Unicode>verlieren können. - Ich möchte auch in Kärnten xxx</Unicode>
                </TextEquiv>
            </TextLine>
            <TextLine id="tr_2_tl_6" custom="readingOrder {index:5;}">
                <Coords points="452,2095 1592,2095 1891,2065 1891,1991 454,2034"/>
                <Baseline points="462,2080 507,2080 552,2080 597,2080 641,2077 686,2077 731,2074 776,2074 821,2074 865,2071 910,2071 955,2071 1000,2071 1044,2071 1089,2068 1134,2068 1179,2068 1224,2065 1268,2065 1313,2065 1358,2063 1403,2063 1447,2063 1492,2060 1537,2060 1582,2060 1627,2060 1671,2060 1716,2057 1761,2057 1806,2054 1851,2051 1895,2048"/>
                <TextEquiv>
                    <Unicode>ein bischen arbeiten. Sie können mir jedenfalls nach</Unicode>
                </TextEquiv>
            </TextLine>
            <TextLine id="tr_2_tl_7" custom="readingOrder {index:6;}">
                <Coords points="446,2183 1633,2155 1776,2192 1866,2160 1866,2117 1361,2067 446,2122"/>
                <Baseline points="456,2164 483,2164 528,2167 573,2167 618,2167 662,2167 707,2167 752,2164 797,2164 841,2164 886,2164 931,2161 976,2161 1021,2158 1065,2158 1110,2155 1155,2155 1200,2155 1244,2155 1289,2152 1334,2152 1379,2152 1424,2152 1468,2152 1513,2149 1558,2149 1603,2149 1648,2149 1692,2149 1737,2149 1782,2146 1827,2146 1871,2149"/>
                <TextEquiv>
                    <Unicode>Steindorf zu Rj schreiben; obzwar ich nicht glaube,</Unicode>
                </TextEquiv>
            </TextLine>
            <TextLine id="tr_2_tl_8" custom="readingOrder {index:7;}">
                <Coords points="457,2260 500,2276 905,2257 1052,2271 1054,2201 1006,2214 936,2178 778,2187 739,2171 620,2192 461,2178"/>
                <Baseline points="468,2260 477,2257 522,2260 567,2260 612,2260 656,2257 701,2254 746,2254 791,2254 835,2251 880,2251 925,2251 970,2248 1015,2248 1059,2248"/>
                <TextEquiv>
                    <Unicode>daes ich dort bleibe.</Unicode>
                </TextEquiv>
            </TextLine>
            <TextLine id="tr_2_tl_9" custom="readingOrder {index:8;}">
                <Coords points="461,2361 1733,2355 1735,2255 462,2276"/>
                <Baseline points="471,2340 483,2343 528,2343 573,2343 618,2343 662,2340 707,2340 752,2340 797,2337 841,2337 886,2334 931,2337 976,2334 1021,2334 1065,2334 1110,2334 1155,2334 1200,2334 1244,2331 1289,2331 1334,2328 1379,2328 1424,2325 1468,2325 1513,2325 1558,2322 1603,2322 1648,2322 1692,2319 1737,2322"/>
                <TextEquiv>
                    <Unicode>Brahm lässt Sie vielmals grüssen; er hofft Sie</Unicode>
                </TextEquiv>
            </TextLine>
            <TextLine id="tr_2_tl_10" custom="readingOrder {index:9;}">
                <Coords points="468,2449 1785,2445 1805,2370 1129,2339 661,2406 468,2391"/>
                <Baseline points="477,2430 510,2433 555,2433 600,2433 644,2433 689,2430 734,2430 779,2427 824,2427 868,2427 913,2424 958,2424 1003,2424 1047,2421 1092,2421 1137,2421 1182,2418 1227,2418 1271,2418 1316,2415 1361,2415 1406,2415 1450,2415 1495,2412 1540,2415 1585,2415 1630,2415 1674,2412 1719,2412 1764,2412 1809,2415"/>
                <TextEquiv>
                    <Unicode>werden noch oft Gelegenheit haben sich am Dtsch.</Unicode>
                </TextEquiv>
            </TextLine>
            <TextLine id="tr_2_tl_11" custom="readingOrder {index:10;}">
                <Coords points="471,2531 803,2479 902,2529 1242,2486 1536,2518 1538,2427 473,2454"/>
                <Baseline points="483,2483 513,2480 558,2480 603,2480 647,2478 692,2478 737,2478 782,2478 826,2478 871,2478 916,2475 961,2475 1006,2472 1050,2472 1095,2472 1140,2469 1185,2469 1230,2469 1274,2466 1319,2469 1364,2466 1409,2466 1453,2466 1498,2463 1543,2460"/>
                <TextEquiv>
                    <Unicode>Theater wohl zu fühlen.Herzl.Grüsse Ihr</Unicode>
                </TextEquiv>
            </TextLine>
        </TextRegion>
    </Page>
</PcGts>
