2249 3351
1687 507 1776 642 72
458 531 1026 729 A.S. an H.v.H.
1185 637 1783 751 Wien,Sonntag, 10.7.98
468 707 1733 857 Mein lieber Hugo, morgen Früh reise ich ab. Bis
464 838 1796 917 Ende der Woche (16.) treffen mich Nachrichten in
483 919 1798 1033 Graz, Hotel zum Elefanten. Für das neue Stück ist
466 1001 1812 1137 mir viel und gutes eingefallen; doch werde ich es
471 1086 1848 1216 vor August kaum beginnen, da ich ein bischen Burck-
473 1187 1687 1313 hardt, Gregorovius, Geiger lesen will (dazu).
495 1299 1812 1397 Meine Stimmung ist recht düster; entkommen werd
476 1371 1725 1506 ich ihr nicht. Lassen Sie doch bald von sich
483 1470 664 1597 hören.
862 1552 1159 1673 Von Herzen
1072 1678 1183 1778 Ihr
1188 1748 1393 1856 Arthur.
