2293 3240
1763 579 1895 707 202
583 581 1083 766 A.S. an H.v.H.
1109 579 1288 744 134
586 684 1977 819 neuen Arbeit was zu erzählen- und ich rechne es, wie
561 801 1941 938 Ihnen nicht unbekannt ist, immer zu meinen besten
585 896 2012 1013 Stunden, wenn Sie sich zu mir über Ihre Sachen aus-
616 982 2034 1092 sprechen. Und aus solchen Stunden scheiden wir, wie
603 1056 2005 1211 Sie wohl auch oft schon gefühlt haben, so in bestem
605 1175 1992 1288 Sinn verbunden, dass ein Auseinanderlaufen äusserer
605 1239 2080 1380 Lebenslinien für das Wesentliche unserer Beziehungen
603 1356 2001 1468 auf längere Zeit hin ohne Bedeutung, wenn auch oft
619 1431 1959 1563 mit einiger Wehmut zu empfinden bleibt. Im ganzen
614 1512 2030 1642 aber glaub ich, trotz aller Ehrfurcht vor dem Gesetz
621 1636 1924 1735 der Entwicklung, immer mehr an die Constanz der
629 1715 2027 1854 menschlichen Beziehungen sowie an die der Menschen:
630 1783 1975 1917 was aus uns und aus andern wird, hat Ahnung längst
625 1869 1986 2012 vorausempfunden, und jeder Wolkendunst unserer Ju-
630 1996 1924 2120 gend, der sich harmlos zu verziehen schien, kommt
629 2069 1908 2192 irgend einmal als Gewitter wieder. Von diesem Auf
629 2129 1961 2281 flug ins allgemeinere oder Halbwehre kehre ich in
640 2263 1854 2373 die Realität gerne wieder, wo ich Sie sehr bal
1609 2358 1750 2430 Ihr Brüder
640 2351 1387 2430 ich hoffe in besserer Stimmen
1407 2353 1537 2424 agstellung als
641 2406 1686 2505 vertraut, zu sehen und sprechen wünsche.
848 2459 1235 2555 Herzlichst Ihr
