2293 3240
1721 619 1871 736 23%
472 629 910 778 A.S. an H.v.H.
1042 659 1140 776 132
506 763 583 815 G.C.F.P.
1193 685 1638 859 Wien, 6.11.1924.
985 763 1142 859 135
496 812 579 878 G.C.F.P
472 836 1889 965 Mein lieber Hugo-schönen Dank für Ihren Gruss xxx
485 932 1888 1061 aus Aussee. Ueber das Fräulein Klse hör ich und les
485 997 1876 1146 ich von allen Seiten so viel Gutes, dass ich sie im
485 1095 1967 1221 ganzen beinah überschätzt finden muss-ebenso wie die
491 1210 1978 1312 K.d.V., wenn auch vielfach gewürdigt,-doch noch in hö-
491 1300 1944 1401 herem Mass (und nicht immer reinen Herzens) missver-
491 1319 2006 1512 standen. Nun es ist das alte Lied - wir wissen es alle
500 1455 1876 1593 zu singen. Ich freue mich, dass Ihr Stück vollendet
495 1557 1937 1695 ist. Wohl "BerThurm", Und die neue Arbeit—? Wann werden
491 1644 1871 1765 Sie vorlesen? Wann kommen Sie nach Wien? Was haben
496 1744 1906 1852 Sie für Winterpläne? Ich bleibe wohl vorläufig
485 1844 1914 1963 hier; im Jänner soll ich in der Schweiz lesen-was ich
487 1921 1901 2050 hauptsächlich tun will, um mir eine Engadiner Schnee
495 2012 1884 2118 und Sonnenwoche "mit gutem Gewissen" xxx vergönnen zu
487 2095 1812 2235 dürfen.- Ich diktiere novellistisch und arbeite von
491 2197 1659 2324 wiegendaphoristisch-fragmentistisch. Schrei
495 2274 1618 2376 bald wieder und wäre nur ein Wort! Es ist es
481 2357 1650 2465 Ihnen was direct zu wissen! Alles Herzliche
