2057 2840
1594 295 1686 392 28
503 326 756 423 an H.v.H.
364 331 481 428 A.S.
1018 348 1457 453 Pieve di Cadore
812 368 931 515 28
1100 410 1579 514 24,8.1893.
577 412 683 503 G.C.F.P
989 463 1085 545 G.F.P.
364 490 1268 610 (Oberschrieben: Launiger Brief)
406 576 1481 650 Des Meisters von Cadore, reiche Farben
1098 610 1597 698 Theophil Morren.
525 652 616 705 G.H.F.P
637 630 809 708 G.H.F.P.
342 687 1701 763 Mein lieber Hugo, Sie haben allerdings Tizians Tod
361 747 1745 810 geschrieben, wir aber haben soeben das Zimmer betre-
368 792 1710 852 ten, in welchem Tizian geboren ward. Wir sind
359 836 1759 896 nämlich in Pieve di Cadore ; heut Früh von Toblach
359 880 1770 953 mit unseren Rädern abgefahren, und über Cortina hie-
359 929 1719 987 her;- manchmal unter Hagel und Regen, und keines-
362 969 1696 1020 wegs ohne dass uns die Zollbehörden an hielten.-
350 991 1728 1071 Hier haben wir in den paar Stunden unseres Aufent-
353 1040 1776 1109 halts viel Schönheit und Leben gesehen; blonde Kin-
348 1095 1809 1162 der (Schönheit), die auf steinernen Löwen ### (Leben
353 1146 1750 1211 spielten, andere wieder, die "Musikbande" spielten und
350 1198 1788 1255 wo der Kapellmeister seine sämtlichen auf Holzstäben
344 1249 1705 1299 und Löffeln musizierenden Untergebenen jämmerlich
344 1291 1621 1351 prügelte, (Schönheit). Ein altes Weib
355 1302 1721 1379 (Leben), das von Haus zu Haus ging und die kleinen
348 1375 1743 1419 Kinder küsste, ein Kerl, der zum Fenster hinausschau-
352 1402 1737 1472 te und dem Strümpfe (Schönheit) zum Mund heraushin-
348 1453 1721 1557 gen, mit welchen ich, wie Salten meint, verbleiben
348 1510 483 1581 soll
699 1513 1401 1628 Ihr hoch- und radfahrender
1207 1574 1466 1661 Arth.Sch.
344 1654 1122 1758 /Anschrift von Felix Salten/
352 1754 1759 1839 Lieber Freund! Die Fahrt durch die Pracht des Ampes-
353 1810 1705 1880 zo-und Cadorethales und der Aufenthalt hier haben
348 1849 1645 1920 gelehrt: Es genügt nicht, dass der Mensch den Tod
352 1892 1765 1967 des Tizian schreibe, er muss auch Bicycle fahren Mön-
348 1943 1734 2023 nen. Ersteres haben Sie getan, das Zweite bleibt Ih-
344 1969 1779 2063 nen noch. Wir allerdings haben beim Zweiten angefangen:
350 2033 1692 2109 gen und das Schwierigere steht uns noch bevor, was
350 2069 1665 2187 wir, wie Arthur meint, heute mal versuchen wollen.
