2250 3400
492 584 1133 772 A.S. an H.v.H. (93)
1697 616 1813 730 121
1097 723 1530 839 Wien, 17.1.1903.
494 827 1817 932 Mein lieber Hugo, zum zweiten Akt wäre vielleicht
1228 886 1316 943 wie
494 900 1840 1022 noch folgendes zu bemerken: xxx wenn die Angst der
499 994 1889 1113 Verschworenen nicht ganz ohne konkrete Ursache ge-
503 1092 1887 1168 wesen wäre? Unter den harmlosen Spaziergängern könn-
503 1175 1787 1261 te irgend ein nicht ganz harmloser sein;-einer
508 1247 1917 1363 von den Verschworenen auf die Strasse, greift ihn der
503 1356 1771 1463 auf, tut ihn ab.(wie, ist Ihre Sache), Ich glaube,
485 1437 1850 1534 mit 5-6 Zeilen ist das zu machen und Sie gewinnen
499 1523 1850 1627 für den Zuschauer den Eindruck der wirklichen Ge-
507 1602 1797 1720 fahr, befreien ihn von dem unbewussten, aber dem
503 1692 1885 1794 ferneren Interesse nicht ganzbunschädlichen Aerger,
499 1785 1678 1898 mit den Verschworenen aufgesessen zu sein.
521 1868 1806 2000 "Wer einmal lügt, dem glaubt man nicht", gehört in
499 1954 1724 2054 gewissem Sinne zu den dramatischen Warnungen.
521 2038 1831 2146 -Ferner: Sie steigern und vereinfachen den 3.Akt-
515 2144 1819 2237 wenn Sie das Motiv der leidenschaftlichen Liebe
505 2220 1771 2332 Jaffiers für seine Frau mindestens für einige
503 2295 1843 2427 Augenblicke mit meinethalben übertriebener Hef-
510 2383 1921 2520 tigkeit durchblitzen lassen. Es ist ja da, ich weiss-
