<?xml version="1.0" encoding="UTF-8" standalone="yes"?>
<PcGts xmlns="http://schema.primaresearch.org/PAGE/gts/pagecontent/2013-07-15" xmlns:xsi="http://www.w3.org/2001/XMLSchema-instance" xsi:schemaLocation="http://schema.primaresearch.org/PAGE/gts/pagecontent/2013-07-15 http://schema.primaresearch.org/PAGE/gts/pagecontent/2013-07-15/pagecontent.xsd">
    <Metadata>
        <Creator>prov=READ-COOP:name=TrHtr:version=2.1.0:model_id=51170:date=25_07_2023_14:45</Creator>
        <Created>2023-05-01T21:59:46.145+02:00</Created>
        <LastChange>2023-07-25T14:45:51.326+02:00</LastChange>
        <TranskribusMetadata docId="1416441" pageId="54947794" pageNr="247" tsid="130684370" status="IN_PROGRESS" userId="64420" imgUrl="https://files.transkribus.eu/Get?id=ISBRFLKPZUAXNUUCDBENPQBB&amp;fileType=view" xmlUrl="https://files.transkribus.eu/Get?id=EBFAASUAWPYWLJRZXWCRCXGM" imageId="44451855"/>
    </Metadata>
    <Page imageFilename="1416441_0247.jpg" imageWidth="3460" imageHeight="3688">
        <ReadingOrder>
            <OrderedGroup id="ro_1711830767205" caption="Regions reading order">
                <RegionRefIndexed index="0" regionRef="tr_2"/>
                <RegionRefIndexed index="1" regionRef="tr_1"/>
            </OrderedGroup>
        </ReadingOrder>
        <TextRegion id="tr_2" custom="readingOrder {index:0;}">
            <Coords points="710,418 2706,418 2706,1654 710,1654"/>
            <TextLine id="tr_2_tl_1" custom="readingOrder {index:0;}">
                <Coords points="746,520 1584,488 1672,542 2321,469 2620,535 2656,406 2415,367 2289,445 1949,401 1716,459 962,418 748,467"/>
                <Baseline points="763,501 808,498 853,501 898,504 942,504 987,507 1032,507 1077,498 1121,498 1166,498 1211,495 1256,498 1300,495 1345,492 1390,492 1435,492 1479,489 1524,489 1569,489 1614,489 1659,489 1703,489 1748,486 1793,486 1838,486 1882,483 1927,483 1972,483 2017,480 2061,477 2106,474 2151,474 2196,474 2240,474 2285,471 2330,468 2375,468 2419,471 2464,471 2509,474 2554,480 2598,489 2643,498 2661,501"/>
                <TextEquiv>
                    <Unicode>auch rieder gelesen, so die Sie es vorschlagte,</Unicode>
                </TextEquiv>
            </TextLine>
            <TextLine id="tr_2_tl_2" custom="readingOrder {index:1;}">
                <Coords points="758,608 2605,625 2605,542 2425,493 1558,566 1315,510 758,525"/>
                <Baseline points="772,590 817,590 862,593 907,593 951,593 996,593 1041,593 1086,593 1130,593 1175,593 1220,596 1265,596 1309,593 1354,596 1399,596 1444,596 1488,596 1533,599 1578,599 1623,599 1667,599 1712,596 1757,596 1802,593 1846,593 1891,593 1936,590 1981,587 2026,584 2070,584 2115,584 2160,590 2205,590 2249,587 2294,587 2339,587 2384,587 2428,584 2473,581 2518,584 2563,590 2607,599 2610,599"/>
                <TextEquiv>
                    <Unicode>von Capitel V. bis zum Ende. Als eil habe</Unicode>
                </TextEquiv>
            </TextLine>
            <TextLine id="tr_2_tl_3" custom="readingOrder {index:2;}">
                <Coords points="761,705 1672,722 2124,799 2479,712 2607,751 2607,651 2216,620 1648,683 1388,605 972,663 758,622"/>
                <Baseline points="775,680 820,683 865,689 910,692 954,695 999,695 1044,695 1089,692 1133,692 1178,695 1223,698 1268,701 1312,701 1357,701 1402,704 1447,707 1491,710 1536,713 1581,716 1626,716 1670,716 1715,716 1760,716 1805,716 1849,716 1894,719 1939,719 1984,716 2028,713 2073,713 2118,713 2163,713 2208,713 2252,713 2297,713 2342,713 2387,710 2431,710 2476,710 2521,713 2566,722 2610,728 2613,728"/>
                <TextEquiv>
                    <Unicode>die Altertum einmal renger gem.</Unicode>
                </TextEquiv>
            </TextLine>
            <TextLine id="tr_2_tl_4" custom="readingOrder {index:3;}">
                <Coords points="753,802 2700,877 2697,727 2620,714 2097,807 751,712"/>
                <Baseline points="766,796 811,796 856,799 901,802 945,805 990,805 1035,805 1080,808 1124,805 1169,808 1214,808 1259,808 1303,811 1348,808 1393,811 1438,811 1482,811 1527,814 1572,817 1617,823 1661,820 1706,820 1751,823 1796,823 1841,823 1885,820 1930,823 1975,823 2020,823 2064,829 2109,829 2154,829 2199,826 2243,829 2288,826 2333,826 2378,814 2422,817 2467,817 2512,820 2557,823 2601,832 2646,844 2691,856 2706,859"/>
                <TextEquiv>
                    <Unicode>ud til Evite es auch begründen. Die Einräude</Unicode>
                </TextEquiv>
            </TextLine>
            <TextLine id="tr_2_tl_5" custom="readingOrder {index:4;}">
                <Coords points="753,962 1446,914 2544,974 2586,848 753,858"/>
                <Baseline points="766,901 811,901 856,907 901,907 945,910 990,913 1035,922 1080,910 1124,910 1169,910 1214,910 1259,910 1303,910 1348,913 1393,910 1438,913 1482,913 1527,916 1572,916 1617,916 1661,919 1706,922 1751,924 1796,924 1841,924 1885,922 1930,922 1975,922 2020,922 2064,924 2109,922 2154,919 2199,919 2243,919 2288,919 2333,919 2378,916 2422,913 2467,916 2512,916 2557,916 2589,922"/>
                <TextEquiv>
                    <Unicode>beginnen bei der Hauptfiges, die mir nicht</Unicode>
                </TextEquiv>
            </TextLine>
            <TextLine id="tr_2_tl_6" custom="readingOrder {index:5;}">
                <Coords points="773,1062 2520,1047 2517,970 2172,945 2073,1001 1725,923 1446,914 1302,979 770,955"/>
                <Baseline points="787,999 832,1002 877,1005 922,1008 966,1011 1011,1014 1056,1014 1101,1014 1145,1017 1190,1017 1235,1020 1280,1023 1324,1023 1369,1026 1414,1026 1459,1023 1503,1026 1548,1026 1593,1026 1638,1026 1682,1026 1727,1029 1772,1032 1817,1035 1861,1035 1906,1032 1951,1032 1996,1035 2040,1035 2085,1035 2130,1038 2175,1038 2219,1038 2264,1038 2309,1041 2354,1041 2398,1038 2443,1035 2488,1035 2527,1044"/>
                <TextEquiv>
                    <Unicode>ganz consistant eischent (ils étupres ud</Unicode>
                </TextEquiv>
            </TextLine>
            <TextLine id="tr_2_tl_7" custom="readingOrder {index:6;}">
                <Coords points="770,1125 1106,1115 1339,1193 1985,1137 2177,1198 2520,1142 2483,1045 2326,1091 1910,1047 1813,1091 1446,1047 770,1084"/>
                <Baseline points="784,1104 829,1101 874,1104 919,1106 963,1109 1008,1112 1053,1115 1098,1115 1142,1118 1187,1118 1232,1121 1277,1121 1321,1124 1366,1121 1411,1121 1456,1121 1500,1121 1545,1121 1590,1121 1635,1124 1679,1124 1724,1124 1769,1124 1814,1127 1858,1127 1903,1127 1948,1124 1993,1127 2037,1127 2082,1130 2127,1133 2172,1133 2216,1133 2261,1127 2306,1130 2351,1127 2396,1127 2440,1127 2485,1130 2527,1130"/>
                <TextEquiv>
                    <Unicode>Simères will ganz übereinstimmet) - Les</Unicode>
                </TextEquiv>
            </TextLine>
            <TextLine id="tr_2_tl_8" custom="readingOrder {index:7;}">
                <Coords points="729,1220 1762,1290 2595,1251 2593,1196 2335,1149 1985,1213 1713,1147 1383,1198 960,1125 729,1162"/>
                <Baseline points="742,1196 787,1196 832,1199 877,1202 922,1205 966,1205 1011,1208 1056,1208 1101,1208 1145,1211 1190,1211 1235,1214 1280,1214 1324,1217 1369,1220 1414,1223 1459,1229 1503,1226 1548,1223 1593,1229 1638,1232 1682,1229 1727,1232 1772,1235 1817,1235 1861,1235 1906,1235 1951,1238 1996,1235 2040,1235 2085,1238 2130,1238 2175,1238 2219,1235 2264,1229 2309,1229 2354,1232 2398,1232 2443,1235 2488,1235 2533,1238 2578,1244 2601,1244"/>
                <TextEquiv>
                    <Unicode>der Hauptinswand gelt tiefes. Aber darüber</Unicode>
                </TextEquiv>
            </TextLine>
            <TextLine id="tr_2_tl_9" custom="readingOrder {index:8;}">
                <Coords points="727,1322 2673,1363 2671,1283 2474,1242 1781,1305 724,1217"/>
                <Baseline points="737,1283 781,1286 826,1291 871,1297 916,1297 960,1300 1005,1306 1050,1309 1095,1309 1139,1309 1184,1309 1229,1312 1274,1312 1318,1315 1363,1315 1408,1318 1453,1321 1497,1324 1542,1324 1587,1321 1632,1324 1676,1324 1721,1330 1766,1330 1811,1327 1855,1324 1900,1327 1945,1327 1990,1330 2034,1330 2079,1327 2124,1327 2169,1327 2213,1327 2258,1321 2303,1312 2348,1315 2393,1312 2437,1315 2482,1318 2527,1324 2572,1333 2616,1342 2661,1351 2679,1354"/>
                <TextEquiv>
                    <Unicode>meiste nach til, eben überlaupt, mündlich</Unicode>
                </TextEquiv>
            </TextLine>
            <TextLine id="tr_2_tl_10" custom="readingOrder {index:9;}">
                <Coords points="700,1385 785,1363 807,1373 904,1361 1006,1383 1045,1371 1079,1395 1098,1392 1096,1327 1045,1315 955,1322 943,1310 906,1324 868,1302 751,1324 719,1302 695,1307"/>
                <Baseline points="710,1360 754,1357 799,1360 844,1360 889,1360 933,1360 978,1363 1023,1369 1068,1372 1104,1375"/>
                <TextEquiv>
                    <Unicode>unterhalten.</Unicode>
                </TextEquiv>
            </TextLine>
            <TextLine id="tr_2_tl_11" custom="readingOrder {index:10;}">
                <Coords points="756,1460 1378,1409 1555,1485 2588,1465 2586,1371 2403,1354 753,1368"/>
                <Baseline points="766,1390 811,1393 856,1396 901,1399 945,1402 990,1405 1035,1405 1080,1408 1124,1408 1169,1405 1214,1402 1259,1402 1303,1405 1348,1408 1393,1408 1438,1408 1482,1408 1527,1411 1572,1414 1617,1414 1661,1414 1706,1414 1751,1414 1796,1414 1841,1417 1885,1417 1930,1420 1975,1426 2020,1429 2064,1429 2109,1426 2154,1429 2199,1429 2243,1426 2288,1426 2333,1420 2378,1417 2422,1417 2467,1420 2512,1426 2557,1432 2592,1435"/>
                <TextEquiv>
                    <Unicode>Gewerte. - Vor ein paar Tagen, gegen Schuld,</Unicode>
                </TextEquiv>
            </TextLine>
            <TextLine id="tr_2_tl_12" custom="readingOrder {index:11;}">
                <Coords points="1823,1514 1840,1509 1849,1514 1869,1511 1888,1492 1893,1494 1900,1487 1912,1497 1929,1482 1956,1485 1956,1434 1944,1436 1932,1446 1917,1439 1886,1453 1859,1451 1844,1458 1823,1458"/>
                <Baseline points="1835,1474 1879,1471 1924,1474 1963,1474"/>
                <TextEquiv>
                    <Unicode>mis</Unicode>
                </TextEquiv>
            </TextLine>
            <TextLine id="tr_2_tl_13" custom="readingOrder {index:12;}">
                <Coords points="756,1531 1735,1597 2022,1526 2474,1541 2474,1473 2345,1436 1869,1511 1526,1453 1431,1494 756,1463"/>
                <Baseline points="769,1497 814,1500 859,1500 904,1503 948,1506 993,1509 1038,1509 1083,1509 1127,1512 1172,1518 1217,1515 1262,1515 1306,1515 1351,1518 1396,1518 1441,1521 1485,1521 1530,1524 1575,1521 1620,1524 1664,1524 1709,1524 1754,1527 1799,1524 1844,1530 1888,1527 1933,1524 1978,1524 2023,1521 2067,1521 2112,1521 2157,1518 2202,1518 2246,1518 2291,1518 2336,1515 2381,1515 2425,1518 2470,1521 2479,1524"/>
                <TextEquiv>
                    <Unicode>kam zu gicemt, wolte isged in Biel</Unicode>
                </TextEquiv>
            </TextLine>
            <TextLine id="tr_2_tl_14" custom="readingOrder {index:13;}">
                <Coords points="770,1621 2272,1691 2486,1599 2068,1611 1878,1548 1733,1604 1623,1555 1409,1599 1322,1548 768,1531"/>
                <Baseline points="784,1596 829,1602 874,1605 919,1608 963,1611 1008,1614 1053,1620 1098,1620 1142,1620 1187,1623 1232,1629 1277,1632 1321,1626 1366,1623 1411,1623 1456,1626 1500,1626 1545,1629 1590,1632 1635,1632 1679,1632 1724,1629 1769,1629 1814,1632 1858,1632 1903,1635 1948,1635 1993,1635 2037,1635 2082,1635 2127,1638 2172,1644 2216,1638 2261,1632 2306,1632 2351,1632 2396,1635 2440,1635 2485,1641 2491,1641"/>
                <TextEquiv>
                    <Unicode>senten, und heiß wieder erstel ein ies</Unicode>
                </TextEquiv>
            </TextLine>
        </TextRegion>
        <TextRegion id="tr_1" custom="readingOrder {index:1;}">
            <Coords points="748,1650 2730,1650 2730,3148 748,3148"/>
            <TextLine id="tr_1_tl_1" custom="readingOrder {index:0;}">
                <Coords points="739,1725 1988,1728 2134,1740 2238,1827 2428,1810 2403,1677 736,1650"/>
                <Baseline points="751,1700 796,1700 841,1706 886,1709 930,1709 975,1712 1020,1715 1065,1718 1109,1721 1154,1721 1199,1721 1244,1724 1289,1721 1333,1721 1378,1721 1423,1721 1468,1724 1512,1721 1557,1724 1602,1727 1647,1730 1691,1730 1736,1730 1781,1730 1826,1727 1870,1724 1915,1727 1960,1727 2005,1730 2049,1733 2094,1733 2139,1736 2184,1736 2228,1739 2273,1742 2318,1748 2363,1751 2407,1751 2428,1748"/>
                <TextEquiv>
                    <Unicode>von Bmer: weil der dauerseelen</Unicode>
                </TextEquiv>
            </TextLine>
            <TextLine id="tr_1_tl_2" custom="readingOrder {index:1;}">
                <Coords points="744,1849 1570,1827 2270,1925 2447,1871 2544,1925 2542,1805 2124,1823 2024,1735 1339,1730 1174,1798 741,1728"/>
                <Baseline points="757,1802 802,1802 847,1808 892,1814 936,1817 981,1817 1026,1820 1071,1820 1115,1823 1160,1826 1205,1826 1250,1826 1294,1826 1339,1826 1384,1826 1429,1826 1474,1826 1518,1826 1563,1829 1608,1832 1653,1835 1697,1838 1742,1838 1787,1838 1832,1835 1876,1835 1921,1838 1966,1841 2011,1844 2055,1846 2100,1849 2145,1849 2190,1855 2234,1855 2279,1861 2324,1858 2369,1852 2413,1852 2458,1852 2503,1852 2548,1852"/>
                <TextEquiv>
                    <Unicode>las dam alle 5 oder 6 gesilictoren soit</Unicode>
                </TextEquiv>
            </TextLine>
            <TextLine id="tr_1_tl_3" custom="readingOrder {index:2;}">
                <Coords points="744,1976 1176,1932 1626,2022 2569,1995 2566,1937 2396,1905 741,1876"/>
                <Baseline points="754,1906 799,1909 844,1915 889,1918 933,1918 978,1918 1023,1924 1068,1924 1112,1927 1157,1927 1202,1927 1247,1924 1291,1927 1336,1927 1381,1930 1426,1930 1471,1933 1515,1936 1560,1939 1605,1942 1650,1942 1694,1945 1739,1951 1784,1951 1829,1951 1873,1951 1918,1951 1963,1951 2008,1954 2052,1954 2097,1957 2142,1957 2187,1960 2231,1960 2276,1963 2321,1963 2366,1963 2410,1966 2455,1969 2500,1972 2545,1978 2575,1981"/>
                <TextEquiv>
                    <Unicode>der größte Bewendering, dieses alsgebende</Unicode>
                </TextEquiv>
            </TextLine>
            <TextLine id="tr_1_tl_4" custom="readingOrder {index:3;}">
                <Coords points="753,2029 1516,2104 1635,2053 2080,2061 2318,2138 2542,2097 2539,2002 2291,1973 2202,2029 751,1966"/>
                <Baseline points="766,2011 811,2017 856,2020 901,2026 945,2031 990,2031 1035,2031 1080,2034 1124,2034 1169,2034 1214,2037 1259,2037 1303,2040 1348,2040 1393,2043 1438,2046 1482,2046 1527,2049 1572,2046 1617,2046 1661,2049 1706,2049 1751,2049 1796,2052 1841,2052 1885,2055 1930,2055 1975,2058 2020,2058 2064,2055 2109,2058 2154,2058 2199,2061 2243,2061 2288,2064 2333,2067 2378,2067 2422,2070 2467,2073 2512,2076 2548,2079"/>
                <TextEquiv>
                    <Unicode>Von und diese bejaubende Leintigkeit</Unicode>
                </TextEquiv>
            </TextLine>
            <TextLine id="tr_1_tl_5" custom="readingOrder {index:4;}">
                <Coords points="761,2180 2102,2170 2284,2240 2688,2194 2685,2104 2627,2095 2034,2148 1781,2070 758,2095"/>
                <Baseline points="775,2124 820,2127 865,2127 910,2130 954,2130 999,2136 1044,2136 1089,2136 1133,2139 1178,2142 1223,2142 1268,2142 1312,2142 1357,2142 1402,2145 1447,2145 1491,2148 1536,2151 1581,2151 1626,2151 1670,2151 1715,2157 1760,2157 1805,2160 1849,2160 1894,2163 1939,2163 1984,2166 2028,2166 2073,2169 2118,2172 2163,2172 2208,2172 2252,2172 2297,2175 2342,2175 2387,2175 2431,2172 2476,2169 2521,2169 2566,2166 2610,2166 2655,2163 2691,2166"/>
                <TextEquiv>
                    <Unicode>seine Unheimbülleit dabei) gehört</Unicode>
                </TextEquiv>
            </TextLine>
            <TextLine id="tr_1_tl_6" custom="readingOrder {index:5;}">
                <Coords points="768,2272 875,2318 1035,2250 2080,2262 2459,2333 2593,2304 2595,2233 765,2172"/>
                <Baseline points="778,2222 823,2225 868,2231 913,2234 957,2237 1002,2240 1047,2246 1092,2246 1136,2246 1181,2246 1226,2243 1271,2249 1315,2246 1360,2249 1405,2246 1450,2249 1494,2252 1539,2255 1584,2255 1629,2252 1673,2252 1718,2252 1763,2255 1808,2255 1852,2255 1897,2258 1942,2258 1987,2261 2031,2261 2076,2264 2121,2264 2166,2267 2211,2267 2255,2267 2300,2270 2345,2273 2390,2270 2434,2270 2479,2270 2524,2270 2569,2273 2601,2282"/>
                <TextEquiv>
                    <Unicode>wirklich ein Neuen. Vielleicht ist dies, alles</Unicode>
                </TextEquiv>
            </TextLine>
            <TextLine id="tr_1_tl_7" custom="readingOrder {index:6;}">
                <Coords points="758,2369 2598,2386 2595,2304 2340,2328 2223,2270 758,2282"/>
                <Baseline points="772,2327 817,2327 862,2330 907,2333 951,2333 996,2336 1041,2336 1086,2339 1130,2339 1175,2336 1220,2333 1265,2336 1309,2336 1354,2336 1399,2339 1444,2342 1488,2345 1533,2345 1578,2345 1623,2348 1667,2348 1712,2348 1757,2348 1802,2351 1846,2351 1891,2354 1936,2354 1981,2357 2026,2357 2070,2360 2115,2363 2160,2363 2205,2363 2249,2363 2294,2363 2339,2366 2384,2363 2428,2366 2473,2363 2518,2363 2563,2366 2604,2372"/>
                <TextEquiv>
                    <Unicode>in allen, the meihertafteste Biel, aber verbei</Unicode>
                </TextEquiv>
            </TextLine>
            <TextLine id="tr_1_tl_8" custom="readingOrder {index:7;}">
                <Coords points="734,2430 1973,2510 2080,2459 2573,2486 2513,2396 1422,2408 1176,2333 734,2369"/>
                <Baseline points="748,2401 793,2404 838,2407 883,2413 927,2413 972,2416 1017,2416 1062,2422 1106,2422 1151,2428 1196,2431 1241,2428 1286,2428 1330,2431 1375,2431 1420,2434 1465,2437 1509,2440 1554,2443 1599,2443 1644,2446 1688,2446 1733,2443 1778,2446 1823,2446 1867,2449 1912,2455 1957,2461 2002,2464 2046,2461 2091,2458 2136,2461 2181,2461 2225,2464 2270,2458 2315,2458 2360,2458 2404,2458 2449,2458 2494,2458 2539,2464 2578,2470"/>
                <TextEquiv>
                    <Unicode>soll keine Censuren aussteilen. — Il moitte</Unicode>
                </TextEquiv>
            </TextLine>
            <TextLine id="tr_1_tl_9" custom="readingOrder {index:8;}">
                <Coords points="744,2520 1383,2593 2595,2566 2593,2476 1618,2508 1312,2437 741,2437"/>
                <Baseline points="757,2506 802,2506 847,2512 892,2515 936,2515 981,2518 1026,2518 1071,2518 1115,2521 1160,2524 1205,2524 1250,2530 1294,2530 1339,2530 1384,2533 1429,2533 1474,2539 1518,2536 1563,2536 1608,2539 1653,2539 1697,2542 1742,2542 1787,2545 1832,2548 1876,2548 1921,2554 1966,2557 2011,2551 2055,2548 2100,2548 2145,2548 2190,2545 2234,2548 2279,2548 2324,2554 2369,2551 2413,2548 2458,2548 2503,2548 2548,2548 2592,2554 2601,2557"/>
                <TextEquiv>
                    <Unicode>Sie so gerne bald wiederschen. B.R. sog mir</Unicode>
                </TextEquiv>
            </TextLine>
            <TextLine id="tr_1_tl_10" custom="readingOrder {index:9;}">
                <Coords points="785,2639 1147,2634 1315,2707 2508,2658 2505,2556 2199,2610 1533,2564 1431,2612 1232,2544 782,2532"/>
                <Baseline points="799,2598 844,2607 889,2610 933,2616 978,2616 1023,2619 1068,2619 1112,2622 1157,2622 1202,2622 1247,2622 1291,2619 1336,2622 1381,2625 1426,2628 1471,2631 1515,2631 1560,2631 1605,2634 1650,2634 1694,2637 1739,2637 1784,2640 1829,2640 1873,2643 1918,2646 1963,2649 2008,2646 2052,2646 2097,2649 2142,2646 2187,2646 2231,2643 2276,2646 2321,2640 2366,2637 2410,2640 2455,2643 2500,2649 2512,2643"/>
                <TextEquiv>
                    <Unicode>Sie fahren gerne Antr. Kam til die nicht</Unicode>
                </TextEquiv>
            </TextLine>
            <TextLine id="tr_1_tl_11" custom="readingOrder {index:10;}">
                <Coords points="773,2717 1443,2731 1604,2790 1745,2758 1801,2804 1920,2751 1917,2663 1878,2654 1375,2702 1193,2663 1111,2705 1028,2658 773,2666"/>
                <Baseline points="787,2703 832,2703 877,2706 922,2712 966,2712 1011,2715 1056,2718 1101,2721 1145,2724 1190,2724 1235,2724 1280,2721 1324,2721 1369,2724 1414,2727 1459,2727 1503,2730 1548,2724 1593,2718 1638,2721 1682,2724 1727,2727 1772,2730 1817,2733 1861,2736 1906,2739 1924,2739"/>
                <TextEquiv>
                    <Unicode>Ablobe, für einen halben Tag.</Unicode>
                </TextEquiv>
            </TextLine>
            <TextLine id="tr_1_tl_12" custom="readingOrder {index:11;}">
                <Coords points="1973,2765 2073,2782 2119,2743 2386,2758 2432,2736 2564,2753 2622,2785 2617,2707 2452,2651 2277,2651 2216,2685 2056,2656 1971,2692"/>
                <Baseline points="1987,2733 2031,2730 2076,2727 2121,2727 2166,2733 2211,2733 2255,2730 2300,2727 2345,2730 2390,2733 2434,2733 2479,2736 2524,2742 2569,2754 2613,2771 2627,2776"/>
                <TextEquiv>
                    <Unicode>- vor oder werden</Unicode>
                </TextEquiv>
            </TextLine>
            <TextLine id="tr_1_tl_13" custom="readingOrder {index:12;}">
                <Coords points="807,2831 2542,2855 2542,2768 2437,2739 1835,2797 1200,2731 807,2777"/>
                <Baseline points="820,2807 865,2810 910,2813 954,2813 999,2813 1044,2813 1089,2813 1133,2816 1178,2816 1223,2816 1268,2813 1312,2813 1357,2813 1402,2816 1447,2816 1491,2819 1536,2816 1581,2819 1626,2819 1670,2819 1715,2819 1760,2822 1805,2816 1849,2813 1894,2813 1939,2816 1984,2810 2028,2813 2073,2816 2118,2816 2163,2819 2208,2819 2252,2816 2297,2816 2342,2816 2387,2816 2431,2819 2476,2822 2521,2828 2548,2831"/>
                <TextEquiv>
                    <Unicode>oder sie es Ihnen passé? Ich konnte viele</Unicode>
                </TextEquiv>
            </TextLine>
            <TextLine id="tr_1_tl_14" custom="readingOrder {index:13;}">
                <Coords points="792,2962 2564,2938 2549,2843 1494,2889 1307,2829 921,2867 792,2826"/>
                <Baseline points="805,2888 850,2891 895,2897 939,2900 984,2900 1029,2903 1074,2906 1118,2909 1163,2909 1208,2906 1253,2909 1297,2909 1342,2909 1387,2909 1432,2909 1476,2912 1521,2912 1566,2912 1611,2912 1656,2915 1700,2915 1745,2912 1790,2909 1835,2909 1879,2909 1924,2909 1969,2906 2014,2909 2058,2909 2103,2909 2148,2909 2193,2912 2237,2909 2282,2906 2327,2906 2372,2906 2416,2906 2461,2906 2506,2909 2551,2915 2569,2921"/>
                <TextEquiv>
                    <Unicode>ja sagen, dass es mir die größte Feinde</Unicode>
                </TextEquiv>
            </TextLine>
            <TextLine id="tr_1_tl_15" custom="readingOrder {index:14;}">
                <Coords points="785,3018 1971,3001 2172,3076 2321,2984 2673,3033 2673,2899 2488,2960 1939,2979 1531,2914 1436,2977 1283,2928 785,2972"/>
                <Baseline points="799,2992 844,2989 889,2992 933,2992 978,2995 1023,2998 1068,2998 1112,3001 1157,3001 1202,3001 1247,3001 1291,3004 1336,3004 1381,3004 1426,3004 1471,3004 1515,3001 1560,3001 1605,3004 1650,3004 1694,3004 1739,3004 1784,3001 1829,3001 1873,3004 1918,3004 1963,3001 2008,2998 2052,2995 2097,2995 2142,2992 2187,2992 2231,2992 2276,2989 2321,2983 2366,2986 2410,2983 2455,2983 2500,2986 2545,2986 2589,2989 2634,2992 2679,2992"/>
                <TextEquiv>
                    <Unicode>meilen wurde. Reifen Sie zilleritd einmal</Unicode>
                </TextEquiv>
            </TextLine>
            <TextLine id="tr_1_tl_16" custom="readingOrder {index:15;}">
                <Coords points="773,3127 2053,3157 2466,3067 2726,3120 2729,2989 2294,2984 2097,3052 773,3018"/>
                <Baseline points="787,3088 793,3088 838,3088 883,3091 927,3091 972,3094 1017,3097 1062,3097 1106,3094 1151,3097 1196,3094 1241,3100 1286,3097 1330,3097 1375,3094 1420,3091 1465,3094 1509,3091 1554,3091 1599,3094 1644,3097 1688,3097 1733,3097 1778,3097 1823,3097 1867,3094 1912,3094 1957,3091 2002,3091 2046,3085 2091,3085 2136,3085 2181,3085 2202,3079 2237,3067 2282,3064 2327,3061 2372,3061 2416,3061 2461,3061 2506,3064 2551,3070 2595,3070 2640,3070 2685,3061 2730,3067"/>
                <TextEquiv>
                    <Unicode>geraten 9t und 106 Radonn N3a? Un Heige St.</Unicode>
                </TextEquiv>
            </TextLine>
            <TextLine id="tr_1_tl_17" custom="readingOrder {index:16;}">
                <Coords points="2367,3181 2384,3176 2411,3198 2425,3188 2452,3203 2466,3195 2496,3215 2544,3181 2569,3195 2593,3181 2581,3089 2552,3093 2527,3076 2488,3076 2479,3067 2435,3069 2384,3089 2357,3086"/>
                <Baseline points="2372,3118 2416,3118 2461,3121 2506,3130 2551,3138 2595,3138"/>
                <TextEquiv>
                    <Unicode>Herr.</Unicode>
                </TextEquiv>
            </TextLine>
        </TextRegion>
    </Page>
</PcGts>
