2250 3336
1377 567 1518 673 140
280 576 742 721 A,S. an H.v.H.
955 591 1105 735 [99]
283 708 852 832 allem sehr Fleiss...
1163 732 1300 863 6.8.
293 801 1650 973 Furde gestern unterbrochen und will heute nur noch
293 949 1675 1064 viele schöne Grüsse hinzusetzen. Heute (es ist Nach-
293 1015 1675 1147 mittag) waren wir schon am Vormittag auf der Sofien-
304 1083 1735 1231 alpe, und das ist die Gegend, wo ich von den Gestalten
294 1207 1686 1309 des Romans an härtesten bedrängt werde.-Wir bleiben
300 1298 1710 1410 nun denk ich bis Anfang September hier in Wien, und
302 1394 1703 1496 dann möchten wir, auf etwa 14 Tags nicht allzu weit,
304 1492 1666 1595 Ischl etwa. Es wäre nicht undenkbar, dass die Fanny
304 1551 1752 1682 Mütter mitkommt; aber ich halt es für unwahrscheinlich.
307 1633 472 1684 Känen
305 1653 1778 1767 Sie dann event. auch mit Gerty,so könnten wir
300 1750 1710 1854 Zwei ein paar unserer schönen Radtouren vollführen?
305 1829 1668 1953 Jedenfalls treffen wir uns im Herbst, nicht wahr?-
318 1911 1708 2026 Grüssen Sie was Sie in Aussee von erfreulichen Men-
313 2015 1697 2138 sehen sehen und antworten mir rascher als ich Ihnen
315 2096 1006 2224 diesmal geantwortet habe.
900 2189 1004 2297 Ihr
313 2189 609 2301 Herslichst
1022 2222 1112 2332 4.
