2041 3271
501 604 897 716 A.S. an H.v.H.
976 588 1092 763 (50)
1489 626 1587 714 60
1101 663 1505 829 Paris, 20.5.97.
488 779 1817 941 Mein lieber Hugo, sagen Sie, haben Sie alle meine
1420 882 1562 939 G.C.F.P.
493 876 1567 1031 Briefe bekommen? Dieser ist der vierte.
485 972 1722 1081 Ich reise Montag von hier nach London; meine
504 1067 1765 1215 dresse dort: bei Felix Markbreiter, London S.E.
503 1159 1772 1292 Joodvillehall,Honoroak. Um den 1.herum bin ich
478 1280 1758 1380 in "ien. Es war sehr gescheidt, dass ich fortge-
475 1357 1788 1495 fahren bin; für das gegenwärtige sicher; aber es
470 1454 1787 1590 wird sicher auch für die Zukunft was zu bedeuten
460 1558 1728 1672 haben, wenn nicht alles Erleben Unsinn ist. Man
470 1658 1730 1772 weiss ja nie, was man von irgendwoher mitnimmt;
458 1723 1788 1853 wenn man den Koffer auspackt, so wundert man sich
445 1853 1700 1955 über die schönen Dinge, die man sich gar nicht
448 1913 1620 2048 mehr erinnern kann, hineingestopft zu haben.
465 1995 1740 2136 Ich freue mich sehr, dass ich Sie noch in Wien
445 2080 1630 2226 finde. Werden wir miteinander Rad fahren?-
441 2184 1763 2313 -Riesengebirge? Und wie wär es im August mit ein
433 2283 1773 2418 paar Bayreuther Tagen? Goldmann wird wohl nach
433 2346 1645 2491 Ischl kommen, möchte auch gern nach Bayreuth.
