3526 3576
1129 833 2010 1017 Déjourd aux Intention, signés
1174 951 2090 1090 eines Richtung?  Mrs ist No
1180 1029 2159 1172 für ein gesumvolle Lekifin
1133 1144 2103 1279 Für ein Sammelfusium anstatt.
1173 1242 2166 1371 und Republixx! Dis alles
1134 1330 2112 1475 ist treilich nur in das Teil in
1153 1438 2051 1564 eines finsteren Exche – aber im
1172 1521 2188 1641 könnte mir hil kenne, einer
1126 1635 2057 1747 ma über dieser Schein'nelt nur
1142 1716 2221 1895 eingemäßen mit Luß die wirkliche
1164 1825 1669 1981 angesehen könnte.
1196 1873 2237 2040 In den Cascinore geht ich naturlich
1156 1997 2189 2146 sobald eine rheumatischer Fisch¬
1153 2098 2153 2244 mich to mit tragen. Ich habe böse
1165 2196 2114 2319 9 Wochen pieter mir, dies ist
1180 2284 1872 2412 est left résiduum.
1440 2374 1861 2511 Am sorgen Tage
1873 2443 2055 2564 G.
1094 2458 1819 2615 Pf. Über Ostern sind wir in R.
