2236 3336
1581 579 1682 693 89
425 602 831 737 A.S. an H.v.H.
890 593 1020 801 72
1286 657 1529 794 22.3.99.
425 778 1751 870 Mein lieber Hugo I ich danke Ihnen sehr, dass Sie
425 854 1730 957 noch einmal bei mir waren. Was soll ich Ihnen
425 945 1801 1057 heute weiter sagen. Ein Tag ist schrecklicher als
433 1062 1822 1162 der andere; es ist viel grauenvoller und hoffnungs-
425 1131 1716 1274 loser als irgend ein Wort darüber. Ich habe das
444 1240 1716 1346 Gefühl, fertig zu sein; Zeichen genug werden mir
441 1334 1716 1458 gesandt! Vom Morgen aus der Ausblick ins Leere,
437 1441 1741 1567 Leere - die Erinnerungen an ihr Leben voll Pein,
444 1547 1858 1638 an ihren Tod von einer grenzenlosen Entsetzlichkeit.
444 1609 1863 1735 die letzten Blicke, die letztens Worte unvergesslich-
441 1739 1865 1831 die letzte Angst auf immer alles zerstörend, was noch
437 1826 1856 1940 kommen könnte. Eine ungeheure Gleichgültigkeit gegen
432 1909 1698 2039 alles, was mir auch Inhalt des Lebens schien -
432 2018 1714 2137 schauen ins leere, greifen ins heere, jammern ins
426 2089 627 2206 leere.
437 2169 1746 2322 Vielleicht fahre ich auf einen Tag nach Graz, wo
423 2311 1723 2394 ihre Schwester und jetzt auch ihr Vater und von
423 2391 1673 2513 morgen an ihre Mutter ist. Alle Menschen sind
