2024 3096
1530 648 1753 753 15.
379 704 792 814 A.S.an H.v.H.
1087 727 1570 866 Wien, 14.7.1892.
1390 814 1500 864 G.C.F.P.
381 835 1785 918 Lieber Hugo. Von Salten erfahre ich, dass Ihr Vater
1798 878 1884 954 G.F.P.
384 898 1769 970 krank war, aber bereits wiederhergestellt ist. Hof-
388 961 1764 1009 fentlich erholen Sie sich zugleich von Ihrer Ver-
384 988 1809 1054 stimmung und Abspannung und verbringen den kommenden
384 1033 1816 1119 Sommer und Herbst in so reicher Fülle des Innern und
379 1092 1622 1151 Teussern, wie ichs Ihnen von Herzen wünsche.-
381 1098 1809 1186 Gestern starb mein Grossvater; in wenigen Tagen rei-
379 1180 1739 1279 sen meine Eltern ab, und ich übernehme die Praxie
1345 1220 1543 1274 G.C.F.P.
379 1225 904 1292 meines Papa,
379 1256 1730 1331 Seit einiger Zeit bring ich es zuwege, auch nachte
381 1308 1730 1376 literarisch zu arbeiten, und ich hoffe, meine ange-
388 1324 1821 1448 fangenen Sachen werden trotz anderweitiger Tätigkeit
1151 1399 1245 1446 G.C.H.P.
384 1414 1114 1475 wohl fortschreiten können.
354 1435 1764 1503 Hebbels Briefe lese ich jetzt, Leesings Leben von
377 1468 1812 1566 seinem Bruder geschildert, Annalen von Goethe. Hebbel
377 1538 1820 1609 war wohl nach Goethe der grösste Geist, den die Deut-
381 1572 1692 1644 schen in dem Jahrhundert gehabt haben; manchmal
390 1581 1820 1688 kommt mir vor, dass man ihn vor Nietzsche wird nennen
372 1662 1805 1728 müssen. Ich bin jetzt bei der Periode seines Lebens,
379 1703 1687 1771 wo er auf der Verlegersuche ist und auf Gutzkow,
551 1744 1730 1818 (unleserlich),Körner, zuweilen wohl
388 1762 532 1830 Laube
379 1802 1762 1872 auch auf Schiller schimpft. Er hat aber auch noch
372 1829 1755 1911 manches andere zu sagene- Wissen Sie, dass er eine
1649 1872 1760 1927 P.S.
384 1882 1631 1953 Jungfrau von Orleans schreiben wollte?
1459 1908 1755 1990 G.C.H.F.P.
384 1933 1396 1999 Von Richard höre ich nichts, Sie?
384 1960 1762 2050 Von Ihnen hoffe ich bald schönes und gutes zu er¬
379 2003 1782 2118 fahren; empfehlen Sie mich bitte den Ihren auf das
379 2084 618 2161 wärmete.
848 2093 943 2197 Ihr
981 2129 1159 2240 Arthur
