2295 3383
1039 666 1179 792 (80)
463 735 887 861 A.S. an H.v.H.
1627 778 1744 868 101
1261 844 1681 966 Berlin, 8.10.99.
472 929 1898 1044 Mein lieber Hugo, gestern Abend hab ich die Bestrice
504 1018 1925 1142 dem Brahm vorgelesen; mir xx scheint, sie hat auf ihn
478 1135 1875 1235 gewirkt; eigentlich hatte er keine Einwendungen, und
470 1214 1912 1324 jedenfalls kam ihm die Sache fertiger vor als mir, der
463 1309 1892 1407 ich sie keinesfalle vorläufig aus der Hand gebe. Ich
470 1394 1842 1533 weiss sehr genau, was noch daran zu machen ist; und
465 1500 1872 1598 einiges wird auch gelingen. Die entschiedenste Ein-
455 1572 1942 1701 wendung von Brahm war eigentlich der Monolog oder bes-
454 1698 1907 1775 ser die Anrede des Andrea-das einzige Stückel, das Sie
457 1775 1796 1866 kennen,-das er ganz hinaus haben möchte. Ich las,
452 1844 1910 1948 mit einer Souperunterbrechung von 7-12; so lang würde
454 1942 1611 2064 die Sache ungestrichen mindestens spielen!
446 2029 1820 2131 Ich werde wahrscheinlich Donnerstag in Wien sein;
437 2136 1894 2238 Paul Goldmann kommt auch und wird etwa 8 Tage bei mir
433 2205 1859 2320 wohnen. Wann sind Sie wieder in Wien? Es wäre schön,
441 2299 1370 2405 wenn G. Sie noch zu sehen bekäme.-
435 2375 1724 2501 Ueber das äussere Leben hier lieber mündlich.-
426 2449 1849 2594 Ich weiss nicht, ob Sie dieses Anfangsfeuilleton von
