2226 3383
1698 635 1792 764 96
491 640 890 753 A.S. an H.v.H.
1012 640 1129 757 77
1007 702 1693 830 Velden, Pension Pundschu,
1032 794 1269 902 27.7.99
486 824 1907 993 Mein lieber Hugo; etwa am 5. August soll von Toblach
493 934 1886 1092 aus die Fusetour angetreteh werden, Richard, (der bis
491 1065 1838 1184 dahin mit der Novelle fertig ist und der neulich,
491 1127 1902 1278 in viel besserer Stimmung als ich vermutet, hier war,
498 1251 1888 1360 und den ich Sonntag am Millstättersee sehe), Wasser-
500 1367 1820 1446 mann, ich, (am End auch Robert Hirschfeld und wenn
498 1422 1916 1556 er sich dazu entschliesst Gustav Schwk.); südtiroli
491 1544 1916 1650 sche Pässe, Ende etwa 15. August in Trient, resp. Bosen.
491 1604 1895 1712 Zweite Hälfte August verbring ich in Ischl. So käme
495 1718 1875 1827 dann, wie es ja auch ihnen lieb wäre, unsere thürin-
495 1783 1898 1911 gische Radpartie anfangs September. Bleiben wir aber
503 1893 1069 2030 dabei, wenns möglich.
498 1992 1836 2113 -Ich habe zu arbeiten begonnen; das Stück. Es war
496 2077 1843 2217 doch weiter als ich gedacht, und wenn ich auch auf
503 2161 1858 2274 der Reise arbeiten kann, bin ich im Herbst am Ende
495 2256 1845 2347 fertig. Manohmal soheinte mir, dass es was werden
484 2341 1774 2443 könnte - oft aber bin ich wie vor den Kopf ge-
479 2419 1781 2565 schlagen. Das Gefühl habe ich halt noch immer
