2071 3143
427 589 806 678 A.S. an H.v.H.
1662 631 1747 713 45
955 647 1083 756 42
1178 743 1660 854 Skordborg, 7.8.96.
562 811 1796 916 Lieber Hugo, seit Sonntag bin ich mit Klichard
566 866 1824 961 (und Paula) zusammen; seit vorgestern ist auch
551 911 1837 1016 Paul Goldmann da, und wir sind in einem angeneh-
557 968 1761 1045 men Hotel, am Meer, hinter den Häusern gleich
554 1015 1764 1095 ein wunderschöner Wald mit Buchen und Tannen,
546 1056 1802 1133 im Wald kleine halbversteckte Teiche, und wenn
549 1093 1881 1188 man eine halbe Stunde weiter geht, das freundliche
552 1141 1829 1225 Thal mit lieben kleinen Häusern und Ortschaften
544 1188 1817 1263 (wo wir aber noch nie gewesen sind). Heute Vor-
537 1230 1821 1317 mittag sind wir nach einer kleinen schwedischen
537 1275 1766 1353 Insel hinübergesegelt, wo nicht viele Menschen
537 1315 1807 1392 wohnen, sind in dem netten Haus des Leuchtturm-
539 1368 1867 1452 wächters gewesen, und wie wir von der niedern
531 1405 1777 1487 Thüre herunterstiegen, fanden wir im Wohnzimmer
527 1453 1812 1530 ein leises Harmonium, eine freundliche Hausfrau
532 1502 1856 1574 und im Vorzimmer sass die vierzahnjährige Tochter
526 1544 1777 1622 des Hauses, regungslos in einer Ecke des Divans
526 1592 1844 1657 sah uns mit prachtvollen braunen Augen an,strick-
526 1629 1747 1704 te und hatte nur einen Schuh an, Dafür war der
519 1670 1796 1754 andere Strumpf an den Zehen zerrissen. Das war
514 1720 1751 1797 die junge Dame von Hven. Im Zurückfahren gab
522 1771 1792 1832 es so hohe Wellen, dass man die Ostsee als Meer
516 1812 1792 1874 erkennen durfte ; bisher war sie immer so still
517 1861 1812 1934 daes man sich an einem See hätte glauben können.
507 1894 1744 1966 Paula ist sogar seekrank gewesen.- Wir werden
507 1947 1757 2009 hier wohl alle bis etwa zum 20. August bleiben.
506 1999 1742 2059 Nachmittag pflege ich zu arbeiten. Vorher bin
504 2036 1757 2113 ich wenig dazugekommen; nur ein paar Regentage
501 2089 1712 2138 oder -stunden auf der Nordkaptour bin ich in
496 2128 1757 2186 meiner Cajüte gesessen und habe am zweiten Akt
501 2176 1842 2244 allerlei versucht. Immerhin scheints mir, als wenn
497 2228 1782 2280 ich theilweise in den Intentionen Ihres Briefe,
504 2266 1774 2318 den ich in Trondjhem bei meiner Rückkehr gefun-
501 2305 1720 2363 den habe, verfahren wäre; denn vor allem hatte
496 2351 1704 2410 ich das Bedürfnis die Scene zwischen Ihm und
492 2398 1734 2460 Ihr mit mehr Leben anzufüllen. Ich weiss noch
482 2453 1754 2515 nicht, ob mir das und manches andere, das ich am
