2056 3191
444 559 1054 713 A.S. an H.v.H. (49)
1679 614 1776 720 58
404 692 1796 812 viel "ganz anderes" ich esse. Die hiesige Eintei-
435 762 1715 902 lung 12 Uhr Dejeuner,7 Dinner,9 Theater, behagt
429 853 1033 977 mir ausserordentlich.
1419 911 1588 1001 G.C.F.P
422 986 1832 1121 Schöne Radpartien? z.B. fahren Sie von der Tini aus
426 1062 1856 1187 über Heiligenkreuz - Ayland - Neuhaus (bei Nöstach?)
417 1144 1802 1302 - Pottenstein - Vöslau. Oder: Rohrerhütte - König-
422 1263 1807 1372 stetten (sehr bergig,schieben!) - Tulln, dann an der
422 1338 1854 1484 onaus zurück nach Klosterneuburg.- Sehr hübsch auch
419 1450 1825 1570 die kleine Tour Tulln-Stockerad. Oder - Rekawinkel-
410 1529 1848 1645 Hütteldorf (Westgahnstrecke). Gder: Wiener Heustadt-
399 1622 1764 1746 Reichenau.- Ich freue mich sehr, wenn wir zusammen
408 1699 1769 1852 fahren werden. Wie lang bleiben Sie denn in Wien?
419 1800 1744 1915 Und wie wird heuer der Sommer werden? Ich möchte
408 1888 1782 2028 so gern zum arbeiten kommen; hier spiele ich höch-
406 2017 1814 2129 stens mit Planen; aber möglicherweise ist mir durch
406 2078 1703 2222 ein xxxx merkwürdiges Zusammenfliessen zweier
395 2186 1796 2288 Pläne, worunter einer der mit der Minnie, etwas guten
401 2254 1667 2396 eingefallen. - Den Götterliebling hoff ich ganz
408 2355 1656 2482 fertig anzutreffen. Bei dem Stück von Hirschf.
