2255 3399
984 712 1086 810 81
436 719 848 830 A.S. an H.v.H.
1567 728 1685 837 105
432 816 1843 914 So ist es mir gewissermassen rätselhaft, dass gewies
441 898 1767 982 das Haus in der Rue Maubeuge Nr.5 steht ja, dass
441 970 1834 1065 noch die Zimmer existieren, die Fenster - die Wasch-
445 1058 722 1154 tische -
441 1138 1814 1249 Ich kann Ihnen gar nicht sagen, wie mir ist, während
441 1244 1757 1344 ich diesen Brief ende. Als hätt ich's noch immer
443 1330 1782 1409 nicht ganz verstanden - denn in diesem Augenblick
437 1393 1834 1522 sind mir Dinge eingefallen, an die ich seitdem nicht
441 1495 681 1583 gedacht.
437 1547 1782 1658 Leben sie wohl. Wann kommen Sie wieder? Werden wir
443 1646 1803 1715 zusammen radeln? Ich bin neugierig auf das, was Sie
436 1706 1536 1807 mir von der Namenlosen erzählen werden.
455 1792 1074 1902 Von Herzen Ihr Arthur.
437 1861 1879 1991 Grüssen Sie Hans Schlesinger und Bubi Franckenstein.
982 2004 1122 2090 =====
