2057 3015
1548 673 1641 747 21
447 688 819 776 A.S. an H.v.H.
1259 753 1614 849 24.11.1892.
434 831 1741 929 Lieber Lorie, sehr wahr! - Und wie denken Sie z.
456 907 1724 964 B. darüber, für einen Abend der Woche statt des
449 949 1719 1031 Pfob ein anderes Café zu bestimmen, in dem nur
447 990 1646 1054 wir zusammen kommen? - Und eventuell Bahr.
456 1039 1795 1102 Ich wiederhole übrigens, was ich Ihnen schon heu-
449 1083 1720 1154 lich geschrieben, dass ich nämlich sehr unange-
449 1114 1814 1214 nehm enttäuscht bin, auch heuer so wenig mit Ihnen
453 1185 978 1248 zusammen zu kommen.
453 1183 1746 1298 Bestimmen Sie Abend, bestimmen sie Caféhaus - und
432 1249 1788 1363 bestimmen Sie vielleicht auch Bahr, einmal hinzu-
422 1325 661 1392 kommen.
434 1322 1780 1420 Sonntag also bei mir, für alle Fälle? - Ich möchte
444 1388 1792 1464 mir den Vorschlag erlauben, was Sie Ihre psychol.
446 1439 1720 1524 Novellette (die von der Freien Bühne refüsiert
456 1485 1719 1566 wurde) vorlesen. Ich glaube, dass weder Richard
447 1534 1368 1622 noch Salten dieselbe kennen.-
773 1580 1263 1653 Herzlich der Ihre
883 1620 1095 1702 Arthur.
886 1714 1097 1778 ampere
