<?xml version="1.0" encoding="UTF-8" standalone="yes"?>
<PcGts xmlns="http://schema.primaresearch.org/PAGE/gts/pagecontent/2013-07-15" xmlns:xsi="http://www.w3.org/2001/XMLSchema-instance" xsi:schemaLocation="http://schema.primaresearch.org/PAGE/gts/pagecontent/2013-07-15 http://schema.primaresearch.org/PAGE/gts/pagecontent/2013-07-15/pagecontent.xsd">
    <Metadata>
        <Creator>prov=READ-COOP:name=TrHtr:version=2.1.0:model_id=51170:date=25_07_2023_14:46</Creator>
        <Created>2023-05-01T22:00:00.726+02:00</Created>
        <LastChange>2023-07-25T14:46:25.867+02:00</LastChange>
        <TranskribusMetadata docId="1416441" pageId="54948248" pageNr="374" tsid="130684685" status="IN_PROGRESS" userId="64420" imgUrl="https://files.transkribus.eu/Get?id=EGJUZRTWMATTTCNDVEBOOBEY&amp;fileType=view" xmlUrl="https://files.transkribus.eu/Get?id=WUHEQEGUKBLCWOPKXOUZAYRN" imageId="44452286"/>
    </Metadata>
    <Page imageFilename="1416441_0374.jpg" imageWidth="3526" imageHeight="3576">
        <ReadingOrder>
            <OrderedGroup id="ro_1711830864084" caption="Regions reading order">
                <RegionRefIndexed index="0" regionRef="tr_1"/>
                <RegionRefIndexed index="1" regionRef="tr_2"/>
            </OrderedGroup>
        </ReadingOrder>
        <TextRegion id="tr_1" custom="readingOrder {index:0;}">
            <Coords points="423,991 1546,991 1546,2541 423,2541"/>
            <TextLine id="tr_1_tl_1" custom="readingOrder {index:0;}">
                <Coords points="415,1085 781,1060 873,1115 984,1084 1160,1096 1225,1055 1357,1082 1358,1002 1176,1028 979,1027 898,978 763,1015 481,976 417,1002"/>
                <Baseline points="423,1065 465,1065 510,1059 555,1062 599,1059 644,1059 689,1059 734,1059 779,1059 823,1059 868,1059 913,1056 958,1056 1002,1056 1047,1053 1092,1053 1137,1053 1182,1050 1226,1050 1271,1047 1316,1044 1361,1041"/>
                <TextEquiv>
                    <Unicode>da, und müßte irgenden¬</Unicode>
                </TextEquiv>
            </TextLine>
            <TextLine id="tr_1_tl_2" custom="readingOrder {index:1;}">
                <Coords points="458,1204 527,1199 591,1238 689,1194 784,1220 1111,1188 1302,1210 1382,1184 1383,1106 1240,1152 1169,1114 826,1150 738,1114 632,1151 459,1115"/>
                <Baseline points="465,1179 489,1179 534,1179 579,1179 623,1179 668,1179 713,1182 758,1182 802,1182 847,1179 892,1179 937,1179 982,1179 1026,1179 1071,1179 1116,1176 1161,1176 1205,1173 1250,1173 1295,1173 1340,1170 1385,1170"/>
                <TextEquiv>
                    <Unicode>getragen wurde, und dass der¬</Unicode>
                </TextEquiv>
            </TextLine>
            <TextLine id="tr_1_tl_3" custom="readingOrder {index:2;}">
                <Coords points="480,1356 880,1328 1052,1364 1407,1310 1490,1334 1502,1270 1400,1238 1280,1279 1150,1258 1078,1287 975,1255 847,1292 483,1247"/>
                <Baseline points="489,1325 519,1331 564,1328 608,1331 653,1334 698,1334 743,1331 788,1331 832,1328 877,1328 922,1325 967,1322 1011,1322 1056,1322 1101,1319 1146,1316 1191,1316 1235,1313 1280,1313 1325,1310 1370,1310 1414,1310 1459,1316 1504,1319"/>
                <TextEquiv>
                    <Unicode>fründen mitgetragen werden.</Unicode>
                </TextEquiv>
            </TextLine>
            <TextLine id="tr_1_tl_4" custom="readingOrder {index:3;}">
                <Coords points="476,1503 554,1499 642,1555 773,1507 938,1547 1056,1485 1228,1528 1348,1495 1452,1525 1540,1503 1543,1424 1103,1449 923,1402 674,1467 477,1430"/>
                <Baseline points="483,1492 528,1495 573,1495 617,1498 662,1498 707,1501 752,1501 796,1501 841,1498 886,1492 931,1489 976,1486 1020,1483 1065,1480 1110,1480 1155,1477 1199,1477 1244,1471 1289,1468 1334,1468 1379,1468 1423,1474 1468,1477 1513,1483 1543,1492"/>
                <TextEquiv>
                    <Unicode>Verstehen teilich – ganz verstehe</Unicode>
                </TextEquiv>
            </TextLine>
            <TextLine id="tr_1_tl_5" custom="readingOrder {index:4;}">
                <Coords points="450,1638 693,1628 751,1660 836,1622 949,1657 1074,1616 1184,1653 1339,1595 1543,1640 1547,1539 1478,1511 1345,1556 1196,1508 733,1603 542,1551 454,1566"/>
                <Baseline points="459,1620 471,1623 516,1620 561,1623 605,1623 650,1626 695,1626 740,1623 785,1620 829,1617 874,1614 919,1611 964,1608 1008,1605 1053,1605 1098,1602 1143,1599 1188,1593 1232,1590 1277,1588 1322,1585 1367,1582 1411,1585 1456,1585 1501,1588 1546,1599"/>
                <TextEquiv>
                    <Unicode>Futüe ja auch it zu faarenhänge</Unicode>
                </TextEquiv>
            </TextLine>
            <TextLine id="tr_1_tl_6" custom="readingOrder {index:5;}">
                <Coords points="459,1768 556,1800 755,1759 810,1793 1257,1782 1451,1720 1528,1734 1530,1657 1493,1649 1244,1688 912,1646 616,1682 465,1640"/>
                <Baseline points="468,1734 501,1731 546,1731 591,1731 635,1734 680,1737 725,1740 770,1737 814,1737 859,1734 904,1731 949,1728 993,1725 1038,1725 1083,1722 1128,1719 1173,1716 1217,1713 1262,1710 1307,1704 1352,1704 1396,1707 1441,1707 1486,1710 1531,1713"/>
                <TextEquiv>
                    <Unicode>ist eigenen Lebens nicht, viel</Unicode>
                </TextEquiv>
            </TextLine>
            <TextLine id="tr_1_tl_7" custom="readingOrder {index:6;}">
                <Coords points="502,1884 672,1920 839,1855 1302,1880 1305,1800 1148,1767 983,1797 858,1781 734,1832 668,1812 582,1837 505,1798"/>
                <Baseline points="510,1853 546,1853 591,1856 635,1856 680,1856 725,1856 770,1853 814,1850 859,1847 904,1844 949,1841 993,1838 1038,1835 1083,1835 1128,1835 1173,1832 1217,1832 1262,1829 1307,1835"/>
                <TextEquiv>
                    <Unicode>reicher die der Andere.</Unicode>
                </TextEquiv>
            </TextLine>
            <TextLine id="tr_1_tl_8" custom="readingOrder {index:7;}">
                <Coords points="415,2035 1118,2008 1489,2058 1493,1914 1372,1939 1191,1908 1089,1951 780,1933 631,1976 539,1932 418,1940"/>
                <Baseline points="423,2011 465,2014 510,2014 555,2011 599,2011 644,2011 689,2008 734,2005 779,2002 823,2002 868,2002 913,1999 958,1996 1002,1993 1047,1987 1092,1987 1137,1985 1182,1982 1226,1982 1271,1982 1316,1982 1361,1982 1405,1985 1450,1985 1495,1987"/>
                <TextEquiv>
                    <Unicode>Könnten des nicht sich entschlichten</Unicode>
                </TextEquiv>
            </TextLine>
            <TextLine id="tr_1_tl_9" custom="readingOrder {index:8;}">
                <Coords points="425,2153 1261,2167 1437,2149 1441,2053 936,2082 668,2049 557,2094 428,2084"/>
                <Baseline points="432,2146 456,2146 501,2146 546,2143 591,2140 635,2140 680,2134 725,2131 770,2131 814,2128 859,2125 904,2122 949,2122 993,2119 1038,2116 1083,2110 1128,2110 1173,2107 1217,2107 1262,2104 1307,2107 1352,2107 1396,2116 1441,2122"/>
                <TextEquiv>
                    <Unicode>in der Ohicknachs dich einmal</Unicode>
                </TextEquiv>
            </TextLine>
            <TextLine id="tr_1_tl_10" custom="readingOrder {index:9;}">
                <Coords points="465,2307 609,2272 1187,2282 1338,2234 1467,2255 1468,2200 1387,2204 1332,2167 1130,2197 780,2157 470,2168"/>
                <Baseline points="474,2259 486,2262 531,2265 576,2265 620,2262 665,2259 710,2256 755,2256 799,2253 844,2253 889,2250 934,2247 979,2244 1023,2244 1068,2241 1113,2238 1158,2235 1202,2238 1247,2235 1292,2235 1337,2235 1382,2235 1426,2232 1471,2232"/>
                <TextEquiv>
                    <Unicode>für das Mitagessen und im</Unicode>
                </TextEquiv>
            </TextLine>
            <TextLine id="tr_1_tl_11" custom="readingOrder {index:10;}">
                <Coords points="459,2417 560,2386 854,2409 983,2364 1060,2404 1280,2351 1394,2388 1397,2304 1170,2296 1023,2332 978,2300 676,2298 624,2333 462,2344"/>
                <Baseline points="468,2379 504,2382 549,2379 594,2379 638,2376 683,2373 728,2370 773,2367 817,2364 862,2364 907,2361 952,2361 996,2361 1041,2358 1086,2358 1131,2358 1176,2355 1220,2352 1265,2352 1310,2352 1355,2352 1399,2355"/>
                <TextEquiv>
                    <Unicode>jas Nachmittagsstände</Unicode>
                </TextEquiv>
            </TextLine>
            <TextLine id="tr_1_tl_12" custom="readingOrder {index:11;}">
                <Coords points="529,2606 767,2606 1008,2522 1100,2545 1448,2511 1473,2448 1089,2468 776,2443 534,2502"/>
                <Baseline points="540,2528 579,2531 623,2531 668,2531 713,2531 758,2528 802,2525 847,2519 892,2519 937,2519 982,2519 1026,2519 1071,2516 1116,2516 1161,2516 1205,2513 1250,2513 1295,2510 1340,2507 1385,2504 1429,2504 1474,2501"/>
                <TextEquiv>
                    <Unicode>nach Radau zu kommen?</Unicode>
                </TextEquiv>
            </TextLine>
        </TextRegion>
        <TextRegion id="tr_2" custom="readingOrder {index:1;}">
            <Coords points="1764,961 2925,961 2925,2505 1764,2505"/>
            <TextLine id="tr_2_tl_1" custom="readingOrder {index:0;}">
                <Coords points="1756,1050 1986,1074 2069,1038 2177,1067 2475,1024 2562,1081 2654,1033 2848,1037 2850,936 2812,914 2426,983 2336,956 2005,979 1836,918 1759,942"/>
                <Baseline points="1764,1032 1779,1032 1823,1035 1868,1032 1913,1035 1958,1035 2002,1035 2047,1032 2092,1032 2137,1029 2182,1029 2226,1029 2271,1029 2316,1029 2361,1026 2405,1023 2450,1023 2495,1017 2540,1014 2584,1014 2629,1014 2674,1011 2719,1014 2764,1014 2808,1014 2853,1011"/>
                <TextEquiv>
                    <Unicode>Sie füssen etwa somittag über</Unicode>
                </TextEquiv>
            </TextLine>
            <TextLine id="tr_2_tl_2" custom="readingOrder {index:1;}">
                <Coords points="1834,1235 2171,1213 2238,1174 2545,1192 2710,1136 2820,1148 2824,1070 2628,1053 2194,1126 2102,1093 1970,1103 1842,1050"/>
                <Baseline points="1844,1173 1883,1167 1928,1170 1973,1170 2017,1170 2062,1173 2107,1176 2152,1167 2196,1167 2241,1167 2286,1161 2331,1161 2376,1155 2420,1155 2465,1149 2510,1146 2555,1146 2599,1143 2644,1140 2689,1137 2734,1134 2779,1137 2823,1137"/>
                <TextEquiv>
                    <Unicode>Gürtel geruhr bis Meine</Unicode>
                </TextEquiv>
            </TextLine>
            <TextLine id="tr_2_tl_3" custom="readingOrder {index:2;}">
                <Coords points="1852,1326 2458,1314 2509,1358 2886,1367 2903,1248 1852,1235"/>
                <Baseline points="1859,1295 1904,1295 1949,1298 1993,1298 2038,1298 2083,1301 2128,1301 2173,1304 2217,1301 2262,1304 2307,1301 2352,1295 2396,1295 2441,1295 2486,1295 2531,1295 2576,1292 2620,1292 2665,1289 2710,1292 2755,1292 2799,1292 2844,1295 2889,1298 2904,1298"/>
                <TextEquiv>
                    <Unicode>1 Eins 1¼ Münch / giengen</Unicode>
                </TextEquiv>
            </TextLine>
            <TextLine id="tr_2_tl_4" custom="readingOrder {index:3;}">
                <Coords points="1855,1463 2251,1436 2502,1512 2606,1464 2886,1451 2886,1382 2621,1409 2436,1363 2194,1404 2118,1367 1855,1383"/>
                <Baseline points="1862,1426 1907,1429 1952,1432 1996,1435 2041,1435 2086,1435 2131,1435 2176,1435 2220,1432 2265,1432 2310,1432 2355,1435 2399,1435 2444,1435 2489,1438 2534,1435 2579,1435 2623,1432 2668,1432 2713,1432 2758,1429 2802,1429 2847,1426 2889,1426"/>
                <TextEquiv>
                    <Unicode>überen Meiner Weg zu uns.</Unicode>
                </TextEquiv>
            </TextLine>
            <TextLine id="tr_2_tl_5" custom="readingOrder {index:4;}">
                <Coords points="1822,1595 2115,1618 2247,1587 2377,1643 2574,1590 2798,1603 2798,1528 2766,1512 2083,1540 1822,1506"/>
                <Baseline points="1829,1573 1874,1576 1919,1579 1964,1579 2008,1579 2053,1582 2098,1579 2143,1579 2187,1579 2232,1576 2277,1579 2322,1579 2367,1579 2411,1579 2456,1579 2501,1582 2546,1582 2590,1579 2635,1579 2680,1579 2725,1582 2770,1582 2802,1585"/>
                <TextEquiv>
                    <Unicode>und betreiben auf so viel</Unicode>
                </TextEquiv>
            </TextLine>
            <TextLine id="tr_2_tl_6" custom="readingOrder {index:5;}">
                <Coords points="1822,1783 1983,1753 2123,1794 2375,1798 2489,1752 2684,1807 2846,1781 2846,1694 2663,1656 2450,1686 2320,1646 2216,1701 1822,1666"/>
                <Baseline points="1829,1713 1874,1722 1919,1728 1964,1731 2008,1734 2053,1731 2098,1728 2143,1728 2187,1725 2232,1725 2277,1725 2322,1722 2367,1719 2411,1719 2456,1719 2501,1719 2546,1719 2590,1719 2635,1719 2680,1722 2725,1728 2770,1728 2814,1725 2850,1725"/>
                <TextEquiv>
                    <Unicode>Jahren das Haus wieder in</Unicode>
                </TextEquiv>
            </TextLine>
            <TextLine id="tr_2_tl_7" custom="readingOrder {index:6;}">
                <Coords points="1819,1880 1882,1871 2025,1939 2317,1869 2706,1932 2922,1884 2920,1825 2681,1838 2507,1764 2348,1826 2248,1803 1979,1845 1818,1794"/>
                <Baseline points="1826,1862 1871,1859 1916,1862 1961,1865 2005,1865 2050,1865 2095,1865 2140,1865 2185,1865 2229,1865 2274,1871 2319,1868 2364,1871 2408,1871 2453,1871 2498,1868 2543,1868 2587,1868 2632,1868 2677,1868 2722,1871 2767,1871 2811,1874 2856,1877 2901,1883 2925,1883"/>
                <TextEquiv>
                    <Unicode>den ich nun 20 Jahre wohin</Unicode>
                </TextEquiv>
            </TextLine>
            <TextLine id="tr_2_tl_8" custom="readingOrder {index:7;}">
                <Coords points="1820,2054 1951,2111 2181,2027 2300,2084 2516,2008 2757,2013 2760,1928 2585,1983 2350,1954 2128,1977 2008,1944 1825,1968"/>
                <Baseline points="1829,2017 1865,2023 1910,2026 1955,2026 1999,2023 2044,2020 2089,2017 2134,2017 2179,2014 2223,2014 2268,2020 2313,2017 2358,2014 2402,2011 2447,2008 2492,2005 2537,2002 2582,2002 2626,1999 2671,1993 2716,1990 2761,1985"/>
                <TextEquiv>
                    <Unicode>und um das ich – im St.</Unicode>
                </TextEquiv>
            </TextLine>
            <TextLine id="tr_2_tl_9" custom="readingOrder {index:8;}">
                <Coords points="1845,2206 2724,2215 2779,2197 2782,2127 2683,2101 2588,2130 2402,2108 2326,2137 2150,2105 2061,2141 1847,2128"/>
                <Baseline points="1853,2182 1889,2187 1934,2187 1979,2187 2023,2187 2068,2187 2113,2187 2158,2187 2202,2187 2247,2187 2292,2187 2337,2185 2382,2182 2426,2182 2471,2179 2516,2179 2561,2176 2605,2176 2650,2173 2695,2167 2740,2164 2784,2161"/>
                <TextEquiv>
                    <Unicode>niter Anhalt zu können.</Unicode>
                </TextEquiv>
            </TextLine>
            <TextLine id="tr_2_tl_10" custom="readingOrder {index:9;}">
                <Coords points="1836,2373 1948,2382 2064,2338 2201,2368 2348,2342 2773,2376 2793,2234 2166,2237 2021,2285 1925,2238 1841,2241"/>
                <Baseline points="1844,2358 1853,2355 1898,2346 1943,2340 1987,2340 2032,2340 2077,2337 2122,2337 2167,2337 2211,2337 2256,2331 2301,2331 2346,2328 2390,2328 2435,2325 2480,2322 2525,2319 2570,2313 2614,2310 2659,2313 2704,2319 2749,2325 2793,2331"/>
                <TextEquiv>
                    <Unicode>sicht einen harten Rangf</Unicode>
                </TextEquiv>
            </TextLine>
            <TextLine id="tr_2_tl_11" custom="readingOrder {index:10;}">
                <Coords points="1811,2533 1939,2549 2166,2493 2392,2531 2542,2480 2911,2490 2898,2434 2738,2441 2624,2391 2188,2461 2096,2416 1983,2438 1814,2404"/>
                <Baseline points="1820,2489 1838,2489 1883,2492 1928,2492 1973,2492 2017,2492 2062,2492 2107,2492 2152,2492 2196,2492 2241,2495 2286,2495 2331,2492 2376,2492 2420,2486 2465,2480 2510,2480 2555,2480 2599,2480 2644,2477 2689,2474 2734,2474 2779,2474 2823,2474 2868,2474 2913,2480"/>
                <TextEquiv>
                    <Unicode>längte, weil je eben im</Unicode>
                </TextEquiv>
            </TextLine>
        </TextRegion>
    </Page>
</PcGts>
