2255 3335
1605 597 1733 732 195
431 630 835 774 A.S. an H.v.H.
791 696 1675 864 27 Wien, 10.12.1910.
415 831 1764 959 Mein lieber Hugo, Sie haben offenbar einen Brief
433 920 1784 1056 vonmir nicht bekommen, den ich an Sie vor etwa 14
435 1019 1751 1141 Tagen, ich glaube an dem Tag wo Ihre Elektra bei
422 1121 1782 1213 mir erschien, an Sie geschrieben habe. Das wesent-
426 1187 1748 1328 lichste, was dieser Brief enthielt, war die Bitte
422 1269 1872 1395 Ihre Elektra an Antoine, resp. an Dr. Stephan Epstein,
427 1393 1863 1514 Paris, 78 Rue de la l'Assomption, Antoines Dramaturgen
431 1477 1761 1587 fürs Ausland, zu senden, dem ich neulich über das
435 1547 1813 1673 Stück kurz berichtet habe. Dass Berts Garlan beim
422 1667 1850 1773 zweiten Lesen so angenehm auf Sie wirkte, freut mich
427 1740 1859 1843 sehr-ich hab es seit dem Erscheinen nicht wieder ge-
426 1835 1832 1952 lesen wie ich es (wenn mich nicht äusserliche Gründe
416 1916 1852 2044 zu einer wiederholten Lektüre nötigen)mit allen mei-
426 2009 1890 2128 nen gedruckten Sachen halte. Daher weiss ich auch seit
427 2093 1859 2210 etwa 8 Jahren nichts mehr von „Sterben“-Es stammt aus
422 2202 1813 2299 der Zeit, wo mich der "Fall" mehr interessiert hat
418 2297 1846 2407 als die Menschen, und ich denke das meiste aus dieser
413 2381 1757 2489 Epoche muss wie luftlos wirken. Diese Sachen-ich
407 2467 1768 2590 hab es neulich wieder am" jour de gloire"erfahren,
