2271 3129
1594 546 1705 700 133
405 609 798 765 A.S. an H.v.H.
999 660 1128 776 96
1278 689 1478 820 (1908)
391 774 1861 888 Mein lieber Hugo, unter den jetzigen Witterungsverhält-
407 893 1874 990 nissen empfiehlt es sich jedenfalls, unsern Spaziergang
409 970 1843 1082 erst gegen Abend, etwa von 5-4 Uhr an zu machen und ir-
407 1036 1764 1183 gendwo draussen (Salmannsdorf, etc.) zu nachtmahlen.
413 1161 1786 1247 Richten Sie sichs also mit Gerty lieber so ein, dass
405 1245 1801 1351 Sie an dem betreffenden Tag nicht mehr nach Rodaun
411 1320 1841 1417 hinaus müssen. Unsere Gegend (worunter ich Pötzleins-
413 1412 1825 1531 dorf, Neuwaldegg, Weidling Bach etc., kurz alles zwi-
411 1489 1845 1619 schen der alten Tullner Reichsstrasse bis zur Donau
422 1562 1825 1674 verstehe) ist wirklich wundervoll, ich radle manchmal
431 1658 1806 1788 (zu selten) nur in den Wald zwischen Pötzleinsdorf
413 1751 1792 1869 und Neuwaldegg und bin immer wieder von neuem ent-
425 1836 1786 1964 zückt. Schade, dass man nirgends angenehme oder nur
411 1927 1786 2065 mögliche Hotels findet. Ich schlage Ihnen den Mitt-
416 2035 1733 2136 woch vor, an welchem Tag wir Sie mit Gerty um 5
416 2125 1784 2219 erwarten. Sind Sie aber schon Vormittag in Wien, so
413 2188 1837 2320 wäre es ausnehmend nett, wenn Sie bei uns schon speis-
431 2303 1808 2375 ten (gegen ½2) -wir ruhen uns dann in der Nachmittags
422 2356 1810 2472 hitze aus, und gehen fort, wanns uns beliebt. Viel liegen
