2227 3241
1904 404 2026 497 154
1744 589 1964 722 2011
531 608 1010 762 A.S. an H.v.H.
1127 613 1300 752 131
882 689 1874 828 Wien, 28.4.1914.
523 781 1992 937 Mein lieber Hugo, ich danke Ihnen sehr für Ihre Gra-
534 869 2002 1014 tulation zum Raimundpreis; und will Ihnen für alle
547 961 2060 1099 Fälle gleich sagen, dass Sie mir gewiss nicht zum Schat-
551 1070 2002 1212 ten geworden sind und es niemals werden können. Wenn
547 1157 2005 1306 unsere Beziehungen ein wenig loser geworden sind, oder
553 1253 2039 1390 besser gesagt, sich eben in einer loseren Epoche befin-
557 1351 2054 1477 den, so ist daran wohl mehr äusseres als inneres schuld,
553 1432 1996 1539 und dass Sie eher geneigt sind, nach mir zu rufen als
557 1543 1987 1654 ich nach Ihnen liegt wohl hauptsächlich daran, dass
557 1624 2030 1744 Sie oft "sowieso" nach Wien kommen, ich aber nie "sowie-
557 1708 2030 1842 so" nach Rodaun-ferner daran; dass wirz uns beide, wohl
553 1795 1925 1919 aus unserer Natur heraus, so und nicht anders einge-
559 1879 1766 2000 richtet haben. Und so käm ich jetzt wohl auch
557 1972 1714 2099 Semmering, wenn mir die Wetterverhältnisse
559 2064 1782 2197 Zeit oben nicht so unangenehm wären. Aendert
1849 2178 1962 2267 andern
551 2178 1812 2284 noch beträchtlich, so meld ich mich vielleicht.
559 2244 1761 2363 falls möcht ich Sie im Thal so bald es ange¬
564 2335 1494 2476 denn ich glaube. Sie haben das Bedüt¬
