2266 2999
1781 458 1942 543 G.F.P.
404 493 911 640 A.S. an H.v.H.
1694 523 1833 600 157
1001 499 1165 656 107
1104 598 1831 711 Wien, 31.12.1904.
777 620 1076 709 G.C.F.P.
454 699 1983 820 Lieber Hugo, ich habe Grunwald in Traumulus als probable¬
438 773 1952 888 matischen Corpsstudenten, in der Frau vom Meer als
434 866 1959 969 Lynstrand und dann im Geyer als... ich weiss nicht be¬
432 941 1997 1098 mehr was gesehen, und Brahm weiss, dass ich ich sehr schätz
438 1052 1977 1161 und noch allerlei Möglichkeiten in ihm zu spüren glaube.
438 1149 1924 1254 Er ist aber gewiss keine sehr xxxx reiche und keine
398 1224 1989 1361 sehr starke Natur und hat auch das Geheimnisvolle nicht.
434 1312 1892 1452 das manche haben, ohne stark und gross zu sein; er ist
426 1405 1987 1543 sehr scharf umrissen, aber es ist nicht viel Luft um ihn.
1856 1522 1987 1577 man?
424 1498 1957 1629 Nun scheint es mir aber für den Jaffier notwendig, dass
418 1599 1906 1714 in seiner Persönlichkeit den vergangenen Zauber ahnt
448 1710 1928 1833 und ich glaube, so etwas überzeugend herauszubringen ist
452 1767 1876 1898 Schauspielerisch ebenso schwer, ja an der Grenze des Männer
584 1864 1876 1995 wie dichterisch. Ihnen ist es nur dadurch (und
450 1963 1847 2082 (noch nicht ganz) gelungen, dass Sie zwei in ihrer Art
586 2059 1954 2169 ordentliche Menschen, den Pierre und die Belviders,
612 2142 1121 2249 essen Wesen Mut, die
1141 2148 1858 2267 andere, deren Wesen Hingeburt
