1930 3271
1467 644 1547 716 27
385 624 656 730 von H.v.H.
1125 710 1436 816 11.8.1893.
290 801 1594 880 Lieber Hugo, Ihr Feuilleton über Anunzio habe ich
272 871 1506 928 mit grossere Freude gelesen; es ist eine Ihrer
281 909 1651 995 schönsten, mit weiten Ausblicken.- Ist von dem Mann
295 962 1048 1016 was ins Deutsche übersetzt?
347 1000 1581 1066 Denken Sie, mir ist man endlich draufgekommen,
394 1050 1554 1097 ich auf die sexuellen Instinkte der Menge
394 1098 1617 1148 uliere und meine "oynischen" "plumpen" Sachen
275 1093 349 1150 spe
129 1129 213 1193 P.S.
383 1143 1672 1197 verletzender Absichtlichkeit schreibe - (offen-
274 1138 363 1191 mit
385 1186 1610 1247 um mittelst meiner Trivialität viel Geld zu
277 1188 365 1243 bar
540 1232 660 1288 G.C.F.P.
272 1229 517 1290 machen.)
1415 1232 1540 1288 G.C.F.P.
907 1236 1102 1290 G.C.F.P.P
272 1247 1540 1322 Der Ruhm dieser Entdeckung gebührt der Wiener
283 1318 1635 1376 abendpost, welche im übrigen zugleich Geschmack ge-
288 1345 1690 1426 ung hat, die Leichtbeschwingtheit Ihrer Verse zu
309 1408 1141 1463 oben. (Referent Bruno Walden.) -
306 1444 1687 1508 eine Absicht geht vorläufig dahin Ende nächster Wo-
299 1497 1560 1553 ehe ine Pusterthal zu reisen, und vielleicht von
268 1538 1662 1592 dort per Bic. nach Wien zurück. ( Salten ist bereits
267 1576 1705 1653 unten-- Paul Goldmann will im September nach Salzburg
292 1626 1574 1687 kommen; vielleicht lässt sich eine Zusammenkunft
292 1671 1635 1733 Ende August arrangieren? Wie sind Ihre Pläne?
290 1717 1597 1771 chreiben Sie doch was darüber. Arbeiten Sie was?
281 1765 1649 1825 Meine kleine Hovelle ist bis auf wenige Zeilen fer-
272 1805 1571 1862 tig. Das hab ich Ihnen schon geschrieben.- Jetzt
263 1848 1660 1912 schreib ich ab und zu ein paar Verse an dem "alle-
267 1889 1576 1952 gorischen" Gedicht; bedauere aber sehr nicht die
265 1935 1569 2000 ausreichende Befähigung dazu zu haben. - Den Muth
336 1978 1571 2041 was grösserem, das wird Sie nach alledem nicht
277 2028 1581 2079 wundern, hab ich noch nicht erlangt. - Unter vier A
345 2061 1544 2121 Volkstheater beginnt mit mir (wegen "Märche
318 2114 1365 2175 unterhandeln. Ich sage Ihnen - Zustände
352 2163 889 2218 es darüber mündlich.
925 2170 1009 2216 C.F.P
345 2204 1401 2299 Wie gehts dem Ägyptischen unanständigen
410 2250 973 2320 es nur ägyptisch wäre.
1433 2288 1497 2350 am
1325 2288 1411 2340 bel
401 2297 726 2372 orn!-Der Tod
1061 2250 1132 2350 Ihn
1236 2367 1467 2438 Ihnen Sie
1263 2422 1431 2492 Arthur
551 2393 982 2486 rgnügt?-Herzlich
771 2476 941 2549 fahren
572 2479 703 2556 3loye.
