2387 3239
1224 531 1396 663 106
1869 606 2001 718 154
729 614 1141 724 A.S. an H.v.H.
733 687 2130 803 gründet hält, und 2. dass Fischer nur meine Einwilligung
729 792 2091 904 abwartet, um den Prozess gegen Lindemanneinzulei-
735 875 2152 1007 ten. Diese Einwilligung werde ich ihm natürlich nicht
744 979 1005 1069 versagen.
739 1042 2091 1161 Worin ich Fischer Unrecht gebe, ist eigentlich nur,
735 1150 2086 1261 dass er nicht gleich zu Beginn der Verhandlungen -
729 1215 2082 1338 lange vor Aufführung des Stückes in Berlin - den
728 1317 2120 1411 Lindemannschen Antrag in seinem ganzen Umfang ( 5000
724 1409 2139 1501 Mark Garantie und Aufführung des Stücks in allen von
739 1503 2087 1588 L. angegebenen Städten) angenommen hat, obwohl ich
733 1591 2025 1689 ihm telegraphisch meine entschiedene Zustimmung
728 1654 2097 1775 kundgab, sondern dass er sich dann erst in Verhand-
739 1749 2216 1863 lungen über einzelne Städte einliess, die von der Tour-
728 1850 2133 1944 nee ausgeschlossen sein sollten. Aber "unvornehm" kann
735 1922 2203 2032 ich das auch nicht finden. -Was aber nun eine vorheri-
742 2023 2102 2126 ge Zahlung der Garantiesumme anlangt, so würde ich
752 2100 2132 2222 zu dieser Forderung in einem ähnlichen Fall meinen
752 2190 2089 2334 Vertreter neuerdings autorisieren; denn gerade die
733 2301 2132 2405 in dem Brief des FrlöDumont angeführten Daten be-
733 2374 2143 2495 weisen, wie gering, die finanzielle Sicherheit ist, die
