<?xml version="1.0" encoding="UTF-8" standalone="yes"?>
<PcGts xmlns="http://schema.primaresearch.org/PAGE/gts/pagecontent/2013-07-15" xmlns:xsi="http://www.w3.org/2001/XMLSchema-instance" xsi:schemaLocation="http://schema.primaresearch.org/PAGE/gts/pagecontent/2013-07-15 http://schema.primaresearch.org/PAGE/gts/pagecontent/2013-07-15/pagecontent.xsd">
    <Metadata>
        <Creator>prov=READ-COOP:name=TrHtr:version=2.1.0:model_id=51170:date=25_07_2023_14:43</Creator>
        <Created>2023-05-01T21:59:17.452+02:00</Created>
        <LastChange>2023-07-25T14:43:57.748+02:00</LastChange>
        <TranskribusMetadata docId="1416441" pageId="54946887" pageNr="9" tsid="130683638" status="IN_PROGRESS" userId="64420" imgUrl="https://files.transkribus.eu/Get?id=KKYHDCEBEACDNDCKKEMWIKJQ&amp;fileType=view" xmlUrl="https://files.transkribus.eu/Get?id=EEBCWASFWIGVGXZSMLBAONFH" imageId="44450972"/>
    </Metadata>
    <Page imageFilename="1416441_0009.jpg" imageWidth="2008" imageHeight="3033">
        <ReadingOrder>
            <OrderedGroup id="ro_1711830589093" caption="Regions reading order">
                <RegionRefIndexed index="0" regionRef="tr_1"/>
            </OrderedGroup>
        </ReadingOrder>
        <TextRegion id="tr_1" custom="readingOrder {index:0;}">
            <Coords points="347,711 1818,711 1818,1411 347,1411"/>
            <TextLine id="tr_1_tl_1" custom="readingOrder {index:0;}">
                <Coords points="377,779 480,775 529,801 582,785 737,786 775,810 818,810 862,786 864,715 763,718 700,695 676,711 616,691 557,717 487,695 379,700"/>
                <Baseline points="387,771 420,770 465,770 510,767 555,764 600,764 644,764 689,764 734,764 779,761 823,761 868,761"/>
                <TextEquiv>
                    <Unicode>A.S. an Hofmannthal</Unicode>
                </TextEquiv>
            </TextLine>
            <TextLine id="tr_1_tl_2" custom="readingOrder {index:1;}">
                <Coords points="1102,803 1132,797 1139,805 1154,805 1165,796 1172,803 1200,797 1222,808 1244,799 1255,807 1268,805 1268,735 1224,726 1209,733 1182,717 1163,728 1158,722 1150,728 1137,720 1128,720 1115,733 1099,726"/>
                <Baseline points="1110,791 1155,791 1200,794 1244,794 1274,797"/>
                <TextEquiv>
                    <Unicode>Ischl,</Unicode>
                </TextEquiv>
            </TextLine>
            <TextLine id="tr_1_tl_3" custom="readingOrder {index:2;}">
                <Coords points="1069,876 1400,873 1476,851 1529,865 1529,803 1461,796 1439,774 1363,807 1279,796 1200,812 1069,797"/>
                <Baseline points="1080,844 1125,847 1170,847 1214,850 1259,850 1304,850 1349,847 1394,844 1438,841 1483,844 1528,847 1534,844"/>
                <TextEquiv>
                    <Unicode>August 91.</Unicode>
                </TextEquiv>
            </TextLine>
            <TextLine id="tr_1_tl_4" custom="readingOrder {index:3;}">
                <Coords points="393,873 399,871 402,864 408,865 410,854 415,854 417,851 419,853 423,847 428,845 410,814 397,820 397,823 390,823 390,825 382,829 371,832"/>
                <Baseline points="394,853 423,883 450,883"/>
                <TextEquiv>
                    <Unicode>P.</Unicode>
                </TextEquiv>
            </TextLine>
            <TextLine id="tr_1_tl_5" custom="readingOrder {index:4;}">
                <Coords points="1694,897 1716,893 1727,897 1731,893 1738,899 1753,902 1797,899 1790,847 1775,847 1768,854 1757,849 1736,854 1735,858 1714,847 1709,854 1689,858"/>
                <Baseline points="1703,887 1749,895 1794,898 1800,904"/>
                <TextEquiv>
                    <Unicode>-</Unicode>
                </TextEquiv>
            </TextLine>
            <TextLine id="tr_1_tl_6" custom="readingOrder {index:5;}">
                <Coords points="366,959 1795,930 1591,865 368,880"/>
                <Baseline points="376,940 417,940 462,937 507,940 552,937 597,940 641,940 686,940 731,940 776,940 820,937 865,937 910,937 955,937 1000,934 1044,934 1089,934 1134,934 1179,934 1223,931 1268,931 1313,931 1358,931 1403,928 1447,928 1492,928 1537,928 1582,928 1626,928 1671,928 1716,925 1761,925 1800,904"/>
                <TextEquiv>
                    <Unicode>Lieber Loris, eben habe ich an Richard Beer-Hofmann</Unicode>
                </TextEquiv>
            </TextLine>
            <TextLine id="tr_1_tl_7" custom="readingOrder {index:6;}">
                <Coords points="375,994 1808,1001 1808,930 375,959"/>
                <Baseline points="385,988 423,985 468,982 513,982 558,982 603,982 647,982 692,982 737,982 782,979 826,979 871,979 916,976 961,976 1006,976 1050,976 1095,976 1140,976 1185,973 1229,973 1274,973 1319,973 1364,976 1409,973 1453,973 1498,973 1543,970 1588,970 1632,970 1677,970 1722,967 1767,967 1812,970"/>
                <TextEquiv>
                    <Unicode>geschrieben, er möge womöglich Sonntag 16.8. Vormittag</Unicode>
                </TextEquiv>
            </TextLine>
            <TextLine id="tr_1_tl_8" custom="readingOrder {index:7;}">
                <Coords points="380,1036 1696,1029 1713,976 380,996"/>
                <Baseline points="391,1029 414,1026 459,1026 504,1026 549,1026 594,1026 638,1023 683,1023 728,1023 773,1023 817,1023 862,1023 907,1020 952,1020 997,1020 1041,1020 1086,1020 1131,1020 1176,1017 1220,1017 1265,1017 1310,1017 1355,1017 1400,1014 1444,1017 1489,1014 1534,1014 1579,1011 1623,1011 1668,1011 1713,1014"/>
                <TextEquiv>
                    <Unicode>nach Ischl herüber kommen. Da ich schon am Sonntag</Unicode>
                </TextEquiv>
            </TextLine>
            <TextLine id="tr_1_tl_9" custom="readingOrder {index:8;}">
                <Coords points="371,1073 1786,1069 1788,1009 371,1035"/>
                <Baseline points="382,1071 403,1071 447,1071 492,1071 537,1068 582,1068 626,1071 671,1071 716,1071 761,1068 806,1068 850,1065 895,1065 940,1065 985,1065 1029,1065 1074,1065 1119,1062 1164,1062 1209,1059 1253,1059 1298,1062 1343,1059 1388,1059 1432,1059 1477,1059 1522,1059 1567,1056 1612,1056 1656,1056 1701,1053 1746,1053 1791,1053"/>
                <TextEquiv>
                    <Unicode>Ibend wieder nach Wien fahre, wäre es reizend von Ih-</Unicode>
                </TextEquiv>
            </TextLine>
            <TextLine id="tr_1_tl_10" custom="readingOrder {index:9;}">
                <Coords points="336,1125 1777,1128 1777,1064 336,1093"/>
                <Baseline points="347,1110 394,1116 438,1116 483,1116 528,1113 573,1113 617,1113 662,1113 707,1113 752,1110 797,1110 841,1110 886,1107 931,1107 976,1110 1020,1107 1065,1107 1110,1104 1155,1104 1200,1101 1244,1104 1289,1104 1334,1101 1379,1101 1423,1098 1468,1098 1513,1098 1558,1098 1603,1098 1647,1098 1692,1098 1737,1095 1779,1092"/>
                <TextEquiv>
                    <Unicode>nen auch schon Sonntag Vormittag nach Ischl zu sau-</Unicode>
                </TextEquiv>
            </TextLine>
            <TextLine id="tr_1_tl_11" custom="readingOrder {index:10;}">
                <Coords points="344,1163 1687,1154 1630,1101 344,1126"/>
                <Baseline points="353,1158 400,1161 444,1161 489,1161 534,1158 579,1158 623,1158 668,1155 713,1155 758,1155 803,1155 847,1155 892,1155 937,1152 982,1152 1026,1152 1071,1149 1116,1149 1161,1149 1206,1146 1250,1146 1295,1149 1340,1146 1385,1143 1429,1143 1474,1143 1519,1143 1564,1143 1609,1140 1653,1143 1692,1143"/>
                <TextEquiv>
                    <Unicode>sen (wo ich die Adresse Pension Leopold habe).</Unicode>
                </TextEquiv>
            </TextLine>
            <TextLine id="tr_1_tl_12" custom="readingOrder {index:11;}">
                <Coords points="336,1207 1777,1222 1815,1125 338,1161"/>
                <Baseline points="349,1188 394,1203 438,1203 483,1203 528,1203 573,1203 617,1203 662,1203 707,1203 752,1203 797,1200 841,1200 886,1200 931,1200 976,1197 1020,1197 1065,1197 1110,1197 1155,1194 1200,1194 1244,1194 1289,1194 1334,1191 1379,1191 1423,1188 1468,1185 1513,1185 1558,1185 1603,1188 1647,1185 1692,1188 1737,1185 1782,1185 1818,1188"/>
                <TextEquiv>
                    <Unicode>Mit herzlichem Gruss und in der angenehmen Erwartung</Unicode>
                </TextEquiv>
            </TextLine>
            <TextLine id="tr_1_tl_13" custom="readingOrder {index:12;}">
                <Coords points="342,1255 406,1270 432,1259 509,1283 584,1255 616,1268 676,1257 717,1283 737,1277 735,1213 660,1220 605,1209 564,1229 516,1211 478,1222 342,1205"/>
                <Baseline points="352,1235 397,1244 441,1247 486,1250 531,1247 576,1247 620,1247 665,1244 710,1244 737,1247"/>
                <TextEquiv>
                    <Unicode>Die zu sehen</Unicode>
                </TextEquiv>
            </TextLine>
            <TextLine id="tr_1_tl_14" custom="readingOrder {index:13;}">
                <Coords points="757,1294 775,1299 788,1312 803,1308 814,1297 818,1301 827,1295 842,1297 849,1305 860,1299 865,1303 888,1299 889,1250 805,1253 788,1246 759,1244"/>
                <Baseline points="767,1289 803,1286 847,1289 892,1283"/>
                <TextEquiv>
                    <Unicode>Ihr</Unicode>
                </TextEquiv>
            </TextLine>
            <TextLine id="tr_1_tl_15" custom="readingOrder {index:14;}">
                <Coords points="869,1358 913,1332 1014,1362 1057,1341 1137,1352 1150,1336 1182,1356 1204,1345 1233,1352 1229,1251 1180,1244 1161,1259 1110,1242 983,1255 950,1279 939,1272 865,1297"/>
                <Baseline points="877,1328 880,1328 925,1328 970,1328 1014,1328 1059,1325 1104,1328 1149,1328 1194,1331 1238,1340 1247,1385"/>
                <TextEquiv>
                    <Unicode>Arth.Sch.</Unicode>
                </TextEquiv>
            </TextLine>
            <TextLine id="tr_1_tl_16" custom="readingOrder {index:15;}">
                <Coords points="1262,1374 1270,1380 1286,1380 1294,1376 1299,1380 1323,1380 1329,1384 1356,1325 1349,1321 1341,1325 1340,1321 1330,1321 1321,1305 1321,1299 1312,1288 1306,1286"/>
                <Baseline points="1259,1401 1307,1373 1346,1358"/>
                <TextEquiv>
                    <Unicode>P.S.</Unicode>
                </TextEquiv>
            </TextLine>
        </TextRegion>
    </Page>
</PcGts>
