<?xml version="1.0" encoding="UTF-8" standalone="yes"?>
<PcGts xmlns="http://schema.primaresearch.org/PAGE/gts/pagecontent/2013-07-15" xmlns:xsi="http://www.w3.org/2001/XMLSchema-instance" xsi:schemaLocation="http://schema.primaresearch.org/PAGE/gts/pagecontent/2013-07-15 http://schema.primaresearch.org/PAGE/gts/pagecontent/2013-07-15/pagecontent.xsd">
    <Metadata>
        <Creator>prov=READ-COOP:name=TrHtr:version=2.1.0:model_id=51170:date=25_07_2023_14:46</Creator>
        <Created>2023-05-01T22:00:06.873+02:00</Created>
        <LastChange>2023-07-25T14:46:45.196+02:00</LastChange>
        <TranskribusMetadata docId="1416441" pageId="54948384" pageNr="428" tsid="130684854" status="IN_PROGRESS" userId="64420" imgUrl="https://files.transkribus.eu/Get?id=JKMFMQYFZJFWGQJLSHFMAABK&amp;fileType=view" xmlUrl="https://files.transkribus.eu/Get?id=PDZVKFXPZRDOUAANCCYDIIDJ" imageId="44452420"/>
    </Metadata>
    <Page imageFilename="1416441_0428.jpg" imageWidth="3524" imageHeight="3688">
        <ReadingOrder>
            <OrderedGroup id="ro_1711830905185" caption="Regions reading order">
                <RegionRefIndexed index="0" regionRef="tr_2"/>
                <RegionRefIndexed index="1" regionRef="tr_1"/>
            </OrderedGroup>
        </ReadingOrder>
        <TextRegion id="tr_2" custom="readingOrder {index:0;}">
            <Coords points="930,245 2563,245 2563,1683 930,1683"/>
            <TextLine id="tr_2_tl_1" custom="readingOrder {index:0;}">
                <Coords points="1038,324 1101,324 1160,301 1270,344 1311,324 1433,344 1471,315 1514,319 1516,187 1471,201 1329,181 1256,197 1215,187 1040,242"/>
                <Baseline points="1050,304 1074,304 1118,304 1163,304 1208,307 1253,304 1297,307 1342,304 1387,301 1432,301 1476,295 1521,298"/>
                <TextEquiv>
                    <Unicode>Prolog, ein Page</Unicode>
                </TextEquiv>
            </TextLine>
            <TextLine id="tr_2_tl_2" custom="readingOrder {index:1;}">
                <Coords points="934,411 1514,442 1882,389 2088,415 2190,389 2194,297 2043,285 1952,330 1754,260 1695,301 1249,358 1199,334 1158,368 936,332"/>
                <Baseline points="945,393 987,393 1032,393 1077,396 1121,396 1166,393 1211,396 1256,393 1300,390 1345,390 1390,390 1435,387 1479,384 1524,381 1569,378 1614,375 1659,375 1703,372 1748,369 1793,369 1838,369 1882,369 1927,369 1972,369 2017,364 2061,361 2106,361 2151,361 2196,361"/>
                <TextEquiv>
                    <Unicode>Das Stück The Kluger Herrn " hübsche Damen</Unicode>
                </TextEquiv>
            </TextLine>
            <TextLine id="tr_2_tl_3" custom="readingOrder {index:2;}">
                <Coords points="944,501 1337,486 1477,523 2051,543 2055,421 1929,405 1766,431 1722,391 1431,440 1197,411 1081,448 948,409"/>
                <Baseline points="957,477 984,477 1029,477 1074,477 1118,474 1163,474 1208,471 1253,471 1297,471 1342,468 1387,468 1432,462 1476,462 1521,459 1566,456 1611,456 1656,453 1700,453 1745,450 1790,453 1835,453 1879,453 1924,456 1969,456 2014,453 2058,453"/>
                <TextEquiv>
                    <Unicode>Dassie heure sond vor eine spielen wolle</Unicode>
                </TextEquiv>
            </TextLine>
            <TextLine id="tr_2_tl_4" custom="readingOrder {index:3;}">
                <Coords points="958,588 1011,588 1050,568 1215,606 1286,564 1335,582 1422,551 1451,558 1451,529 1349,523 1319,501 1294,519 1237,519 1156,472 1048,495 1024,480 961,505"/>
                <Baseline points="969,563 1008,560 1053,560 1098,560 1142,560 1187,563 1232,560 1277,557 1321,557 1366,554 1411,552 1456,552"/>
                <TextEquiv>
                    <Unicode>Hab ich geleren.</Unicode>
                </TextEquiv>
            </TextLine>
            <TextLine id="tr_2_tl_5" custom="readingOrder {index:4;}">
                <Coords points="930,682 1838,647 2000,678 2106,633 2230,651 2234,554 1768,517 1233,635 1136,580 1001,594 934,558"/>
                <Baseline points="942,665 984,656 1029,656 1074,656 1118,659 1163,656 1208,656 1253,656 1297,656 1342,653 1387,653 1432,650 1476,647 1521,644 1566,644 1611,641 1656,638 1700,635 1745,635 1790,635 1835,635 1879,635 1924,635 1969,635 2014,635 2058,635 2103,629 2148,626 2193,623 2237,635"/>
                <TextEquiv>
                    <Unicode>Mein Freund der Dichter hat mir selbst gegeben.</Unicode>
                </TextEquiv>
            </TextLine>
            <TextLine id="tr_2_tl_6" custom="readingOrder {index:5;}">
                <Coords points="950,751 2143,735 2182,729 2184,631 2011,672 1840,647 1327,700 952,670"/>
                <Baseline points="963,728 975,725 1020,728 1065,731 1109,734 1154,731 1199,734 1244,734 1289,731 1333,731 1378,728 1423,728 1468,728 1512,725 1557,722 1602,719 1647,716 1691,713 1736,710 1781,710 1826,710 1870,710 1915,710 1960,713 2005,713 2049,710 2094,710 2139,710 2184,710"/>
                <TextEquiv>
                    <Unicode>Ich soiex ein mal die gebose Treppe nieder</Unicode>
                </TextEquiv>
            </TextLine>
            <TextLine id="tr_2_tl_7" custom="readingOrder {index:6;}">
                <Coords points="938,828 1286,845 1630,802 1744,847 2131,788 2253,820 2255,724 2216,716 1624,739 1494,792 1343,731 1125,777 942,722"/>
                <Baseline points="951,808 960,805 1005,805 1050,805 1095,808 1139,808 1184,808 1229,808 1274,808 1318,808 1363,808 1408,805 1453,805 1497,805 1542,802 1587,799 1632,796 1676,793 1721,790 1766,787 1811,790 1855,787 1900,787 1945,784 1990,787 2034,787 2079,784 2124,784 2169,784 2213,784 2258,787"/>
                <TextEquiv>
                    <Unicode>In unsern Schloss. Da hängen alte Bilder</Unicode>
                </TextEquiv>
            </TextLine>
            <TextLine id="tr_2_tl_8" custom="readingOrder {index:7;}">
                <Coords points="934,916 1217,914 1451,963 1583,899 1652,948 1825,889 2135,889 2135,798 1742,847 1453,818 1249,863 1001,822 936,857"/>
                <Baseline points="945,904 975,901 1020,898 1065,898 1109,898 1154,895 1199,895 1244,898 1289,898 1333,898 1378,898 1423,898 1468,898 1512,898 1557,898 1602,898 1647,895 1691,895 1736,892 1781,889 1826,889 1870,886 1915,886 1960,880 2005,880 2049,877 2094,874 2139,874"/>
                <TextEquiv>
                    <Unicode>Mit schönen Wappen Kingenden Devisen¬</Unicode>
                </TextEquiv>
            </TextLine>
            <TextLine id="tr_2_tl_9" custom="readingOrder {index:8;}">
                <Coords points="920,1024 1258,1040 1315,999 1512,1046 1616,995 1734,1028 1809,987 1927,1015 2112,985 2112,893 2059,879 1654,942 1534,914 1451,963 1209,916 922,922"/>
                <Baseline points="930,990 954,990 999,987 1044,987 1089,987 1133,987 1178,990 1223,990 1268,987 1312,990 1357,987 1402,987 1447,987 1491,987 1536,984 1581,984 1626,981 1670,978 1715,975 1760,978 1805,978 1849,975 1894,978 1939,975 1984,975 2028,972 2073,975 2118,978"/>
                <TextEquiv>
                    <Unicode>Bei denen mir so viel Gedanken kommen</Unicode>
                </TextEquiv>
            </TextLine>
            <TextLine id="tr_2_tl_10" custom="readingOrder {index:9;}">
                <Coords points="940,1113 1693,1093 1787,1129 2070,1081 2151,1119 2218,1074 2298,1085 2300,979 1459,1060 1317,1005 1152,1054 1001,1007 940,1032"/>
                <Baseline points="951,1086 960,1086 1005,1083 1050,1086 1095,1089 1139,1092 1184,1092 1229,1095 1274,1092 1318,1092 1363,1089 1408,1089 1453,1092 1497,1092 1542,1092 1587,1092 1632,1089 1676,1086 1721,1083 1766,1086 1811,1086 1855,1083 1900,1083 1945,1083 1990,1080 2034,1080 2079,1077 2124,1074 2169,1071 2213,1068 2258,1068 2303,1068"/>
                <TextEquiv>
                    <Unicode>Und eine Frückenheit von Fremden Dingen</Unicode>
                </TextEquiv>
            </TextLine>
            <TextLine id="tr_2_tl_11" custom="readingOrder {index:10;}">
                <Coords points="924,1227 1626,1172 1716,1223 2232,1154 2560,1235 2562,1054 2149,1119 1941,1087 1809,1146 1705,1095 924,1121"/>
                <Baseline points="936,1169 951,1169 996,1166 1041,1166 1086,1166 1130,1169 1175,1169 1220,1169 1265,1169 1309,1166 1354,1166 1399,1169 1444,1169 1488,1169 1533,1172 1578,1169 1623,1166 1667,1166 1712,1166 1757,1166 1802,1166 1846,1166 1891,1166 1936,1163 1981,1163 2026,1160 2070,1157 2115,1154 2160,1154 2205,1151 2249,1151 2294,1151 2339,1151 2384,1151 2428,1151 2473,1154 2518,1154 2563,1160"/>
                <TextEquiv>
                    <Unicode>Dass mir zuweilen ist als muß als muss ich wieder.</Unicode>
                </TextEquiv>
            </TextLine>
            <TextLine id="tr_2_tl_12" custom="readingOrder {index:11;}">
                <Coords points="1079,1337 1170,1284 2371,1311 2371,1186 2236,1170 2179,1209 2104,1172 1893,1237 1770,1201 1659,1252 1567,1197 1427,1231 1241,1205 1188,1245 1079,1223"/>
                <Baseline points="1089,1283 1121,1277 1166,1277 1211,1277 1256,1277 1300,1277 1345,1280 1390,1280 1435,1283 1479,1286 1524,1286 1569,1286 1614,1289 1659,1289 1703,1289 1748,1289 1793,1289 1838,1289 1882,1286 1927,1286 1972,1286 2017,1286 2061,1283 2106,1286 2151,1286 2196,1283 2240,1280 2285,1277 2330,1274 2375,1271"/>
                <TextEquiv>
                    <Unicode>Da blieb ich stich'a bei der Infanten Bild</Unicode>
                </TextEquiv>
            </TextLine>
            <TextLine id="tr_2_tl_13" custom="readingOrder {index:12;}">
                <Coords points="1121,1347 1180,1341 1217,1378 1329,1341 1933,1370 2051,1347 2155,1376 2210,1351 2263,1378 2263,1306 2159,1333 1943,1284 1638,1331 1538,1290 1378,1317 1121,1288"/>
                <Baseline points="1133,1339 1178,1336 1223,1336 1268,1336 1312,1336 1357,1339 1402,1339 1447,1342 1491,1342 1536,1342 1581,1345 1626,1345 1670,1345 1715,1345 1760,1345 1805,1345 1849,1345 1894,1345 1939,1345 1984,1345 2028,1342 2073,1342 2118,1345 2163,1348 2208,1348 2252,1345 2267,1342"/>
                <TextEquiv>
                    <Unicode>Der frühverstorben in, das Anna Erken.</Unicode>
                </TextEquiv>
            </TextLine>
            <TextLine id="tr_2_tl_14" custom="readingOrder {index:13;}">
                <Coords points="1138,1402 1302,1427 1555,1404 1718,1447 1921,1414 1956,1443 2171,1429 2247,1410 2247,1376 2094,1347 1925,1384 1528,1339 1219,1378 1136,1347"/>
                <Baseline points="1148,1390 1193,1390 1238,1393 1283,1393 1327,1396 1372,1393 1417,1396 1462,1396 1506,1399 1551,1402 1596,1405 1641,1408 1685,1411 1730,1408 1775,1408 1820,1408 1864,1405 1909,1405 1954,1408 1999,1405 2043,1405 2088,1402 2133,1405 2178,1405 2222,1405 2252,1402"/>
                <TextEquiv>
                    <Unicode>Ich seh im ähnlich, tage sie darin</Unicode>
                </TextEquiv>
            </TextLine>
            <TextLine id="tr_2_tl_15" custom="readingOrder {index:14;}">
                <Coords points="1150,1459 1699,1457 2190,1522 2393,1490 2391,1398 2285,1396 2212,1447 1148,1398"/>
                <Baseline points="1160,1447 1205,1447 1250,1450 1294,1450 1339,1453 1384,1450 1429,1453 1474,1453 1518,1453 1563,1456 1608,1462 1653,1456 1697,1459 1742,1462 1787,1459 1832,1462 1876,1465 1921,1471 1966,1471 2011,1471 2055,1471 2100,1471 2145,1471 2190,1471 2234,1471 2279,1471 2324,1471 2369,1476 2398,1482"/>
                <TextEquiv>
                    <Unicode>Bleibt ich bei sein in Bilde immer stet in</Unicode>
                </TextEquiv>
            </TextLine>
            <TextLine id="tr_2_tl_16" custom="readingOrder {index:15;}">
                <Coords points="1119,1524 1174,1534 1217,1514 1266,1536 1317,1504 1355,1524 1486,1506 1526,1528 1563,1508 1602,1532 1667,1510 1791,1520 1791,1484 1734,1486 1697,1455 1443,1481 1376,1455 1203,1471 1119,1449"/>
                <Baseline points="1130,1515 1169,1509 1214,1506 1259,1509 1303,1503 1348,1503 1393,1503 1438,1500 1482,1500 1527,1500 1572,1503 1617,1500 1661,1500 1706,1500 1751,1503 1796,1506"/>
                <TextEquiv>
                    <Unicode>Und zilhe meine Dolch</Unicode>
                </TextEquiv>
            </TextLine>
            <TextLine id="tr_2_tl_17" custom="readingOrder {index:16;}">
                <Coords points="987,1616 1193,1579 2200,1583 2200,1524 2143,1498 2068,1538 1903,1502 1819,1536 1319,1504 989,1530"/>
                <Baseline points="999,1590 1041,1587 1086,1584 1130,1581 1175,1578 1220,1578 1265,1575 1309,1575 1354,1572 1399,1569 1444,1569 1488,1566 1533,1566 1578,1566 1623,1566 1667,1566 1712,1569 1757,1569 1802,1569 1846,1569 1891,1566 1936,1563 1981,1566 2026,1563 2070,1563 2115,1560 2160,1557 2205,1554"/>
                <TextEquiv>
                    <Unicode>Und bleibe vor ihm sehr und seh in an</Unicode>
                </TextEquiv>
            </TextLine>
            <TextLine id="tr_2_tl_18" custom="readingOrder {index:17;}">
                <Coords points="1034,1679 1164,1703 1557,1667 1652,1697 1748,1667 1864,1705 2094,1671 2094,1581 1693,1595 1634,1571 1441,1604 1193,1579 1034,1608"/>
                <Baseline points="1044,1670 1086,1670 1130,1673 1175,1670 1220,1670 1265,1667 1309,1667 1354,1667 1399,1664 1444,1661 1488,1661 1533,1664 1578,1667 1623,1670 1667,1667 1712,1667 1757,1664 1769,1664 1787,1664 1832,1667 1876,1667 1921,1664 1966,1664 2011,1664 2055,1661 2100,1659"/>
                <TextEquiv>
                    <Unicode>und lächte raurig: so ist er gemalt.</Unicode>
                </TextEquiv>
            </TextLine>
        </TextRegion>
        <TextRegion id="tr_1" custom="readingOrder {index:1;}">
            <Coords points="877,1853 2536,1853 2536,3513 877,3513"/>
            <TextLine id="tr_1_tl_1" custom="readingOrder {index:0;}">
                <Coords points="1040,1958 1215,1931 1296,1958 1368,1931 1512,1978 1927,1978 1950,1856 1858,1827 1762,1868 1713,1846 1510,1864 1481,1840 1427,1866 1325,1836 1042,1854"/>
                <Baseline points="1053,1903 1098,1909 1142,1912 1187,1912 1232,1912 1277,1915 1321,1915 1366,1912 1411,1912 1456,1912 1500,1912 1545,1915 1590,1915 1635,1912 1679,1915 1724,1915 1769,1912 1814,1906 1858,1906 1903,1906 1948,1909 1954,1909"/>
                <TextEquiv>
                    <Unicode>frühverstorben traurige Eufant¬</Unicode>
                </TextEquiv>
            </TextLine>
            <TextLine id="tr_1_tl_2" custom="readingOrder {index:1;}">
                <Coords points="902,2045 1284,2025 1486,2086 1768,2035 2346,2051 2371,1935 1473,2002 1040,1962 956,1911 902,1939"/>
                <Baseline points="913,1996 957,1999 1002,2005 1047,2011 1092,2014 1136,2014 1181,2017 1226,2020 1271,2023 1315,2023 1360,2023 1405,2026 1450,2026 1494,2028 1539,2028 1584,2028 1629,2028 1673,2028 1718,2026 1763,2023 1808,2020 1852,2020 1897,2020 1942,2020 1987,2017 2031,2014 2076,2014 2121,2014 2166,2011 2211,2011 2255,2008 2300,2011 2345,2011 2375,2014"/>
                <TextEquiv>
                    <Unicode>Da schreck ich auf von einem leichsen Schritt</Unicode>
                </TextEquiv>
            </TextLine>
            <TextLine id="tr_1_tl_3" custom="readingOrder {index:2;}">
                <Coords points="914,2108 1091,2159 1203,2116 1477,2114 1738,2182 1878,2127 2108,2186 2241,2147 2241,2098 2041,2043 1858,2074 1770,2035 1728,2072 1484,2084 1256,2029 912,2039"/>
                <Baseline points="922,2088 966,2094 1011,2094 1056,2100 1101,2100 1145,2103 1190,2106 1235,2106 1280,2106 1324,2109 1369,2112 1414,2112 1459,2115 1503,2115 1548,2115 1593,2118 1638,2121 1682,2121 1727,2124 1772,2124 1817,2124 1861,2124 1906,2124 1951,2124 1996,2124 2040,2121 2085,2124 2130,2124 2175,2127 2219,2136 2246,2136"/>
                <TextEquiv>
                    <Unicode>Und aus der Ecke Fils mein Freund der Dichter</Unicode>
                </TextEquiv>
            </TextLine>
            <TextLine id="tr_1_tl_4" custom="readingOrder {index:3;}">
                <Coords points="1245,2175 1276,2182 1292,2173 1313,2188 1372,2179 1394,2196 1445,2182 1486,2200 1549,2186 1549,2139 1510,2131 1488,2112 1453,2129 1422,2125 1406,2137 1384,2120 1341,2129 1294,2110 1245,2125"/>
                <Baseline points="1256,2169 1300,2169 1345,2172 1390,2172 1435,2169 1479,2172 1524,2172 1551,2172"/>
                <TextEquiv>
                    <Unicode>laihtigt laye</Unicode>
                </TextEquiv>
            </TextLine>
            <TextLine id="tr_1_tl_5" custom="readingOrder {index:4;}">
                <Coords points="916,2224 1280,2218 1652,2271 1905,2222 2167,2283 2165,2167 2049,2196 1805,2149 1756,2188 1683,2151 1488,2198 914,2114"/>
                <Baseline points="927,2202 972,2199 1017,2202 1062,2202 1106,2205 1151,2205 1196,2205 1241,2211 1286,2211 1330,2213 1375,2213 1420,2213 1465,2211 1509,2213 1554,2213 1599,2213 1644,2216 1688,2219 1733,2219 1778,2219 1823,2219 1867,2219 1912,2219 1957,2222 2002,2219 2046,2222 2091,2225 2136,2228 2169,2231"/>
                <TextEquiv>
                    <Unicode>Und sieht xxx and sapt dan leid:</Unicode>
                </TextEquiv>
            </TextLine>
            <TextLine id="tr_1_tl_6" custom="readingOrder {index:5;}">
                <Coords points="922,2344 1646,2336 1746,2387 2007,2322 2385,2336 2385,2265 2285,2236 2090,2289 1752,2241 1190,2281 922,2226"/>
                <Baseline points="933,2297 978,2300 1023,2306 1068,2309 1112,2312 1157,2315 1202,2315 1247,2318 1291,2321 1336,2324 1381,2324 1426,2324 1471,2324 1515,2324 1560,2324 1605,2327 1650,2327 1694,2327 1739,2327 1784,2324 1829,2324 1873,2324 1918,2324 1963,2324 2008,2321 2052,2321 2097,2321 2142,2321 2187,2318 2231,2318 2276,2318 2321,2318 2366,2321 2390,2321"/>
                <TextEquiv>
                    <Unicode>Schauspieler deiner Selbstgeschaff'nen Traume</Unicode>
                </TextEquiv>
            </TextLine>
            <TextLine id="tr_1_tl_7" custom="readingOrder {index:6;}">
                <Coords points="930,2428 1121,2416 1264,2466 1319,2424 1713,2460 1766,2424 1897,2483 2263,2426 2532,2442 2530,2393 2289,2365 1801,2348 1732,2401 1416,2330 1211,2387 1148,2344 928,2352"/>
                <Baseline points="939,2398 984,2401 1029,2401 1074,2404 1118,2407 1163,2410 1208,2410 1253,2410 1297,2413 1342,2416 1387,2419 1432,2419 1476,2422 1521,2422 1566,2422 1611,2422 1656,2419 1700,2419 1745,2419 1790,2419 1835,2419 1879,2419 1924,2419 1969,2419 2014,2419 2058,2419 2103,2419 2148,2419 2193,2419 2237,2416 2282,2416 2327,2416 2372,2416 2416,2419 2461,2422 2506,2422 2536,2422"/>
                <TextEquiv>
                    <Unicode>Ich weiss mein Freund dass sie dich ligner nenne</Unicode>
                </TextEquiv>
            </TextLine>
            <TextLine id="tr_1_tl_8" custom="readingOrder {index:7;}">
                <Coords points="934,2521 2090,2550 2363,2611 2357,2440 2304,2430 2059,2493 1950,2448 1846,2489 1663,2444 1540,2499 1182,2440 932,2452"/>
                <Baseline points="945,2512 990,2509 1035,2512 1080,2512 1124,2515 1169,2515 1214,2518 1259,2521 1303,2524 1348,2527 1393,2533 1438,2533 1482,2536 1527,2536 1572,2533 1617,2533 1661,2533 1706,2530 1751,2530 1796,2533 1841,2533 1885,2536 1930,2539 1975,2542 2020,2545 2064,2545 2109,2545 2154,2548 2199,2548 2243,2551 2288,2557 2333,2560 2366,2566"/>
                <TextEquiv>
                    <Unicode>Und dich veratten, die dich nicht verstehen</Unicode>
                </TextEquiv>
            </TextLine>
            <TextLine id="tr_1_tl_9" custom="readingOrder {index:8;}">
                <Coords points="936,2615 1323,2625 1467,2684 1744,2643 2019,2711 2110,2664 2336,2666 2279,2593 1888,2578 1815,2538 1695,2586 1502,2548 1207,2580 932,2515"/>
                <Baseline points="945,2595 990,2595 1035,2595 1080,2601 1124,2604 1169,2610 1214,2613 1259,2619 1303,2622 1348,2625 1393,2628 1438,2631 1482,2634 1527,2634 1572,2634 1617,2637 1661,2637 1706,2634 1751,2637 1796,2640 1841,2643 1885,2643 1930,2646 1975,2646 2020,2649 2064,2652 2109,2652 2154,2652 2199,2652 2243,2655 2288,2658 2333,2661 2339,2661"/>
                <TextEquiv>
                    <Unicode>Doch ich versteh dich ob mein Zwillingsbruder</Unicode>
                </TextEquiv>
            </TextLine>
            <TextLine id="tr_1_tl_10" custom="readingOrder {index:9;}">
                <Coords points="926,2733 987,2707 1300,2768 1451,2751 1536,2812 1622,2782 1665,2806 1738,2741 1950,2804 2120,2784 2114,2672 2035,2709 1842,2688 1746,2723 1573,2672 922,2627"/>
                <Baseline points="936,2703 981,2703 1026,2703 1071,2709 1115,2712 1160,2715 1205,2718 1250,2721 1294,2724 1339,2727 1384,2730 1429,2736 1474,2739 1518,2739 1563,2739 1608,2739 1653,2739 1697,2739 1742,2739 1787,2742 1832,2745 1876,2745 1921,2748 1966,2751 2011,2751 2055,2751 2100,2757 2124,2760"/>
                <TextEquiv>
                    <Unicode>Und altsam lächelnd gieng er luse fort.</Unicode>
                </TextEquiv>
            </TextLine>
            <TextLine id="tr_1_tl_11" custom="readingOrder {index:10;}">
                <Coords points="950,2863 1164,2821 1418,2867 2226,2857 2224,2784 1956,2806 1762,2753 1545,2814 1427,2757 946,2719"/>
                <Baseline points="960,2801 1005,2801 1050,2804 1095,2807 1139,2810 1184,2813 1229,2813 1274,2819 1318,2822 1363,2828 1408,2834 1453,2837 1497,2837 1542,2837 1587,2837 1632,2834 1676,2834 1721,2834 1766,2837 1811,2837 1855,2837 1900,2834 1945,2837 1990,2834 2034,2837 2079,2840 2124,2837 2169,2840 2213,2843 2231,2843"/>
                <TextEquiv>
                    <Unicode>Und später hat er mir die Stückgenherkt.</Unicode>
                </TextEquiv>
            </TextLine>
            <TextLine id="tr_1_tl_12" custom="readingOrder {index:11;}">
                <Coords points="865,2955 1188,2951 1258,3004 2385,2973 2383,2894 1876,2902 1683,2855 1518,2906 1074,2831 863,2861"/>
                <Baseline points="877,2930 922,2930 966,2924 1011,2924 1056,2924 1101,2927 1145,2930 1190,2933 1235,2933 1280,2939 1324,2942 1369,2945 1414,2948 1459,2953 1503,2948 1548,2948 1593,2948 1638,2942 1682,2942 1727,2945 1772,2948 1817,2950 1861,2950 1906,2948 1951,2948 1996,2950 2040,2953 2085,2953 2130,2953 2175,2956 2219,2956 2264,2956 2309,2950 2354,2950 2390,2950"/>
                <TextEquiv>
                    <Unicode>Mir hatt gefallen. Zwar d'innen nicht so tübsel</Unicode>
                </TextEquiv>
            </TextLine>
            <TextLine id="tr_1_tl_13" custom="readingOrder {index:12;}">
                <Coords points="952,3050 1182,3101 1300,3063 2175,3089 2293,3061 2293,3012 1937,2951 1573,3046 1392,2981 1243,3018 1148,2963 1046,2987 950,2951"/>
                <Baseline points="963,3034 1008,3034 1053,3034 1098,3037 1142,3040 1187,3043 1232,3046 1277,3049 1321,3052 1366,3052 1411,3058 1456,3061 1500,3061 1545,3064 1590,3064 1635,3061 1679,3061 1724,3064 1769,3061 1814,3064 1858,3061 1903,3061 1948,3058 1993,3058 2037,3061 2082,3061 2127,3064 2172,3064 2216,3061 2261,3061 2297,3055"/>
                <TextEquiv>
                    <Unicode>Wie hübsche Frauen, wie ein Kind das Cacht</Unicode>
                </TextEquiv>
            </TextLine>
            <TextLine id="tr_1_tl_14" custom="readingOrder {index:13;}">
                <Coords points="971,3156 1024,3146 1150,3219 1302,3166 1441,3213 1724,3189 1858,3248 1913,3205 2147,3205 2145,3122 1990,3073 1718,3118 1512,3077 1302,3112 1223,3083 1113,3103 967,3044"/>
                <Baseline points="981,3147 1026,3144 1071,3144 1115,3147 1160,3153 1205,3150 1250,3150 1294,3150 1339,3153 1384,3153 1429,3156 1474,3153 1518,3156 1563,3156 1608,3159 1653,3162 1697,3162 1742,3165 1787,3168 1832,3171 1876,3171 1921,3174 1966,3174 2011,3174 2055,3177 2100,3177 2145,3180 2151,3180"/>
                <TextEquiv>
                    <Unicode>Wie gracisse goldverzierte Gondeln</Unicode>
                </TextEquiv>
            </TextLine>
            <TextLine id="tr_1_tl_15" custom="readingOrder {index:14;}">
                <Coords points="977,3252 1734,3323 1848,3284 2190,3295 2354,3344 2330,3207 2025,3195 1858,3248 1614,3185 1160,3225 975,3152"/>
                <Baseline points="987,3240 1032,3243 1077,3246 1121,3252 1166,3252 1211,3255 1256,3255 1300,3258 1345,3258 1390,3258 1435,3258 1479,3261 1524,3264 1569,3264 1614,3261 1659,3264 1703,3264 1748,3270 1793,3270 1838,3270 1882,3273 1927,3276 1972,3279 2017,3279 2061,3282 2106,3282 2151,3282 2196,3282 2240,3285 2285,3285 2330,3282 2357,3285"/>
                <TextEquiv>
                    <Unicode>Wie Lieder die das Volk im Sommer tüglich</Unicode>
                </TextEquiv>
            </TextLine>
            <TextLine id="tr_1_tl_16" custom="readingOrder {index:15;}">
                <Coords points="999,3388 1284,3435 1522,3380 1793,3437 2165,3435 2161,3315 2076,3295 1681,3280 1453,3335 1374,3293 1262,3319 1070,3264 997,3280"/>
                <Baseline points="1011,3374 1056,3371 1101,3377 1145,3380 1190,3380 1235,3383 1280,3386 1324,3383 1369,3383 1414,3383 1459,3380 1503,3380 1548,3380 1593,3383 1638,3380 1682,3380 1727,3383 1772,3386 1817,3389 1861,3389 1906,3395 1951,3398 1996,3401 2040,3404 2085,3407 2130,3410 2169,3407"/>
                <TextEquiv>
                    <Unicode>Und wie Janu in einer Delfter Vare</Unicode>
                </TextEquiv>
            </TextLine>
            <TextLine id="tr_1_tl_17" custom="readingOrder {index:16;}">
                <Coords points="1026,3547 1158,3521 1587,3563 1768,3498 2007,3557 2125,3525 2259,3561 2255,3423 1864,3441 1528,3384 1284,3435 1148,3392 1024,3441"/>
                <Baseline points="1035,3464 1080,3473 1124,3476 1169,3482 1214,3485 1259,3488 1303,3488 1348,3482 1393,3482 1438,3482 1482,3482 1527,3485 1572,3482 1617,3485 1661,3488 1706,3488 1751,3494 1796,3494 1841,3497 1885,3500 1930,3500 1975,3503 2020,3503 2064,3503 2109,3503 2154,3503 2199,3500 2243,3500 2261,3500"/>
                <TextEquiv>
                    <Unicode>och wir gefällt es weils àl ulich ist wie ich</Unicode>
                </TextEquiv>
            </TextLine>
        </TextRegion>
    </Page>
</PcGts>
