3502 3594
1096 916 2028 1045 Werk herzustellen, das sich in
1081 1048 2187 1204 unvergleichlicher Meise in Gleichzweicht
1116 1146 2188 1375 hält, welttich und tief, Untermäßung
1110 1284 2086 1433 und philosophisch, amusant und
1126 1409 2066 1558 kleutend ist. Ich kann mich
1099 1532 2146 1697 schn. es auch noch auf die Büsse
1076 1670 2019 1842 zu sehen – doch hab ich d
1083 1806 2133 1974 auf die inneren Wissen tadellos
1115 1938 2195 2121 besitze und sehr schön mir aufgeführt.
1058 2104 2066 2251 Künnen die willigst dacustag für
1092 2204 2147 2349 Generalprok der Trauerfeier? W.
1075 2339 2173 2440 mör mis sehr lieb. Ich faße dann
1035 2378 2112 2539 noch für in gaar Tage nach Grätz
1093 2492 2197 2637 zu leichen auslegt) dann bin ich ganz
1039 2574 2180 2709 sie uns lehr Euch die Spielopfte bei ihm, ja
1891 2651 2140 2739 Mgv
