2191 3288
1841 578 1942 692 M
486 632 983 777 A.S. an H.v.H.
1228 616 1405 748 G.F.P.
1013 623 1158 766 137
997 708 1866 838 Wien, 11. MärzI926.
840 753 954 842 G.F.P.
486 815 1821 939 Lieber Hugo, vom Verlag Reiss weiss ich nur, dass
493 892 1898 1033 dort einige sehr gute und etliche bedeutende Bücher
495 988 1925 1104 herausgekommen sind, (was alle Leute wissen) in
495 1084 1945 1216 Hinsicht aufs xxxx unnschliche und geschäftli-
500 1163 1902 1306 che bin ich absolut nicht informiert - bin mir also
500 1235 1931 1402 gar nicht klar, wie ich solch eine Bescheinigung ab-
500 1349 1922 1483 zufassen hätte, dass sie für den Verlag nimm nur ei-
495 1438 1897 1534 nigemassen nutzbringend sich erweisen könnte. Vorum
499 1541 1942 1651 handelt es sich denn eigentlichuf Um Sanierung? Um
508 1608 1938 1736 Verkauf?-Mir ist der Sinn des Artikels nicht evident.
500 1700 1868 1832 Genügt meine Erklärung, dass ich den Zusammenbruch
506 1797 1878 1933 eines Verlags bedauern würde, in dem viel vortreff-
500 1873 1878 2016 liches erschienen ist, so steh ich gern zur Verfügung
497 1985 1868 2112 Ich lege für alle Fälle gleich ein Blatt bei, viel-
500 2097 1010 2200 leicht genügt es.
497 2139 1841 2296 Sonderbar, dass ich gerade gestern, mit Andacht, fas
500 2251 1819 2373 könnt ich sagen, und jedesfalls mit tiefster Beweis
504 2334 1788 2466 gung eine ganze Anzahl Ihrer Gedichte wiedergel
509 2429 1700 2556 und empfunden habe, wie unerhört neu die Mel
