2250 3336
1605 708 1711 781 134
504 703 940 800 A.S. an H.v.H.
957 692 1142 799 96
507 773 1753 953 in der Zeit, in der man sich nicht gesehen hat,
507 919 1806 1043 Sizilien und Holland- was mir beinahe noch wich-
510 991 1759 1137 tiger scheint als der kleine Kraus der Sie zu
504 1090 1725 1236 früh und der grosse Graus, der Sie zu spät ge-
510 1171 833 1278 packt hat.-
496 1243 1413 1413 Auf Wiedersehen. Antwort erbeten.
497 1359 797 1494 Herzlichst
878 1466 1071 1578 Ihr A.
