2135 2649
1469 37 1775 205 a
728 55 835 188 be
1354 139 1447 200 Deine
1556 140 1678 236 Von
656 214 781 275 de la foisse
1666 290 1783 358 G.C.P.
1164 323 1219 397 G.H.
1430 351 1533 430 G.F.P
1670 345 1809 482 36
1264 399 1415 473 G.H.F.P
933 399 1029 490 P.S.
1162 423 1256 484 G.C.P.
427 423 872 536 A.S. an H.v.H.
968 475 1086 562 35
887 484 990 606 F
1341 482 1615 580 26.11.95.
732 523 815 591 P.P.
1060 528 1574 613 Kastenbad, 10.6.50
416 573 1866 663 Lieber Hugo, eben habe ich den Kaufmannssohn gelesen.
418 626 1775 697 Folgendes find ich: die Geschichte hat nichts von
419 672 1842 757 der Wärme und dem Glanz eines Märchens, wohl aber in
418 722 1840 789 wunderbarer Weise das fahle Licht des Traums, dessen
410 770 1892 818 rätselhafte wie verwischte Uebergänge und das eigene
419 802 1844 874 Gemisch von Deutlichkeit der geringen und Blässe der
416 842 1864 926 besonderen Dinge, das eben dem Traum zukommt. Sobald
410 896 1890 981 ich mir die Erlebnisse des Kaufmannssohnes als Traum
410 942 1812 1001 vorstelle, werden sie mir höchst ergreifend; denn es
410 987 1838 1038 gibt solche Träume, sie sind eigentlich auch Schick-
403 1031 1868 1096 male, und man könnte verstehen, dass sich Menschen, die
412 1081 1785 1144 von solchen Träumen geplagt werden, aus Verzweiflung
406 1114 1884 1179 umbringen. Auch ist nicht zu vergessen: die Empfindun-
412 1164 1875 1234 gen des Kaufmannssohnes sind wie im Traum geschildert;
164 1173 301 1273 Pour Votre
397 1208 1763 1271 die unsägliche Unheimlichkeit, die irgend ein Weg,
292 1273 342 1371 G.C.F.P.
397 1242 1836 1304 ein Kindergesicht, eine Tür annehmen kann, wenn man sie
235 1267 342 1404 G.C.P.
403 1291 1838 1356 träumt, finden kaum im wachen Leben ein Analogon. Ihre
406 1325 1757 1387 tiefere Bedeutung verliert die Geschichte durchaus
397 1382 1787 1430 nicht, wenn der Kaufmannssohn aus ihr erwacht statt
286 1423 368 1545 G.C.F.P.
395 1415 1842 1496 an ihr zu sterben; ich würde ihn sogar mehr beklagen;
397 1463 1799 1533 denn das tödtliche fühlen wir besser als den
397 1509 1777 1574 Tod.-Ich will mit alldem nicht sagen, dass mir nicht
181 1528 286 1641 G.C.H.P.
395 1554 1761 1611 auch ein Märchen deselben Inhalts, ganz desselben
381 1598 1766 1654 recht wäre; aber Sie haben die Geschichte bestimmt
386 1641 1755 1696 als Traum erzählt; - erinnere ich mich jetzt zurück
388 1690 1772 1744 so sehe ich den Kaufmannssohn im Bett stöhnend sich
1670 1737 1761 1785 et le
395 1729 1373 1777 wälzen, und er tut mir sehr leid.-
706 1742 1493 1829 auch alles zum Vorzug gewandel
1631 1775 1781 1827 sons
1070 1811 1391 1875 Altsame Trock
794 1811 959 1873 e: ein
1546 1818 1655 1873 t. etc.
1216 1855 1315 1910 die
