2057 3176
515 549 876 656 A.S. an H.v.H.
1671 608 1751 687 46
976 599 1093 704 142
499 706 1787 800 zweiten und in den letzten Tagen am dritten Akt
506 763 1795 845 gearbeitet habe, gelungen ist; in ein paar Tagen
503 800 1819 890 les ich die ganze Sache dem Paul und dem Richard
492 849 1876 959 wieder vor. So wie ichs haben will, bring iche doch
497 886 1103 959 wohl nie zusammen.—
492 935 1785 1021 Richard hat mir von Ihrer Hovelle erzählt; auch
492 978 1781 1072 dass er Ihnen geraten, sie drucken zu lassen. So
484 1016 1787 1127 lange muss ich wohl warten bis ich sie zu lesen
487 1065 1497 1143 bekomme. Wohin werden Sie sie geben? -
484 1114 1868 1219 Meine Reise ist im ganzen sehr schön gewesen; viel-
479 1155 1766 1244 leicht nur ist die Zeit etwas zu kurz gewesen,
475 1205 1763 1282 um so viel in sich aufzunehmen. Auf der See hab
479 1248 1747 1324 ich merkwürdig viel Kopfschmerzen gehabt. Von
468 1282 1843 1382 Städten hat mir Gothenburg den stärksten Eindruck
475 1336 1814 1432 gemacht; wahrscheinlich weil ich dort ganz allein
480 1387 1678 1461 (auch nicht mit zufälligen Bekannten von der
468 1413 1781 1501 Reise) herumgegangen bin und am tiefsten gespürt
456 1465 929 1528 habe: Wie fremd
948 1489 1742 1547 wie fern - und dann weil ich
456 1510 1735 1594 nur ein paar Stunden dort gewesen bin und bei
468 1565 1785 1670 jedem Haus, jedem Menschen wusste - dich seh ich
456 1601 929 1670 zum letzten Mal.
458 1642 1821 1738 - In Christiania hab ich Ibsen gesprochen, der mehr
456 1687 1738 1766 zuhörte als redete, aber sehr liebenswürdig war;
456 1744 1799 1826 in Kopenhagen sind wir (Richard und ich) mit Nam-
454 1781 1694 1880 sen beim Frühstück gesessen, den wir wohl noch
453 1826 831 1888 sehen werden..
497 1868 1787 1931 Bis zum 20. treffen mich Nachrichten hier, Bade-
441 1907 1738 2014 hotel. Es möcht mich freuen, noch zwei Worte von
454 1959 861 2022 ihnen zu hören.
434 2000 1682 2095 Leben Sie wohl! Mit vielen herzlichen Grüssen
1038 2055 1124 2124 Ihr
1112 2084 1382 2184 Arth. Sch.
434 2138 1769 2265 Nach 20. (bis 25.) Berlin, aber schreiben Sie nach
448 2219 597 2301 Wien.
833 2275 1024 2370 ottase
