3449 3543
858 265 1533 456 stad Aupr, der 9. 19.
753 432 1263 692 accueilier le gué
711 628 2406 785 sehr oft in dieser Freunde sind meiner Gedanken zu Zim¬
755 748 2340 922 gegangen zu forleiten in sein, wenn ich herumging in
763 876 2487 1030 pillen enge That das wir die Jahre einen rechten Jäger so nahe
746 988 2607 1128 bragt, fieben die uns ein als eine von denen, die Uhr damals meine Krank¬
1194 1072 1278 1138 P.
770 1045 2636 1246 weren und an die ich auf einen Folglisch in den Eltern Sammels
1621 1153 2666 1327 sehr noch immer die - Briefe Theil.
741 1175 1601 1346 jedem Sakhaus — und die Solstich
3198 1185 3284 1324 De'
750 1273 2568 1494 Das ist seitmordgevangig Jahre sehr sei, wo schwer täglich! — Dann
785 1437 2570 1604 wie ich dreimal in diesen Sommer in Salzburg u. mich bin ich
746 1533 2717 1800 den Anstell garten gegangen, die nach Zollbrunn des Leopoldeten
770 1722 1783 1869 Opés ja herzlich an Sie zu denken.
1589 1830 2529 2004 ten habe, das eine heide Seurelprok
755 1861 1513 2016 15 Sept. Nul. dfr  4 kr
1729 1947 1864 2001 d'Onda
1359 1945 1631 2038 wesen
952 1957 1062 2026 P.S.
1758 1979 2568 2153 so schein bedrückt
746 1955 1658 2109 des Opes, Pélestine - de cnbr
1562 2055 1655 2153 pr.
1398 2070 1496 2153 G.C.P.
728 2087 2460 2276 An uns in der Melt verging ich bis auf angekündigen schien,
733 2212 2575 2379 bemuß u. beleimmert sah The mitrautes einhaltsmolles Schrift
1059 2345 2506 2521 1 wurde dann bald krank, da ich ich sehr ohne 7
1614 2455 2548 2632 Krankheit zum Tiefergehend
797 2472 1312 2636 Gesichte vor mir
1366 2460 1616 2622 Mains
876 2580 1675 2774 Sie in erster Ärzentlich schien
1754 2600 2327 2774 deren erster April.
777 2717 2443 2909 in der seite zwei uns ich in tranken verändert. Nunsch
807 2872 1643 3066 ist in Verleiten, ganz ganz Amst.
1673 2862 2460 3039 hab ich mich zu mir selber
