3212 3592
1438 804 2498 908 und das ist schwer, denn leider drücken immer
240 852 1371 1006 wie wir alle, aber gar nicht mehr
1448 861 2560 1007 nur einzelne kleine Sachen des Wirklichen aus¬
264 953 1417 1116 ordentlich an mich und ich sub ihn wirklich
2351 954 2632 1062 distaraat
1454 956 2213 1100 große Thatan und große
232 1014 1396 1199 nur einmal gesehen und kann die
1417 1026 2637 1207 angelegt sind, ohneakteristisch zu wirken, und ganze Stell von
2199 1098 2528 1190 Mitverständig
232 1106 1513 1286 her unnöglich so maria empfender ein jener
1752 1151 1851 1219 G.C.F.P
1446 1166 2567 1289 Werden wir heuer endlich Theaterspielen?
1286 1180 1425 1244 besser.
250 1228 1398 1399 Ich verlange mir sehr zu reissen, ob das
1465 1238 2588 1367 Kind wie zu jung oder zu als dazu? Aber zu ernst
282 1295 1398 1438 was wir einmal in der Nacht nach der Soirée
1454 1297 2615 1468 zu alt, um mir ja spielen? Jedenfalls müßen
245 1383 1366 1561 besprochen, auf Wahrheit beruht.
1446 1404 2640 1571 die unibhil samptrolle diesmal nicht von Ihnen gethan,
2556 1507 2660 1606 Maj.
1710 1516 2533 1646 ?). Meine Novellin werden Sie
250 1504 1377 1664 mir weill scheinen - nein 3 mal
1468 1552 1717 1654 (warum
263 1574 1300 1725 ich hoffe ja. ich diese Sie einmal sie
1475 1592 2655 1742 die sehen. Nie heißt wie Weil sie so schlecht ist
277 1657 1379 1792 in jene Wohn von allen inneren Gewöhnungen losge¬
1462 1681 2647 1832 Er gänzt nicht einmal disgaten Sachen
247 1747 1353 1922 ist für Sie wahrscheinlich sehr gut
1356 1768 2644 1930 herzu, doch aufste man für manchmal lesen, wenn die
2122 1848 2639 1936 Sterfreundeutszinsen
263 1853 1416 2011 aber für das, was die früher beschäftigt, rest¬
1516 1901 2640 2029 freilich haben meine Sohn wieder das hättliche
285 1963 1396 2098 Umso besser! - Dahr Sie in dem zweiten Act
1502 1965 2636 2107 dass alles allzuckütlich gesagt ist. Ob der Richard
1457 2038 2642 2186 wieder etwas schreibt, ist, wie ich reimüthig
259 2048 1334 2205 dem Mädel mehr Leben gegeben haben, wir
1470 2131 2624 2282 bekenne, für und Altausseer ganz interesse
256 2125 1436 2255 eine große Wirkung Jahre, wenn ver¬
1627 2211 2631 2357 versuche mir manchmal vorstellen.
253 2229 1383 2362 schon je han oft besproglie, daß Nölhielius dann auf
1257 2309 1399 2402 sonst
1507 2290 2612 2415 wie es wäre, wenn sie hier wären uns
285 2309 1203 2452 und des Stück brauchs Rührung,
1259 2381 1448 2476 Manns
1486 2351 2658 2504 ob nur alle drei dabei nicht viel, unter seiten
307 2402 1220 2514 wird es trocken und révolhierend.
267 2434 1468 2583 Neugierde, es zu lesen, Namt keine Graagen,
1488 2448 2612 2605 kämen, was ich ganz bestimt glaube; sind
266 2516 1249 2671 Dann kam von Leute nicht oft sieht, und nur
