2175 3400
795 632 915 753 9/3
298 693 673 822 A.S. an H.v.H.
1492 692 1606 813 129
299 782 1715 922 tum! Einiger Leichtsinn verzeiht sich von selbst; und
294 882 1721 995 die paar falschen Münzen wirken, als machte sich ein
294 989 1681 1082 Kind einen Spass sie statt echten, die doch da sind,
303 1073 692 1176 auszustreuen.-
310 1127 1634 1258 -Bahr hat mir von Ihren letzten Plänen erzählt,
299 1229 1757 1345 Richard, der gestern mit Paula und Mirjam bei mir war,
303 1339 1708 1448 desgleichen. Ich wünschte bald zu hören, wie weit Sie
298 1412 1712 1537 gediehen sind. Die deutschen Schall und Raucher sah
294 1499 1702 1610 ich vorgestern, Erdgeist, das Talent,das grosse Wede-
290 1595 1655 1690 kind'sche blitzt meines Erachtens nur selten auf.
299 1688 1688 1804 Vielleicht ernsthaft nur in der Figur des Dr. Schön
299 1755 1704 1868 (der einzigen, die wirklich vollendet gespielt wurde)
299 1860 1744 1973 (Reicher). Das unerträgliche aber an dem Stück ist mir,
285 1937 1690 2035 dass der Humor darin, der sich so satanisch gebärdet,
290 2031 1606 2142 nicht viel teuflischer ist als ein weitgereister
294 2133 1666 2238 Commis als Mephisto auf einem Maskenball, -der mit
298 2216 1684 2320 dämonischen Weibern Champagner zu trinken vermeint-
294 2292 1699 2390 während es sich um Köchinnen und Kleinoscheg handelt
287 2379 1672 2497 Im ganzen lieb ich Dichter nicht, die ihren Nachlass
