<?xml version="1.0" encoding="UTF-8" standalone="yes"?>
<PcGts xmlns="http://schema.primaresearch.org/PAGE/gts/pagecontent/2013-07-15" xmlns:xsi="http://www.w3.org/2001/XMLSchema-instance" xsi:schemaLocation="http://schema.primaresearch.org/PAGE/gts/pagecontent/2013-07-15 http://schema.primaresearch.org/PAGE/gts/pagecontent/2013-07-15/pagecontent.xsd">
    <Metadata>
        <Creator>prov=READ-COOP:name=TrHtr:version=2.1.0:model_id=51170:date=25_07_2023_14:45</Creator>
        <Created>2023-05-01T21:59:31.638+02:00</Created>
        <LastChange>2023-07-25T14:45:13.722+02:00</LastChange>
        <TranskribusMetadata docId="1416441" pageId="54947297" pageNr="120" tsid="130684022" status="IN_PROGRESS" userId="64420" imgUrl="https://files.transkribus.eu/Get?id=DDYZPVWBZAFYYGYTOKWOJMNE&amp;fileType=view" xmlUrl="https://files.transkribus.eu/Get?id=SMEBGUZTDOGQLKIFUMBRSEWV" imageId="44451380"/>
    </Metadata>
    <Page imageFilename="1416441_0120.jpg" imageWidth="2255" imageHeight="3399">
        <ReadingOrder>
            <OrderedGroup id="ro_1711830672638" caption="Regions reading order">
                <RegionRefIndexed index="0" regionRef="tr_1"/>
                <RegionRefIndexed index="1" regionRef="tr_2"/>
            </OrderedGroup>
        </ReadingOrder>
        <TextRegion id="tr_1" custom="readingOrder {index:0;}">
            <Coords points="382,636 1807,636 1807,1957 382,1957"/>
            <TextLine id="tr_1_tl_1" custom="readingOrder {index:0;}">
                <Coords points="967,721 976,721 998,736 1009,732 1016,739 1021,734 1038,736 1041,732 1059,741 1075,739 1079,620 1066,620 1057,627 1014,613 996,618 987,611 971,609"/>
                <Baseline points="979,689 991,689 1036,689 1081,686"/>
                <TextEquiv>
                    <Unicode>87</Unicode>
                </TextEquiv>
            </TextLine>
            <TextLine id="tr_1_tl_2" custom="readingOrder {index:1;}">
                <Coords points="378,718 412,707 463,727 526,710 566,725 596,707 696,725 736,714 783,730 781,631 725,625 662,651 620,636 466,656 430,643 376,667"/>
                <Baseline points="385,698 430,701 474,707 519,707 564,707 609,707 654,707 698,707 743,710 788,710"/>
                <TextEquiv>
                    <Unicode>A.S. an H.v.H.</Unicode>
                </TextEquiv>
            </TextLine>
            <TextLine id="tr_1_tl_3" custom="readingOrder {index:2;}">
                <Coords points="1614,765 1625,761 1643,774 1654,765 1667,766 1679,774 1701,748 1708,750 1721,741 1732,741 1726,660 1703,667 1695,660 1679,660 1672,667 1663,662 1656,669 1643,665 1616,680 1607,680"/>
                <Baseline points="1618,704 1663,707 1708,710 1735,713"/>
                <TextEquiv>
                    <Unicode>116</Unicode>
                </TextEquiv>
            </TextLine>
            <TextLine id="tr_1_tl_4" custom="readingOrder {index:3;}">
                <Coords points="1045,826 1090,808 1169,824 1222,804 1298,817 1435,801 1527,810 1527,723 1361,712 1256,727 1162,710 1088,739 1045,737"/>
                <Baseline points="1054,794 1099,794 1143,794 1188,797 1233,797 1278,797 1323,797 1367,797 1412,797 1457,797 1502,797 1532,797"/>
                <TextEquiv>
                    <Unicode>Tahrn. 10.8.1901.</Unicode>
                </TextEquiv>
            </TextLine>
            <TextLine id="tr_1_tl_5" custom="readingOrder {index:4;}">
                <Coords points="372,889 1748,909 1748,835 1627,808 372,810"/>
                <Baseline points="382,878 427,878 471,881 516,881 561,881 606,881 651,881 695,881 740,881 785,884 830,884 875,881 919,881 964,884 1009,881 1054,881 1099,881 1143,881 1188,884 1233,881 1278,884 1323,884 1367,884 1412,884 1457,884 1502,884 1547,884 1591,887 1636,887 1681,887 1726,884 1753,884"/>
                <TextEquiv>
                    <Unicode>Mein lieber Hugo, seit vier Wochen bin ich hier, und</Unicode>
                </TextEquiv>
            </TextLine>
            <TextLine id="tr_1_tl_6" custom="readingOrder {index:5;}">
                <Coords points="381,998 1701,992 1771,978 1771,909 381,913"/>
                <Baseline points="391,967 436,967 480,967 525,967 570,967 615,970 660,970 704,970 749,970 794,970 839,970 884,970 928,970 973,967 1018,967 1063,967 1108,970 1152,970 1197,970 1242,970 1287,970 1332,973 1376,970 1421,973 1466,973 1511,973 1556,973 1600,973 1645,976 1690,976 1735,973 1774,973"/>
                <TextEquiv>
                    <Unicode>habe mich, in angenehmer Gesellschaft, mit Neigung zu</Unicode>
                </TextEquiv>
            </TextLine>
            <TextLine id="tr_1_tl_7" custom="readingOrder {index:6;}">
                <Coords points="383,1057 1788,1075 1768,1014 1515,1034 1303,981 381,1021"/>
                <Baseline points="391,1051 436,1051 480,1054 525,1054 570,1054 615,1054 660,1057 704,1057 749,1057 794,1057 839,1057 884,1057 928,1057 973,1057 1018,1057 1063,1057 1108,1057 1152,1057 1197,1060 1242,1057 1287,1060 1332,1060 1376,1060 1421,1060 1466,1060 1511,1060 1556,1063 1600,1063 1645,1063 1690,1063 1735,1063 1780,1066 1792,1066"/>
                <TextEquiv>
                    <Unicode>Arbeit und einigem Fleiss und gelegentlichem Talent,</Unicode>
                </TextEquiv>
            </TextLine>
            <TextLine id="tr_1_tl_8" custom="readingOrder {index:7;}">
                <Coords points="380,1162 1728,1168 1775,1162 1773,1074 1641,1115 839,1070 378,1099"/>
                <Baseline points="388,1143 433,1143 477,1140 522,1140 567,1140 612,1143 657,1143 701,1143 746,1143 791,1143 836,1143 881,1143 925,1146 970,1146 1015,1146 1060,1146 1105,1146 1149,1146 1194,1146 1239,1146 1284,1146 1329,1146 1373,1146 1418,1146 1463,1146 1508,1146 1553,1149 1597,1149 1642,1149 1687,1149 1732,1146 1777,1149 1780,1146"/>
                <TextEquiv>
                    <Unicode>in einer wunderbaren Luft, mit Sonne und Wald,recht</Unicode>
                </TextEquiv>
            </TextLine>
            <TextLine id="tr_1_tl_9" custom="readingOrder {index:8;}">
                <Coords points="387,1233 721,1265 1746,1244 1744,1191 1634,1204 1549,1155 385,1178"/>
                <Baseline points="397,1230 442,1227 486,1227 531,1227 576,1230 621,1230 666,1233 710,1233 755,1230 800,1230 845,1233 890,1233 934,1233 979,1233 1024,1233 1069,1233 1114,1233 1158,1233 1203,1233 1248,1233 1293,1233 1338,1233 1382,1233 1427,1233 1472,1236 1517,1239 1562,1236 1606,1236 1651,1239 1696,1236 1741,1239 1750,1236"/>
                <TextEquiv>
                    <Unicode>behaglich gefühlt. Montag reisen wir nach Bozen, wo</Unicode>
                </TextEquiv>
            </TextLine>
            <TextLine id="tr_1_tl_10" custom="readingOrder {index:9;}">
                <Coords points="378,1323 700,1356 1795,1329 1795,1274 1683,1301 1520,1245 378,1249"/>
                <Baseline points="388,1314 433,1317 477,1317 522,1317 567,1317 612,1317 657,1317 701,1317 746,1317 791,1320 836,1320 881,1320 925,1320 970,1320 1015,1320 1060,1323 1105,1320 1149,1323 1194,1323 1239,1320 1284,1320 1329,1320 1373,1320 1418,1323 1463,1323 1508,1323 1553,1323 1597,1323 1642,1323 1687,1323 1732,1323 1777,1323 1798,1323"/>
                <TextEquiv>
                    <Unicode>man Goldmann trifft; dann nach Trient, und endlich et-</Unicode>
                </TextEquiv>
            </TextLine>
            <TextLine id="tr_1_tl_11" custom="readingOrder {index:10;}">
                <Coords points="381,1424 1793,1437 1793,1363 1471,1341 1146,1379 643,1332 381,1366"/>
                <Baseline points="391,1406 436,1406 480,1406 525,1409 570,1409 615,1409 660,1406 704,1406 749,1406 794,1406 839,1406 884,1406 928,1406 973,1406 1018,1409 1063,1406 1108,1409 1152,1406 1197,1409 1242,1409 1287,1409 1332,1409 1376,1409 1421,1409 1466,1412 1511,1412 1556,1412 1600,1412 1645,1412 1690,1412 1735,1412 1780,1409 1798,1409"/>
                <TextEquiv>
                    <Unicode>wa 16.8.gehts nach Welsberg im Pusterthal,Bad Wald-</Unicode>
                </TextEquiv>
            </TextLine>
            <TextLine id="tr_1_tl_12" custom="readingOrder {index:11;}">
                <Coords points="381,1551 994,1497 1802,1518 1802,1460 1719,1435 1334,1462 846,1421 674,1466 381,1428"/>
                <Baseline points="391,1496 436,1493 480,1496 525,1493 570,1493 615,1496 660,1496 704,1493 749,1493 794,1496 839,1496 884,1493 928,1496 973,1496 1018,1496 1063,1496 1108,1496 1152,1496 1197,1496 1242,1496 1287,1496 1332,1496 1376,1499 1421,1496 1466,1499 1511,1499 1556,1499 1600,1499 1645,1499 1690,1502 1735,1499 1780,1499 1807,1502"/>
                <TextEquiv>
                    <Unicode>brunn, das ich neulich entdeckt habe und von dem ich</Unicode>
                </TextEquiv>
            </TextLine>
            <TextLine id="tr_1_tl_13" custom="readingOrder {index:12;}">
                <Coords points="376,1589 1724,1605 1724,1553 1663,1533 1446,1556 1150,1502 376,1545"/>
                <Baseline points="385,1577 430,1580 474,1580 519,1583 564,1580 609,1583 654,1580 698,1583 743,1583 788,1583 833,1583 878,1583 922,1583 967,1586 1012,1583 1057,1583 1102,1583 1146,1583 1191,1586 1236,1586 1281,1586 1326,1586 1370,1586 1415,1586 1460,1586 1505,1586 1550,1586 1594,1588 1639,1588 1684,1588 1729,1586"/>
                <TextEquiv>
                    <Unicode>mich wundere, dass es kaum bekannt ist.Ende August</Unicode>
                </TextEquiv>
            </TextLine>
            <TextLine id="tr_1_tl_14" custom="readingOrder {index:13;}">
                <Coords points="383,1704 1791,1679 1751,1610 1641,1647 1542,1592 381,1636"/>
                <Baseline points="391,1669 436,1669 480,1666 525,1669 570,1669 615,1669 660,1672 704,1672 749,1672 794,1672 839,1669 884,1672 928,1672 973,1672 1018,1672 1063,1672 1108,1672 1152,1672 1197,1672 1242,1672 1287,1675 1332,1675 1376,1675 1421,1675 1466,1675 1511,1675 1556,1675 1600,1678 1645,1675 1690,1675 1735,1675 1780,1678 1795,1675"/>
                <TextEquiv>
                    <Unicode>möchte ich in Wien sein, vor allem zwei neue Einakter</Unicode>
                </TextEquiv>
            </TextLine>
            <TextLine id="tr_1_tl_15" custom="readingOrder {index:14;}">
                <Coords points="381,1773 1771,1780 1771,1733 1451,1683 381,1706"/>
                <Baseline points="391,1756 436,1756 480,1756 525,1756 570,1756 615,1756 660,1759 704,1759 749,1759 794,1759 839,1756 884,1756 928,1759 973,1759 1018,1759 1063,1759 1108,1759 1152,1759 1197,1762 1242,1759 1287,1759 1332,1762 1376,1762 1421,1762 1466,1762 1511,1762 1556,1765 1600,1765 1645,1765 1690,1765 1735,1765 1774,1768"/>
                <TextEquiv>
                    <Unicode>diktieren.die der "Literatur" vorangehen sollen. Die</Unicode>
                </TextEquiv>
            </TextLine>
            <TextLine id="tr_1_tl_16" custom="readingOrder {index:15;}">
                <Coords points="372,1854 1719,1873 1717,1806 1403,1818 1175,1761 371,1788"/>
                <Baseline points="382,1842 427,1842 471,1842 516,1842 561,1845 606,1845 651,1845 695,1845 740,1845 785,1845 830,1845 875,1845 919,1848 964,1845 1009,1848 1054,1848 1099,1848 1143,1845 1188,1848 1233,1851 1278,1848 1323,1851 1367,1851 1412,1848 1457,1851 1502,1851 1547,1851 1591,1851 1636,1851 1681,1851 1723,1854"/>
                <TextEquiv>
                    <Unicode>drei Stückchen sind nur durch eiden Grundgedanken</Unicode>
                </TextEquiv>
            </TextLine>
            <TextLine id="tr_1_tl_17" custom="readingOrder {index:16;}">
                <Coords points="380,1974 577,1938 1788,1970 1786,1885 1703,1873 378,1887"/>
                <Baseline points="388,1926 433,1929 477,1932 522,1932 567,1932 612,1932 657,1932 701,1935 746,1932 791,1935 836,1932 881,1935 925,1935 970,1935 1015,1935 1060,1935 1105,1935 1149,1935 1194,1935 1239,1935 1284,1938 1329,1938 1373,1938 1418,1938 1463,1941 1508,1938 1553,1938 1597,1941 1642,1941 1687,1941 1732,1941 1777,1947 1792,1944"/>
                <TextEquiv>
                    <Unicode>verbunden, und eines mag immer das andere beleuchten.</Unicode>
                </TextEquiv>
            </TextLine>
        </TextRegion>
        <TextRegion id="tr_2" custom="readingOrder {index:1;}">
            <Coords points="376,1969 1830,1969 1830,2578 376,2578"/>
            <TextLine id="tr_2_tl_1" custom="readingOrder {index:0;}">
                <Coords points="376,2028 1802,2048 1786,1961 1686,2003 1151,1948 374,1985"/>
                <Baseline points="385,2019 430,2019 474,2019 519,2019 564,2019 609,2022 654,2022 698,2022 743,2022 788,2022 833,2022 878,2022 922,2025 967,2025 1012,2025 1057,2025 1102,2025 1146,2025 1191,2025 1236,2025 1281,2028 1326,2028 1370,2025 1415,2025 1460,2028 1505,2028 1550,2028 1594,2028 1639,2031 1684,2031 1729,2031 1774,2031 1804,2031"/>
                <TextEquiv>
                    <Unicode>Auch das dreiaktige Stück kann bald beendet sein. Ich</Unicode>
                </TextEquiv>
            </TextLine>
            <TextLine id="tr_2_tl_2" custom="readingOrder {index:1;}">
                <Coords points="376,2113 1601,2151 1748,2120 1748,2079 1197,2082 996,2039 911,2075 374,2062"/>
                <Baseline points="385,2108 430,2105 474,2105 519,2108 564,2108 609,2108 654,2108 698,2111 743,2108 788,2111 833,2111 878,2111 922,2111 967,2111 1012,2111 1057,2111 1102,2111 1146,2111 1191,2111 1236,2111 1281,2114 1326,2114 1370,2114 1415,2114 1460,2114 1505,2114 1550,2117 1594,2117 1639,2117 1684,2117 1729,2117 1750,2120"/>
                <TextEquiv>
                    <Unicode>freue mich auf einen schönen Septemberabend, wo wir</Unicode>
                </TextEquiv>
            </TextLine>
            <TextLine id="tr_2_tl_3" custom="readingOrder {index:2;}">
                <Coords points="376,2205 1795,2239 1826,2169 374,2142"/>
                <Baseline points="385,2195 430,2195 474,2195 519,2195 564,2195 609,2195 654,2195 698,2195 743,2198 788,2198 833,2198 878,2198 922,2198 967,2201 1012,2201 1057,2201 1102,2201 1146,2201 1191,2201 1236,2201 1281,2201 1326,2204 1370,2204 1415,2204 1460,2204 1505,2204 1550,2207 1594,2207 1639,2207 1684,2207 1729,2207 1774,2207 1818,2210 1830,2213"/>
                <TextEquiv>
                    <Unicode>einander allerlei erzählen und vorlesen können. Um den</Unicode>
                </TextEquiv>
            </TextLine>
            <TextLine id="tr_2_tl_4" custom="readingOrder {index:3;}">
                <Coords points="367,2290 1766,2312 1766,2236 1551,2212 839,2258 367,2236"/>
                <Baseline points="376,2281 421,2281 465,2284 510,2284 555,2284 600,2284 645,2284 689,2284 734,2284 779,2284 824,2287 869,2287 913,2287 958,2287 1003,2290 1048,2287 1093,2287 1137,2287 1182,2287 1227,2287 1272,2290 1317,2290 1361,2290 1406,2293 1451,2293 1496,2293 1541,2293 1586,2296 1630,2296 1675,2296 1720,2296 1765,2302 1771,2302"/>
                <TextEquiv>
                    <Unicode>verlorenen Innsbrucker. Abend tut es mir sehr leid.</Unicode>
                </TextEquiv>
            </TextLine>
            <TextLine id="tr_2_tl_5" custom="readingOrder {index:4;}">
                <Coords points="374,2395 1788,2400 1786,2339 1585,2323 372,2319"/>
                <Baseline points="382,2362 427,2368 471,2371 516,2371 561,2371 606,2371 651,2374 695,2374 740,2374 785,2374 830,2374 875,2374 919,2377 964,2377 1009,2377 1054,2377 1099,2377 1143,2380 1188,2380 1233,2380 1278,2380 1323,2380 1367,2380 1412,2380 1457,2380 1502,2383 1547,2383 1591,2386 1636,2386 1681,2386 1726,2386 1771,2389 1792,2389"/>
                <TextEquiv>
                    <Unicode>Anonymität wäre übrigens gar nicht vonnöten gewesen,</Unicode>
                </TextEquiv>
            </TextLine>
            <TextLine id="tr_2_tl_6" custom="readingOrder {index:5;}">
                <Coords points="367,2476 441,2511 687,2467 1081,2503 1272,2473 1338,2512 1742,2478 1742,2424 1652,2399 1144,2446 887,2395 367,2420"/>
                <Baseline points="376,2464 421,2461 465,2461 510,2461 555,2461 600,2461 645,2461 689,2464 734,2464 779,2461 824,2464 869,2464 913,2467 958,2467 1003,2467 1048,2467 1093,2467 1137,2470 1182,2467 1227,2467 1272,2467 1317,2467 1361,2467 1406,2470 1451,2470 1496,2470 1541,2470 1586,2473 1630,2473 1675,2473 1720,2473 1747,2476"/>
                <TextEquiv>
                    <Unicode>jeder Grund fehlt, besonders Ihnen und Ihrer Frau</Unicode>
                </TextEquiv>
            </TextLine>
            <TextLine id="tr_2_tl_7" custom="readingOrder {index:6;}">
                <Coords points="369,2559 790,2608 936,2570 1260,2606 1475,2561 1654,2587 1641,2493 1274,2525 994,2474 873,2512 369,2494"/>
                <Baseline points="379,2556 424,2550 468,2550 513,2550 558,2550 603,2550 648,2550 692,2553 737,2556 782,2553 827,2556 872,2556 916,2556 961,2556 1006,2553 1051,2556 1096,2556 1140,2556 1185,2559 1230,2559 1275,2556 1320,2559 1364,2559 1409,2559 1454,2562 1499,2559 1544,2562 1588,2565 1633,2568 1657,2565"/>
                <TextEquiv>
                    <Unicode>gegenüber. Wir waren abends damals an der Bahn.-</Unicode>
                </TextEquiv>
            </TextLine>
        </TextRegion>
    </Page>
</PcGts>
