3494 3577
626 289 984 366 Betriebe-Gesellschaft für
580 340 1045 438 DANZERS ORPHEUM IN WIEN
668 390 957 452 Gesellschaft u. b. H.
2206 388 2310 452 1 r.
1832 361 2008 495 WIEN,
2540 364 2655 535 191
495 428 1110 540 NEUE WIENER BÜHNE
1783 452 2398 559 IX. WASAGASSE 88. 8. Jänner
583 511 1037 580 Telegrammadresse: WIENERBÜHNE.
591 564 1035 639 Postsparkassa-Clearing Nr. 56-404.
714 607 912 655 TELEPHON:
644 628 963 690 DIREKTION Nr. 22.836.
487 647 1112 765 Tageskassa Nr. 14168. Stadtkassa nr. 16.082.
594 864 2516 1048 Abschrift der an das Publikum zu versendenden Einladung.
813 1019 925 1158 B.F.P
1045 1016 2725 1198 Ende Jänner findet an der Neuen Wiener Bühne eine
519 1099 2634 1273 einmülige Aufführung von Paul Lornfelds “Verfühnung“ statt.
1930 1227 2061 1289 toutes les
1024 1225 2628 1366 Die neuen und selten kühnen dichterischen Cua-
578 1275 2725 1465 litäten des Ferkes lassen es als künstlerische Pflicht erschei¬
588 1428 2599 1521 nen, es durch eine Aufführung vor geladenem und nach seinem
583 1489 2620 1623 Urteilsvermögen und seiner äthetischen Auffassungskraft ge¬
591 1596 2642 1690 wähltem Publikum vor dem Schicksal der üblichen Premieren zu
578 1644 2626 1791 berahren und in eine Aufnahme zu sichern, die nicht an die
578 1762 2529 1864 gewöhlichen Voraussetzungen des alltäplichen Theaters ge-
580 1823 968 1957 knüpft tat.
1019 1914 2476 2051 Die Unterzeichneten, die zur Veranstaltung
567 2005 2620 2142 dieser im besten Sinne feetlichen und einmaligen Niedergabe
570 2104 2612 2238 eines für die schaffende Jugend so bezeichnenden Werkes zu¬
570 2198 2575 2337 sonnen getreten sind, laden hiemit zur "eichnung für diese
583 2262 1104 2393 aufführung sin.
1008 2345 2580 2481 Es werden Zeichnungen zu 20 und 10 „ronen pro
559 2401 1642 2569 Person entgegengenommen werden.
995 2521 2548 2652 Die für Zeichnungen zu 30 Cronen wird je ein
564 2636 2676 2749 Sitsplats in den Logen oder im Cercle und Parkett, für die zu
553 2727 2628 2877 10 Kronen einer von den übrigen Plätzen des Theaters ausge-
548 2794 1021 2922 folgt werden.
