3524 3624
1486 792 2590 969 ein paar Vorworte sagen. Ich habe
1533 858 2527 1043 dort in 4 Tagen und 2 Mühlen
299 862 1438 1034 vielleicht. Ich gleite; ich treibe.
297 956 1312 1125 Kein Gedanke crystallisiert sich
1542 972 2641 1121 die concurtriesteste Menge von
1546 1056 2671 1223 Eindrucken zusammen getrunken,
322 1028 1460 1211 und es wird kein Vers. Ich kann
1561 1115 2646 1283 die meine Nervensystem überhaupt¬
325 1130 1370 1318 nicht weiter denken als Stunden.
364 1202 1469 1382 Aber mir ist wohl. Anders wohl,
1536 1204 2580 1403 vorläufig erträgt. Den Bericht habe
326 1273 1385 1504 Nun wohl, wechselnd wohl. Ich
1602 1280 2547 1475 ich im vollständigen Halbschlaf¬
334 1400 1346 1600 fühle mich wachsen. Wollt ich mich
1575 1379 2714 1605 Geschrieben in dem seltsam ein Zustand,
361 1448 1493 1680 seringen, müßt ich verzweifeln,
1587 1463 2708 1677 wir das Gehirn lose Bilder, Geschwächstheile
1572 1579 2647 1788 des letzten Nacht mit schmerzender
343 1582 1459 1808 abwärtend sehe ich mit Fluthen zu¬
1612 1683 2671 1890 Dertlichkeit bis zum Ekel reproduciert.
350 1680 1468 1878 und empfind ein glückliches Mich¬
377 1761 1484 2013 bescheiden, daß gute Schwestergefühl
1621 1774 2686 1977 Wenn der Bericht überhaupt deutsch ist
416 1893 1373 2075 zur Resignation. Wäre nur
1627 1872 2620 2075 (ich habe ihn noch nicht bekommen)
1630 1943 2723 2168 dann schläft in mir ein unbewußter
367 1979 1291 2185 mehr Sonne. So über bin ich
430 2078 1399 2278 verschnupft und krank möcht.
1638 2048 2730 2293 Ryorter, qui parfois se reveille
416 2168 1474 2386 ich nicht werden, denn ich kann
1752 2168 2748 2366 H. Beuse payt. Dr. Hoffmann
391 2246 1605 2476 jetzt das Alleinsein nicht brauchen.
1612 2318 1814 2387 wie
1671 2318 2598 2526 hat mir auf einem 4 seiten
431 2315 1542 2527 Wenn Sie vielleicht in der Künst¬
1665 2421 2617 2619 langen Brief nach Wien nicht
418 2446 1450 2667 Chronik meinem Salzburgerbericht
1770 2517 2605 2677 Hantwortet; ich habe ihm auch
430 2548 1498 2747 begegnen, so lassen Sie sich von mir
1950 2634 2030 2688 13.
