2250 3306
448 666 868 811 A.S. an H.v.H.
1728 652 1858 774 181
1129 681 1246 792 17
902 746 1047 858 G.C.F.P
1097 727 1816 866 Seis am Schlern, 6.8.1908.
433 832 1915 967 Lieber Hugo, Sie sehen, wir sind noch immer da, und wahr
452 927 1909 1053 scheinlich bleiben wir bis ungefähr 20., wenn nicht lä
446 1013 1896 1125 ger. Seit 10 Tagen ist Wassermann hier, Agnes Speyer,
454 1104 1904 1230 Dr. Kaufmann, und gestern sind wir von einer sehr schö-
443 1194 1913 1333 nen Partie zurückgekommen:-Seis-Weislahnbad-Jungbrunn
443 1291 1919 1412 thal-Schlern-Seis;-besonders der (etwa östündige) Spa-
446 1387 1951 1513 ziergang von hier nach Weislahnbad gehört zu den schön-
446 1478 1944 1583 sten, die man träumen kann, und ist, wie die ganze Gegend,
437 1557 1871 1696 nicht berühmt genug. Vor 8 Tagen ist Brahm abgereist,
469 1665 1888 1780 der sich nicht weniger als 3 Wochen lang hier aufge-
431 1763 1864 1862 halten hat, und, trotz allerlei mehr oder weniger fun-
433 1829 1955 1951 dierten Hypochondrisen, in guter Laune und eben solchem
439 1925 1881 2026 Wohlbefinden. Von hier aus mach ich mit Olga eine kleine
437 2003 1967 2134 Reise; wohin steht noch nicht fest-Martino oder Campiglio
437 2110 1322 2213 Seventuell München zum Schluss.-
422 2186 1724 2316 Dass Sie zu meinem Homan kein glückliches Verhält
425 2293 1650 2405 gefunden haben, war in der Tat nicht schwer
427 2373 1803 2497 ken. Und so sehr ich Ihrem Ausspruch beistimme, dass
446 2453 1316 2581 Sie zwischen mir und meinen Arbeit
1377 2485 1465 2560 en selle.
