<?xml version="1.0" encoding="UTF-8" standalone="yes"?>
<PcGts xmlns="http://schema.primaresearch.org/PAGE/gts/pagecontent/2013-07-15" xmlns:xsi="http://www.w3.org/2001/XMLSchema-instance" xsi:schemaLocation="http://schema.primaresearch.org/PAGE/gts/pagecontent/2013-07-15 http://schema.primaresearch.org/PAGE/gts/pagecontent/2013-07-15/pagecontent.xsd">
    <Metadata>
        <Creator>prov=READ-COOP:name=TrHtr:version=2.1.0:model_id=51170:date=25_07_2023_14:45</Creator>
        <Created>2023-05-01T21:59:42.828+02:00</Created>
        <LastChange>2023-07-25T14:45:43.719+02:00</LastChange>
        <TranskribusMetadata docId="1416441" pageId="54947688" pageNr="218" tsid="130684294" status="IN_PROGRESS" userId="64420" imgUrl="https://files.transkribus.eu/Get?id=OHCCNWFXQNOBDIHFBSYANDJH&amp;fileType=view" xmlUrl="https://files.transkribus.eu/Get?id=KVPOYJXEZJBKFRVMYNBAPYGM" imageId="44451757"/>
    </Metadata>
    <Page imageFilename="1416441_0218.jpg" imageWidth="2272" imageHeight="3272">
        <ReadingOrder>
            <OrderedGroup id="ro_1711830745849" caption="Regions reading order">
                <RegionRefIndexed index="0" regionRef="tr_1"/>
                <RegionRefIndexed index="1" regionRef="tr_2"/>
            </OrderedGroup>
        </ReadingOrder>
        <TextRegion id="tr_1" custom="readingOrder {index:0;}">
            <Coords points="325,640 2030,640 2030,1568 325,1568"/>
            <TextLine id="tr_1_tl_1" custom="readingOrder {index:0;}">
                <Coords points="1601,727 1637,737 1680,721 1692,729 1710,725 1757,735 1779,753 1815,749 1805,664 1761,674 1732,662 1625,678 1613,670 1595,672"/>
                <Baseline points="1608,690 1653,719 1698,719 1743,722 1788,722 1815,723"/>
                <TextEquiv>
                    <Unicode>G.C.P</Unicode>
                </TextEquiv>
            </TextLine>
            <TextLine id="tr_1_tl_2" custom="readingOrder {index:1;}">
                <Coords points="1373,757 1393,763 1403,755 1421,753 1430,743 1468,751 1472,759 1480,753 1494,755 1508,660 1484,660 1476,652 1472,654 1460,636 1434,642 1417,632 1407,636 1393,630"/>
                <Baseline points="1388,728 1412,731 1456,728 1504,711"/>
                <TextEquiv>
                    <Unicode>P.P.</Unicode>
                </TextEquiv>
            </TextLine>
            <TextLine id="tr_1_tl_3" custom="readingOrder {index:2;}">
                <Coords points="1024,777 1074,775 1094,791 1110,787 1125,792 1143,781 1163,785 1167,646 1139,656 1125,650 1104,656 1062,630 1046,640 1028,638"/>
                <Baseline points="1038,773 1083,767 1128,764 1170,773"/>
                <TextEquiv>
                    <Unicode>139</Unicode>
                </TextEquiv>
            </TextLine>
            <TextLine id="tr_1_tl_4" custom="readingOrder {index:3;}">
                <Coords points="963,846 1090,876 1240,832 1714,822 1819,808 1821,753 1662,723 1581,759 1389,763 1333,733 1191,791 967,785"/>
                <Baseline points="975,828 1015,841 1059,838 1104,838 1149,832 1194,823 1238,823 1283,815 1328,809 1373,809 1418,809 1462,806 1507,806 1552,803 1597,800 1641,800 1686,797 1731,794 1776,794 1823,801"/>
                <TextEquiv>
                    <Unicode>Wien, 26,###x 7.1928.</Unicode>
                </TextEquiv>
            </TextLine>
            <TextLine id="tr_1_tl_5" custom="readingOrder {index:4;}">
                <Coords points="440,963 1216,913 1367,953 1476,901 1658,935 1912,903 1914,846 444,858"/>
                <Baseline points="452,919 486,925 531,925 576,925 620,925 665,922 710,919 755,919 800,919 844,919 889,916 934,916 979,916 1023,913 1068,910 1113,907 1158,904 1203,904 1247,901 1292,901 1337,898 1382,898 1427,895 1471,892 1516,892 1561,889 1606,886 1650,883 1695,883 1740,880 1785,880 1830,877 1874,874 1919,874 1932,802 1946,847"/>
                <TextEquiv>
                    <Unicode>Mein lieber Hugo, Sie werden schon von unserer Freun¬</Unicode>
                </TextEquiv>
            </TextLine>
            <TextLine id="tr_1_tl_6" custom="readingOrder {index:5;}">
                <Coords points="499,874 561,858 594,872 630,856 682,884 713,884 775,850 830,862 862,852 905,872 939,860 941,783 876,779 832,753 763,763 731,743 709,761 642,755 499,791"/>
                <Baseline points="510,847 540,841 585,841 629,838 674,835 719,832 764,832 809,832 853,829 898,835 944,842"/>
                <TextEquiv>
                    <Unicode>4.S. an H.v.H.</Unicode>
                </TextEquiv>
            </TextLine>
            <TextLine id="tr_1_tl_7" custom="readingOrder {index:6;}">
                <Coords points="493,1054 1502,995 1698,1024 1872,995 1874,941 495,961"/>
                <Baseline points="504,1018 537,1018 582,1018 626,1015 671,1015 716,1012 761,1012 806,1012 850,1012 895,1012 940,1009 985,1006 1029,1003 1074,1003 1119,1000 1164,1000 1209,997 1253,997 1298,994 1343,991 1388,991 1432,991 1477,988 1522,985 1567,985 1612,985 1656,982 1701,979 1746,979 1791,976 1836,973 1880,976"/>
                <TextEquiv>
                    <Unicode>din-Hofrätin gehört haben, wie sehr Ihr Brief über</Unicode>
                </TextEquiv>
            </TextLine>
            <TextLine id="tr_1_tl_8" custom="readingOrder {index:7;}">
                <Coords points="315,1044 325,1044 353,1026 372,1036 382,1026 412,1034 414,923 404,923 388,913 369,931 361,929 357,933 341,925 327,933 317,933"/>
                <Baseline points="325,1003 370,991 415,1002"/>
                <TextEquiv>
                    <Unicode>P.</Unicode>
                </TextEquiv>
            </TextLine>
            <TextLine id="tr_1_tl_9" custom="readingOrder {index:8;}">
                <Coords points="505,1153 854,1121 997,1151 1169,1104 1541,1135 1720,1078 1902,1092 1904,1048 1518,1004 507,1056"/>
                <Baseline points="516,1110 561,1107 606,1107 650,1107 695,1104 740,1101 785,1104 829,1101 874,1101 919,1098 964,1098 1009,1098 1053,1095 1098,1092 1143,1092 1188,1089 1232,1086 1277,1086 1322,1083 1367,1083 1412,1083 1456,1080 1501,1080 1546,1080 1591,1077 1636,1077 1680,1074 1725,1071 1770,1068 1815,1065 1859,1071 1906,1068"/>
                <TextEquiv>
                    <Unicode>die Therese mich gefreut hat;-das Buch hat, sowohl</Unicode>
                </TextEquiv>
            </TextLine>
            <TextLine id="tr_1_tl_10" custom="readingOrder {index:9;}">
                <Coords points="513,1226 872,1244 941,1203 1720,1179 1886,1215 1983,1187 1985,1096 515,1141"/>
                <Baseline points="525,1200 555,1200 600,1200 644,1197 689,1194 734,1194 779,1194 823,1191 868,1191 913,1191 958,1188 1003,1191 1047,1188 1092,1185 1137,1185 1182,1182 1227,1182 1271,1179 1316,1176 1361,1176 1406,1173 1450,1173 1495,1170 1540,1170 1585,1170 1630,1170 1674,1167 1719,1164 1764,1161 1809,1158 1853,1158 1898,1158 1943,1158 1988,1161"/>
                <TextEquiv>
                    <Unicode>beim Publikum, als bei den paar Menschen, auf die es mir</Unicode>
                </TextEquiv>
            </TextLine>
            <TextLine id="tr_1_tl_11" custom="readingOrder {index:10;}">
                <Coords points="513,1306 2023,1290 2027,1199 515,1230"/>
                <Baseline points="525,1295 552,1292 597,1289 641,1286 686,1286 731,1283 776,1283 820,1280 865,1280 910,1280 955,1277 1000,1277 1044,1274 1089,1274 1134,1274 1179,1274 1224,1271 1268,1271 1313,1271 1358,1268 1403,1265 1447,1265 1492,1262 1537,1262 1582,1262 1627,1259 1671,1259 1716,1256 1761,1253 1806,1253 1850,1250 1895,1250 1940,1247 1985,1247 2030,1250"/>
                <TextEquiv>
                    <Unicode>besonders ankommt, mehr Erfolg als ich je hätte vermuten</Unicode>
                </TextEquiv>
            </TextLine>
            <TextLine id="tr_1_tl_12" custom="readingOrder {index:11;}">
                <Coords points="517,1389 1708,1395 2019,1355 2021,1290 519,1321"/>
                <Baseline points="528,1382 546,1382 591,1379 635,1379 680,1379 725,1376 770,1373 815,1373 859,1370 904,1370 949,1370 994,1367 1038,1367 1083,1367 1128,1367 1173,1364 1218,1364 1262,1364 1307,1358 1352,1358 1397,1358 1441,1355 1486,1355 1531,1355 1576,1352 1621,1352 1665,1352 1710,1349 1755,1346 1800,1346 1844,1346 1889,1346 1934,1343 1979,1340 2024,1340"/>
                <TextEquiv>
                    <Unicode>dürfen.Die Entstehungsgeschichte ist einigermassen merk-</Unicode>
                </TextEquiv>
            </TextLine>
            <TextLine id="tr_1_tl_13" custom="readingOrder {index:12;}">
                <Coords points="509,1516 1347,1458 1466,1496 1791,1419 1633,1377 1389,1423 886,1383 511,1440"/>
                <Baseline points="522,1474 540,1471 585,1471 629,1471 674,1471 719,1471 764,1468 809,1465 853,1465 898,1465 943,1462 988,1459 1032,1459 1077,1459 1122,1456 1167,1456 1212,1456 1256,1453 1301,1453 1346,1450 1391,1450 1435,1450 1480,1450 1525,1447 1570,1447 1615,1444 1659,1447 1704,1444 1749,1441 1794,1438"/>
                <TextEquiv>
                    <Unicode>würdig, ich erzähle Ihnen einmal mehr davon.</Unicode>
                </TextEquiv>
            </TextLine>
            <TextLine id="tr_1_tl_14" custom="readingOrder {index:13;}">
                <Coords points="521,1593 1765,1573 1971,1543 1973,1496 1740,1442 1353,1506 985,1468 523,1516"/>
                <Baseline points="534,1558 543,1555 588,1558 632,1558 677,1558 722,1555 767,1555 812,1555 856,1555 901,1552 946,1555 991,1552 1035,1549 1080,1549 1125,1546 1170,1546 1215,1549 1259,1543 1304,1543 1349,1543 1394,1543 1438,1540 1483,1540 1528,1540 1573,1540 1618,1537 1662,1540 1707,1537 1752,1537 1797,1534 1841,1534 1886,1531 1931,1528 1976,1525"/>
                <TextEquiv>
                    <Unicode>-Christiane war mir immer ausseordentlich sympathisch-</Unicode>
                </TextEquiv>
            </TextLine>
        </TextRegion>
        <TextRegion id="tr_2" custom="readingOrder {index:1;}">
            <Coords points="522,1562 1973,1562 1973,2562 522,2562"/>
            <TextLine id="tr_2_tl_1" custom="readingOrder {index:0;}">
                <Coords points="511,1654 662,1698 792,1654 1961,1656 1963,1573 1664,1545 1421,1601 947,1563 511,1609"/>
                <Baseline points="522,1650 534,1650 579,1647 623,1647 668,1650 713,1647 758,1644 803,1644 847,1644 892,1644 937,1644 982,1641 1026,1641 1071,1638 1116,1638 1161,1638 1206,1636 1250,1636 1295,1638 1340,1633 1385,1633 1430,1630 1474,1630 1519,1630 1564,1630 1609,1627 1653,1624 1698,1624 1743,1621 1788,1621 1833,1621 1877,1618 1922,1618 1967,1612"/>
                <TextEquiv>
                    <Unicode>ich glaube das klare, gerade, kluge wahrhaft verlässli-</Unicode>
                </TextEquiv>
            </TextLine>
            <TextLine id="tr_2_tl_2" custom="readingOrder {index:1;}">
                <Coords points="521,1759 1856,1720 1965,1751 1967,1668 1581,1638 1318,1682 1129,1644 523,1694"/>
                <Baseline points="531,1737 540,1737 585,1737 629,1737 674,1734 719,1734 764,1731 809,1731 853,1731 898,1731 943,1728 988,1731 1032,1728 1077,1728 1122,1731 1167,1728 1212,1725 1256,1725 1301,1728 1346,1725 1391,1725 1435,1722 1480,1722 1525,1719 1570,1719 1615,1716 1659,1716 1704,1716 1749,1713 1794,1713 1839,1713 1883,1710 1928,1710 1973,1707"/>
                <TextEquiv>
                    <Unicode>che ihres Wesens seit jeher gespürt zu haben und bin</Unicode>
                </TextEquiv>
            </TextLine>
            <TextLine id="tr_2_tl_3" custom="readingOrder {index:2;}">
                <Coords points="521,1870 1944,1817 1944,1759 1860,1734 1385,1781 523,1761"/>
                <Baseline points="531,1830 561,1827 606,1827 650,1827 695,1827 740,1827 785,1824 829,1824 874,1824 919,1824 964,1821 1009,1821 1053,1818 1098,1818 1143,1818 1188,1818 1232,1818 1277,1815 1322,1815 1367,1815 1412,1815 1456,1812 1501,1812 1546,1809 1591,1809 1636,1809 1680,1809 1725,1809 1770,1806 1815,1803 1859,1803 1904,1803 1949,1800"/>
                <TextEquiv>
                    <Unicode>froh, dass der rechte Mann die rehte Wahl getroffen</Unicode>
                </TextEquiv>
            </TextLine>
            <TextLine id="tr_2_tl_4" custom="readingOrder {index:3;}">
                <Coords points="517,1942 957,1924 1046,1971 1264,1914 1829,1936 1926,1916 1928,1833 1242,1880 880,1847 703,1880 519,1839"/>
                <Baseline points="528,1919 543,1919 588,1919 632,1919 677,1919 722,1919 767,1919 812,1919 856,1916 901,1916 946,1916 991,1916 1035,1916 1080,1913 1125,1913 1170,1910 1215,1910 1259,1910 1304,1910 1349,1907 1394,1907 1438,1907 1483,1904 1528,1907 1573,1904 1618,1901 1662,1901 1707,1901 1752,1901 1797,1901 1841,1898 1886,1898 1931,1898"/>
                <TextEquiv>
                    <Unicode>hat. Mögen Sie ihr bald das Heidelberger Häuschen bau-</Unicode>
                </TextEquiv>
            </TextLine>
            <TextLine id="tr_2_tl_5" custom="readingOrder {index:4;}">
                <Coords points="517,2031 1765,2039 1874,2011 1874,1922 1571,1952 1280,1922 1052,1971 517,1952"/>
                <Baseline points="528,2012 537,2012 582,2012 626,2012 671,2012 716,2012 761,2009 806,2009 850,2009 895,2009 940,2009 985,2006 1029,2006 1074,2006 1119,2006 1164,2006 1209,2006 1253,2006 1298,2006 1343,2009 1388,2006 1432,2003 1477,2003 1522,2003 1567,2003 1612,2000 1656,2000 1701,2000 1746,1997 1791,1997 1836,1997 1880,2000"/>
                <TextEquiv>
                    <Unicode>können. Meine Kinder in Venedig haben. jetzt etliche</Unicode>
                </TextEquiv>
            </TextLine>
            <TextLine id="tr_2_tl_6" custom="readingOrder {index:5;}">
                <Coords points="533,2110 1856,2128 1884,2029 533,2049"/>
                <Baseline points="543,2098 546,2095 591,2098 635,2098 680,2101 725,2101 770,2101 815,2098 859,2098 904,2098 949,2098 994,2098 1038,2098 1083,2095 1128,2095 1173,2095 1218,2092 1262,2092 1307,2095 1352,2095 1397,2095 1441,2092 1486,2092 1531,2092 1576,2092 1621,2092 1665,2089 1710,2089 1755,2089 1800,2089 1844,2086 1889,2086"/>
                <TextEquiv>
                    <Unicode>Wohnungsschwierigkeiten durch einen kläglichen wah-</Unicode>
                </TextEquiv>
            </TextLine>
            <TextLine id="tr_2_tl_7" custom="readingOrder {index:6;}">
                <Coords points="527,2205 1155,2247 1494,2195 1783,2203 1783,2142 1644,2116 1472,2152 1169,2106 1038,2134 792,2104 711,2142 527,2108"/>
                <Baseline points="537,2194 579,2191 623,2191 668,2191 713,2191 758,2191 803,2191 847,2191 892,2191 937,2191 982,2191 1026,2191 1071,2191 1116,2188 1161,2188 1206,2188 1250,2188 1295,2188 1340,2191 1385,2188 1430,2185 1474,2185 1519,2185 1564,2185 1609,2188 1653,2188 1698,2185 1743,2185 1788,2182"/>
                <TextEquiv>
                    <Unicode>haft Goldonischen Hausherrn - ("nur half dass</Unicode>
                </TextEquiv>
            </TextLine>
            <TextLine id="tr_2_tl_8" custom="readingOrder {index:7;}">
                <Coords points="527,2332 1020,2324 1113,2284 1930,2304 1942,2197 1155,2247 610,2207 527,2247"/>
                <Baseline points="537,2286 558,2283 603,2283 647,2283 692,2283 737,2283 782,2283 826,2283 871,2283 916,2283 961,2283 1006,2283 1050,2286 1095,2283 1140,2283 1185,2283 1229,2283 1274,2283 1319,2280 1364,2283 1409,2283 1453,2283 1498,2277 1543,2277 1588,2280 1633,2280 1677,2280 1722,2280 1767,2280 1812,2277 1856,2280 1901,2280 1946,2283"/>
                <TextEquiv>
                    <Unicode>der lebt") im übrigen sind sie glücklich, und ich habe</Unicode>
                </TextEquiv>
            </TextLine>
            <TextLine id="tr_2_tl_9" custom="readingOrder {index:8;}">
                <Coords points="529,2383 856,2415 1207,2374 1325,2411 1456,2370 1567,2409 1672,2376 1672,2300 1472,2326 1113,2284 1020,2324 529,2332"/>
                <Baseline points="540,2376 558,2373 603,2373 647,2373 692,2373 737,2370 782,2370 826,2370 871,2373 916,2373 961,2373 1006,2373 1050,2370 1095,2370 1140,2370 1185,2370 1229,2370 1274,2370 1319,2370 1364,2370 1409,2370 1453,2370 1498,2367 1543,2370 1588,2370 1633,2370 1677,2367"/>
                <TextEquiv>
                    <Unicode>ihn (von Lili gar nicht zu reden) sehr ger=</Unicode>
                </TextEquiv>
            </TextLine>
            <TextLine id="tr_2_tl_10" custom="readingOrder {index:9;}">
                <Coords points="586,2498 898,2465 1605,2490 1688,2467 1688,2379 1516,2425 1357,2387 838,2425 586,2405"/>
                <Baseline points="597,2462 617,2462 662,2462 707,2462 752,2459 797,2459 841,2459 886,2459 931,2456 976,2459 1021,2459 1065,2459 1110,2459 1155,2459 1200,2459 1244,2462 1289,2459 1334,2459 1379,2459 1424,2459 1468,2459 1513,2456 1558,2456 1603,2456 1647,2456 1692,2456"/>
                <TextEquiv>
                    <Unicode>dass wir drei im Frühjahr eine schöne Bezug-</Unicode>
                </TextEquiv>
            </TextLine>
            <TextLine id="tr_2_tl_11" custom="readingOrder {index:10;}">
                <Coords points="586,2599 800,2617 945,2556 1123,2603 1234,2572 1514,2605 1595,2550 1595,2483 586,2498"/>
                <Baseline points="597,2549 641,2546 686,2549 731,2546 776,2549 820,2549 865,2552 910,2549 955,2549 1000,2549 1044,2552 1089,2552 1134,2549 1179,2549 1224,2549 1268,2549 1313,2546 1358,2546 1403,2546 1447,2546 1492,2549 1537,2549 1582,2549 1600,2549"/>
                <TextEquiv>
                    <Unicode>acht haben. Corfu, Athen, Constantinopel</Unicode>
                </TextEquiv>
            </TextLine>
        </TextRegion>
    </Page>
</PcGts>
