3515 3640
1921 708 2046 842 222
1219 735 1758 899 — Jatsachen.
942 846 1969 1036 Bitte adressieren Sie den beiliegenden Misch
939 924 1920 1092 an Herrn Lothar und schicken Sie ihn weg,
869 1046 1863 1188 2) Maaterlinck hat mich zur Übersetzung.
1751 1082 1866 1159 Jm
957 1173 1559 1286 Ereundlichst autorisirt.
884 1212 1973 1430 3) Die Empfehlung an die Palmag habe ich verlangt
908 1342 1904 1490 und werde sie Bahr nächstens schicken.
889 1435 1977 1594 4.) Vielleicht könnte Aafka die ersten Viertel¬
961 1513 1909 1684 jahresbeiträge rasch einkassieren und unß
1015 1604 2004 1766 gegen Garantie durch persönliche Unterschrift
1111 1663 2084 1858 leihen. Dort wäre doch vielleicht 200 fl
943 1790 2003 1961 5.) Suchen Sie Bauer gegenüber unß wichtig
1061 1859 1988 2013 und erst zu machen und trachte
1051 1954 2061 2115 Sie, daß erste Heft möglichst bald erscheint.
1065 2044 1961 2196 Am die Première: Fulder, Sclavein.
1086 2127 1969 2281 Griselidis und Schlesinger "Derby"
1051 2227 1955 2420 lässt sich künstlerisch und soviel
1076 2378 1758 2500 uendlich viel anhängen.
1699 2419 1855 2559 Loris
