2255 3399
906 550 1020 674 84
1501 667 1625 765 111
411 646 828 768 A.S. an H.v.H.
411 735 1781 844 macht. Von dieser hoff ich zuversichtlich, dass sie
409 825 1779 963 auch Ihnen andern Freude machen wird. Meine grosse
414 920 1797 1034 Novelle hab ich der H. Dtsch. Rundschau gegeben; sie
414 1014 1797 1104 ist nicht übel ausgefallen; bisher kennen sie Salten
414 1104 1793 1198 und Schwarzkopf, die beide sehr zufrieden scheinen.-
411 1181 1782 1303 Wie lange ich noch hier bleibe weiss ich nicht ge-
409 1273 1828 1361 nau;in etwa 8-10 Tagen dürfte ich jedenfalls in Wien
418 1356 1800 1480 sein; aber über die erste Augusthälfte herrscht noch
409 1439 1745 1565 grosse Unklarheit.Mitte August soll eine Fusstour
414 1558 1743 1657 begonnen werden, die ich in Alt-Aussee mit Richard
418 1643 1726 1710 ausgeheckt habe. Paul Goldmann, Kerr, Oskar Meyer
418 1720 1743 1809 schliessen sich vielleicht an.Am Ende auch Georg
409 1802 1735 1926 Hirschfeld (Elly dürfte wegen Kerr und Goldmann
411 1887 917 1991 sehr dafür sein.) -
418 1958 1800 2083 Ein paar Stunden täglich plaudere ich mit einer an-
411 2069 1802 2161 gehenden nicht hübschen Schauspielerin, die für ihre
414 2159 1784 2269 18 Jahre von einer unglaublichen Klugheit ist. Sie
409 2241 1763 2354 wohnt hier mit ihrer Schwester, die ein 16jähriges
411 2331 1736 2418 keckes, aber gescheidtes Judenmädel ist;stets ist
416 2416 908 2510 +) "Bertha Garlan"
356 2485 641 2590 xx) Olga.
