2250 3336
1424 620 1600 739 142
289 654 663 790 A.S. an H.v.H.
953 689 1088 795 100
287 745 831 904 Militär eintrifft!-
291 786 1638 991 Mit dem Arbeiten gehts weiter leidlich, ja gut.Mit
305 866 1679 1065 der stärksten Anteilnahme, die auf irgend einem tie-
315 972 1657 1142 fern Grund schliessen lässt, in den ich noch nicht
309 1059 1647 1254 ganz hinabblicken kann, lese ich im Vehse die Zeit
331 1122 1714 1327 des xxx fünften Karl. Seite für Seite hat man
334 1242 1603 1423 die Empfindung:undramatisierter Shakespeare.-
338 1316 1750 1507 -Die Hebbel-Tagebücher habe ich nun zum zweiten Male
334 1413 1688 1589 gelesen; meine Bewunderung ist womöglich noch ge-
351 1489 1755 1694 stiegen-aber menschlich hab ich mich von ihm diesmal
356 1576 1723 1757 entfernt. Es ist ein prachtvoller Geist,in beinah
360 1690 1712 1847 ununterbrochener Arbeit ; aber man dürfte das ganze
362 1746 1782 1941 auch von 1863 nach rückwärts lesen-ohne dass Verständ-
362 1862 1775 2033 nis oder Genuss darunter litte. Was mir die Gesell-
378 1947 1676 2099 schaft von weit geringeren manchmal werter macht
372 2026 1775 2174 als die seine ist, dass es mir erlaubt ist einer Ent-
378 2086 1836 2276 wicklung zuzuschauen, und das ist doch immer das schön¬
389 2207 1788 2355 ste und packendste, was wir erleben können. Es ist un-
389 2324 1768 2458 heimlich in einem Menschen auch blättern zu können,
385 2395 1761 2577 vie in einem Aphorismenbuch. Wenn mir ein Band aus
