2227 3241
1698 623 1795 743 199
506 677 905 806 A.S. an H.v.H.
1536 649 1646 789 de ses
997 685 1081 780 12
970 754 1616 879 132 Wien, 12.6.1912.
509 849 1902 969 Mein lieber Hugo, für Ihren schönen Brief, der mir
515 937 1937 1066 ans Herz gegriffen hat, muss ich Ihnen gleich danken.
508 1025 1836 1155 Zu erwiedern hab ich nur mit dem Wunsch, dass es
515 1142 1917 1250 zwischen uns bleibe, wie es war und ist, was die un-
526 1196 1898 1325 zerstörbare innere Verknüpfung anbelangt-dass aber
526 1295 1904 1426 die äusseren Verknüpfungen sich etwas häufiger er-
526 1407 1973 1504 geben sollten, als bisher. Denn das "Umeinanderwissen"
524 1491 1904 1611 ist zwar ein edles und schmackhaftes, aber doch ein
511 1584 1288 1689 mageres Brot für die Seele.
519 1661 1946 1760 Und um gleich den Anfang zu machen, wir möchten gerne
521 1741 2006 1866 nächste Woche bei Euch angefahren kommen, in den frühen
521 1855 2012 1958 Abendstunden; gegen Ehde, ich schreibe oder telegraphie-
524 1960 2023 2057 re den Tag am Montag oder Dienstag. jetzt mach ich mich
526 2019 1896 2150 eben fertig, um nach Prag zu fahren, wo ich gezykelt
524 2105 2016 2254 werde. Ich soll mir den Einsamen Weg vorspielen lassen.
526 2202 1407 2344 Wir grüssen-uch herzlichst. Ihr
1392 2305 1612 2421 Arthur.
