2248 3383
1597 701 1703 853 65
503 704 1206 843 A.S. an H.v.H. 52
1300 707 1522 855 Pour Votre
1069 813 1581 930 Ischl, 9.7.97.
569 888 1826 998 Mein lieber Hugo, überallher kommen nur ärger-
575 1007 1870 1119 liche Nachrichten, insbesondere diese Schwierig-
569 1107 1877 1206 keiten mit der Wiener Wohnung stören mich sehr.
569 1177 1749 1311 Ich werde wohl früher nach Wien fahren und
595 1291 1657 1383 gleich definitiv in Wien bleiben. "
582 1351 1867 1487 Jetzt kann ich nicht weg von hier, es wäre auch
590 1452 1932 1554 eine wahrscheinlich nutzlose Hin und Herhetzerei.
592 1535 1798 1657 Bitte,lieber Hugo, ginge das, dass wir unsere
584 1659 1826 1764 Salzburger Zusammensein um ein paar Tage frü-
584 1734 905 1835 her hätten?
584 1830 1813 1933 Dass Sie statt am 23. schon am 22. oder noch
590 1913 1778 2042 lieber am 21. in S. wären, resp. ich Sie
592 2015 1246 2109 in Bruck-Fusch abholte?
587 2077 1783 2209 Mit Poldi Andrian wirds hoffentlich (dieses
587 2194 1905 2300 hoffentlich kommt nicht nur aus Bequemlichkeit,
595 2260 1910 2375 sondern auch aus "ärztlicher Einsicht" her) bald
595 2358 1833 2452 wieder besser sein. Jetzt gleich nach Wien zu
590 2469 1805 2569 fahren, wäre mir eine rechte Unannehmlichkeit
