2250 3336
1377 653 1499 791 149
188 670 636 802 A.S. an H.v. H.
793 715 905 793 102
188 739 1090 873 ich ihn sehen-sein Stück hören. -
448 857 939 965 Herslichst Ihr A
1179 931 1458 1066 16.9.1904.
812 1019 926 1101 103
1178 1026 1642 1103 Lueg am Wolfgangs,
192 1045 1629 1193 Lieber Hugo, bis heute sind wir dageblieben, seit vor-
202 1185 1665 1273 gestern arges Regenwetter, heut Nachmittag fährt Bichar
207 1254 1663 1360 vorbei; wir steigen zu ihm ein und bleiben noch ein paa
198 1340 1663 1444 Tage in Salzburg-dann wahrscheinlich direkt Wien.Gear-
202 1407 1670 1525 beitet so gut wie nichts, aber grosse Sehnsucht darnach
194 1515 1657 1622 Mit Burckhardt ein paar sehr angenehme Stunden. Das Rad
207 1562 1691 1706 ununterbrochen schwer krank-es zeigt sich, dass die Tret
196 1693 1689 1795 kurbel und noch einiges andere total hin war. Bin einmal
202 1760 1668 1870 von St. Gilgen nach Lueg gefahren. Jetzt ist es ganz in
202 1866 1676 1974 Ordnung und wird wahrscheinlich auf der Eisenbahn zer-
202 1960 1698 2057 trümmert werden. Ihre (eine) Karte erhalten. Ob Sie schö
198 2023 1674 2152 nes Wetter auf der Tour gehabt haben? Eine neulich ge-
192 2122 1618 2238 kommene Karte leg ich bei. Lassen Sie sehr bald nach
202 2204 849 2320 Wien einiges vernehmen.
194 2307 976 2424 Wir grüssen Sie Beide Beide.
621 2381 1030 2488 Herzliebst Ihr
