2135 3112
1694 508 1789 670 49
299 601 891 738 A.S. an H.v.H.
1247 641 1548 764 Anfang 97.
969 700 1227 799 Minnie
304 695 1673 874 Lieber Hugo, ich habe der xxx telephoniert: wann
304 829 1789 999 morgen Probe sei, sie antwortete: noch nicht bestimmt,
314 878 1810 1072 wahrscheinlich ja; dann fragte ich, ob sie heut zu W.'s
310 1025 1533 1180 komme, worauf sie sagte, sie glaube nicht.
321 1083 1720 1272 Damit war das Gespräch ("Also auf Wiedersehen" (ich)
327 1223 566 1356 beendet.
327 1249 1744 1444 Ich gehe also nicht zu W.'s. Die Möglichkeit ist zu
336 1374 1841 1507 bedenken, dass sie nur nicht will, das ich heut hinaus -
338 1460 1718 1610 komme. Viekleicht haben Sie irgend eine Nachricht.
342 1567 1787 1711 Wollen Sie noch was wissen, so können Sie mir wohl zu
351 1656 1698 1817 Loebs telef. Ich bleibe dort wohl bis ½5 oder 5.
355 1726 1821 1909 dann geh ich zu mir nach Haus. Spät Abde. (§11 denk
357 1879 1001 2004 ich) bin ich im Pucher.
676 1914 1227 2101 Herzliche der Ihre
1233 2013 1442 2110 Arthur.
964 2097 1128 2217 ==== =====
