2227 3335
1324 627 1440 781 150
125 664 538 798 A.S. an H.v.H.
1006 692 1304 854 24.9.1904.
724 772 876 865 104
126 843 1553 932 Lieber Hugo, Jagd nach Liebe ist bei Wassermann, ich
136 924 1568 1043 habe ihm geschrieben, er möge Ihnen das Buch senden.-
132 1008 878 1127 Assy besitz ich gar nicht.-
132 1105 1499 1213 Ich fange erst in den nächsten Tagen ordentlich zu
140 1172 1460 1283 arbeiten an. Hatte viel Kopfweh. Wir sind seit 20.
145 1280 1468 1393 Abend hier, waren in Salzburg mit Richard und Bahr
145 1378 1187 1484 susammen; sahen auch Karg ein paar Mal.
147 1455 1585 1553 Vielleicht kann uns Gerty die Adresse der Italienerin
154 1551 1540 1648 sagen, bei der sie einmal Stunden genommen hat. Adres
151 1622 1611 1728 se und Namen. Einmal war sie bei mir, einer Uebersetzung
154 1720 1648 1821 wegen, wohnte damals Hammerand. Gestern bin ich geradelt
147 1793 1566 1933 im, Hütteldorf.Neuwaldegg; es ist schon so herbstlich.
145 1875 1401 2016 Mein Rad hat sich auf der Reise recht erholt.
153 1983 1548 2122 Herzliche Grüsse an Sie, Gerty, Hans von uns Beiden.
614 2085 707 2172 Ihr
