<?xml version="1.0" encoding="UTF-8" standalone="yes"?>
<PcGts xmlns="http://schema.primaresearch.org/PAGE/gts/pagecontent/2013-07-15" xmlns:xsi="http://www.w3.org/2001/XMLSchema-instance" xsi:schemaLocation="http://schema.primaresearch.org/PAGE/gts/pagecontent/2013-07-15 http://schema.primaresearch.org/PAGE/gts/pagecontent/2013-07-15/pagecontent.xsd">
    <Metadata>
        <Creator>prov=READ-COOP:name=TrHtr:version=2.1.0:model_id=51170:date=25_07_2023_14:44</Creator>
        <Created>2023-05-01T21:59:26.375+02:00</Created>
        <LastChange>2023-07-25T14:44:49.855+02:00</LastChange>
        <TranskribusMetadata docId="1416441" pageId="54947130" pageNr="76" tsid="130683880" status="IN_PROGRESS" userId="64420" imgUrl="https://files.transkribus.eu/Get?id=KWKXONPDEFDHPZOOHSAHUNPQ&amp;fileType=view" xmlUrl="https://files.transkribus.eu/Get?id=RYCAHHMZFHXTGUKYRJQSHFHR" imageId="44451215"/>
    </Metadata>
    <Page imageFilename="1416441_0076.jpg" imageWidth="2280" imageHeight="3352">
        <ReadingOrder>
            <OrderedGroup id="ro_1711830639192" caption="Regions reading order">
                <RegionRefIndexed index="0" regionRef="tr_2"/>
                <RegionRefIndexed index="1" regionRef="tr_1"/>
            </OrderedGroup>
        </ReadingOrder>
        <TextRegion id="tr_2" custom="readingOrder {index:0;}">
            <Coords points="486,743 1841,743 1841,1272 486,1272"/>
            <TextLine id="tr_2_tl_1" custom="readingOrder {index:0;}">
                <Coords points="485,836 743,800 1200,831 1199,675 1056,695 994,734 959,717 922,750 833,728 640,756 538,725 485,745"/>
                <Baseline points="495,793 540,793 585,796 629,796 674,796 719,796 764,799 808,799 853,799 898,802 943,802 987,799 1032,805 1077,802 1122,802 1167,799 1205,796"/>
                <TextEquiv>
                    <Unicode>A.S. an H.V.H. (58)</Unicode>
                </TextEquiv>
            </TextLine>
            <TextLine id="tr_2_tl_2" custom="readingOrder {index:1;}">
                <Coords points="1248,906 1352,935 1416,902 1543,911 1568,933 1645,908 1735,924 1781,897 1825,910 1823,842 1720,836 1652,798 1493,829 1336,796 1285,831 1246,820"/>
                <Baseline points="1259,883 1304,889 1349,889 1393,889 1438,892 1483,892 1528,892 1573,892 1617,892 1662,892 1707,889 1752,892 1796,892 1829,892"/>
                <TextEquiv>
                    <Unicode>Graz, Freitag, 15.7.98.</Unicode>
                </TextEquiv>
            </TextLine>
            <TextLine id="tr_2_tl_3" custom="readingOrder {index:2;}">
                <Coords points="476,1019 1803,1019 1819,904 476,944"/>
                <Baseline points="486,979 531,982 576,982 620,982 665,982 710,982 755,982 799,982 844,982 889,985 934,985 979,985 1023,985 1068,985 1113,982 1158,982 1202,985 1247,985 1292,982 1337,985 1381,985 1426,985 1471,985 1516,985 1561,985 1605,985 1650,985 1695,985 1740,985 1784,985 1823,987"/>
                <TextEquiv>
                    <Unicode>Mein lieber Hugo, meine Absicht ist, Sonntag von</Unicode>
                </TextEquiv>
            </TextLine>
            <TextLine id="tr_2_tl_4" custom="readingOrder {index:3;}">
                <Coords points="479,1096 1010,1078 1206,1118 1740,1080 1823,1122 1823,1036 1640,1006 1367,1025 1268,992 805,1041 703,1003 479,1041"/>
                <Baseline points="489,1071 534,1071 579,1071 623,1071 668,1071 713,1071 758,1071 802,1071 847,1071 892,1074 937,1074 982,1074 1026,1074 1071,1074 1116,1074 1161,1071 1205,1074 1250,1074 1295,1074 1340,1074 1384,1074 1429,1077 1474,1077 1519,1074 1564,1074 1608,1074 1653,1074 1698,1074 1743,1074 1787,1077 1826,1080"/>
                <TextEquiv>
                    <Unicode>hier fortzureisen; dann zu Bahn, Rad, Wagen weiter,</Unicode>
                </TextEquiv>
            </TextLine>
            <TextLine id="tr_2_tl_5" custom="readingOrder {index:4;}">
                <Coords points="489,1215 675,1179 847,1213 1100,1171 1195,1202 1757,1184 1814,1168 1814,1116 1407,1082 893,1136 489,1118"/>
                <Baseline points="498,1164 543,1164 588,1167 632,1167 677,1167 722,1167 767,1167 811,1167 856,1167 901,1167 946,1167 990,1170 1035,1170 1080,1170 1125,1167 1170,1167 1214,1167 1259,1167 1304,1167 1349,1170 1393,1170 1438,1170 1483,1167 1528,1167 1573,1167 1617,1167 1662,1167 1707,1167 1752,1167 1796,1167 1817,1170"/>
                <TextEquiv>
                    <Unicode>vielleicht komm ich in die Fusch, da seh ich wohl</Unicode>
                </TextEquiv>
            </TextLine>
            <TextLine id="tr_2_tl_6" custom="readingOrder {index:5;}">
                <Coords points="481,1288 1766,1286 1837,1279 1837,1188 481,1213"/>
                <Baseline points="492,1259 498,1256 543,1259 588,1259 632,1259 677,1259 722,1259 767,1259 811,1259 856,1259 901,1259 946,1259 990,1259 1035,1259 1080,1259 1125,1259 1170,1259 1214,1259 1259,1259 1304,1259 1349,1259 1393,1259 1438,1256 1483,1259 1528,1259 1573,1259 1617,1259 1662,1262 1707,1262 1752,1259 1796,1259 1841,1256"/>
                <TextEquiv>
                    <Unicode>noch Ihre Eltern, Donnerstag 21.Bad Gastein,Villa</Unicode>
                </TextEquiv>
            </TextLine>
        </TextRegion>
        <TextRegion id="tr_1" custom="readingOrder {index:1;}">
            <Coords points="474,1302 1955,1302 1955,2571 474,2571"/>
            <TextLine id="tr_1_tl_1" custom="readingOrder {index:0;}">
                <Coords points="489,1371 1673,1405 1878,1363 1878,1290 489,1301"/>
                <Baseline points="498,1355 537,1352 582,1352 626,1355 671,1355 716,1355 761,1352 805,1355 850,1352 895,1355 940,1355 985,1352 1029,1355 1074,1352 1119,1352 1164,1355 1208,1352 1253,1355 1298,1352 1343,1355 1387,1352 1432,1352 1477,1352 1522,1355 1567,1352 1611,1355 1656,1355 1701,1355 1746,1355 1790,1355 1835,1355 1880,1352"/>
                <TextEquiv>
                    <Unicode>Wassing, dort treffen mich Nachrichten bis 23. (Bei</Unicode>
                </TextEquiv>
            </TextLine>
            <TextLine id="tr_1_tl_2" custom="readingOrder {index:1;}">
                <Coords points="472,1490 1404,1453 1815,1482 1815,1398 472,1391"/>
                <Baseline points="483,1450 528,1450 573,1450 617,1450 662,1450 707,1453 752,1453 796,1453 841,1453 886,1453 931,1453 976,1453 1020,1450 1065,1450 1110,1450 1155,1450 1199,1450 1244,1450 1289,1450 1334,1450 1379,1450 1423,1450 1468,1450 1513,1450 1558,1450 1602,1450 1647,1450 1692,1450 1737,1450 1781,1450 1820,1453"/>
                <TextEquiv>
                    <Unicode>meiner Mama ). (Also nicht offene Karte! )- Dann</Unicode>
                </TextEquiv>
            </TextLine>
            <TextLine id="tr_1_tl_3" custom="readingOrder {index:2;}">
                <Coords points="481,1581 1852,1570 1814,1497 1356,1519 1175,1464 481,1508"/>
                <Baseline points="492,1546 537,1549 582,1549 626,1546 671,1546 716,1549 761,1549 805,1549 850,1549 895,1549 940,1546 985,1546 1029,1549 1074,1549 1119,1549 1164,1549 1208,1546 1253,1546 1298,1546 1343,1546 1387,1546 1432,1546 1477,1546 1522,1546 1567,1546 1611,1543 1656,1546 1701,1543 1746,1543 1790,1546 1835,1546 1856,1546"/>
                <TextEquiv>
                    <Unicode>schlängle ich mich allmählich nach Salzburg - und</Unicode>
                </TextEquiv>
            </TextLine>
            <TextLine id="tr_1_tl_4" custom="readingOrder {index:3;}">
                <Coords points="485,1669 1323,1652 1453,1704 1570,1652 1837,1651 1837,1583 1656,1610 1261,1554 485,1587"/>
                <Baseline points="495,1638 540,1638 585,1641 629,1641 674,1641 719,1641 764,1641 808,1641 853,1641 898,1641 943,1641 987,1638 1032,1641 1077,1638 1122,1641 1167,1638 1211,1638 1256,1641 1301,1641 1346,1641 1390,1641 1435,1638 1480,1638 1525,1638 1570,1638 1614,1638 1659,1638 1704,1638 1749,1638 1793,1638 1838,1638 1841,1638"/>
                <TextEquiv>
                    <Unicode>weiteres hören Sie noch.- Die Zeit hier vergeht</Unicode>
                </TextEquiv>
            </TextLine>
            <TextLine id="tr_1_tl_5" custom="readingOrder {index:4;}">
                <Coords points="472,1751 811,1781 1003,1748 1255,1803 1442,1749 1909,1771 1889,1696 1299,1704 1071,1647 472,1693"/>
                <Baseline points="483,1740 525,1740 570,1740 614,1740 659,1740 704,1740 749,1740 793,1740 838,1740 883,1737 928,1740 973,1740 1017,1740 1062,1740 1107,1737 1152,1737 1196,1737 1241,1737 1286,1737 1331,1737 1376,1737 1420,1737 1465,1737 1510,1737 1555,1737 1599,1737 1644,1737 1689,1737 1734,1737 1778,1737 1823,1737 1868,1734 1913,1734"/>
                <TextEquiv>
                    <Unicode>leidlich, wenn auch nicht ganz nach meiner Laune; zum</Unicode>
                </TextEquiv>
            </TextLine>
            <TextLine id="tr_1_tl_6" custom="readingOrder {index:5;}">
                <Coords points="470,1868 1047,1835 1173,1876 1404,1837 1724,1870 1801,1856 1801,1784 1166,1804 941,1751 866,1792 470,1799"/>
                <Baseline points="480,1832 525,1832 570,1835 614,1835 659,1835 704,1835 749,1835 793,1835 838,1835 883,1835 928,1835 973,1835 1017,1835 1062,1835 1107,1835 1152,1835 1196,1835 1241,1835 1286,1832 1331,1835 1376,1835 1420,1835 1465,1832 1510,1832 1555,1832 1599,1832 1644,1832 1689,1832 1734,1832 1778,1832 1805,1832"/>
                <TextEquiv>
                    <Unicode>Familienleben, selbst in mässigem Umfang bin ich</Unicode>
                </TextEquiv>
            </TextLine>
            <TextLine id="tr_1_tl_7" custom="readingOrder {index:6;}">
                <Coords points="472,1962 893,1931 1828,1960 1828,1857 472,1878"/>
                <Baseline points="483,1925 528,1931 573,1928 617,1931 662,1928 707,1931 752,1928 796,1931 841,1931 886,1928 931,1928 976,1928 1020,1928 1065,1928 1110,1928 1155,1928 1199,1928 1244,1928 1289,1928 1334,1925 1379,1928 1423,1928 1468,1925 1513,1925 1558,1925 1602,1925 1647,1925 1692,1925 1737,1925 1781,1925 1826,1925 1832,1928"/>
                <TextEquiv>
                    <Unicode>nicht geboren. Auch sind jetzt die Zustände durch</Unicode>
                </TextEquiv>
            </TextLine>
            <TextLine id="tr_1_tl_8" custom="readingOrder {index:7;}">
                <Coords points="479,2026 1080,2028 1239,2073 1890,2042 1890,1978 1779,1947 1305,1984 1188,1943 1103,1976 847,1945 767,1984 648,1942 479,1958"/>
                <Baseline points="489,2017 507,2020 552,2020 596,2020 641,2020 686,2020 731,2020 776,2017 820,2020 865,2020 910,2020 955,2020 999,2020 1044,2020 1089,2017 1134,2020 1179,2020 1223,2017 1268,2017 1313,2017 1358,2017 1402,2017 1447,2017 1492,2017 1537,2017 1581,2017 1626,2017 1671,2017 1716,2014 1761,2014 1805,2014 1850,2014 1895,2011"/>
                <TextEquiv>
                    <Unicode>die merkwürdige Vermengung von allegitimen und aner-</Unicode>
                </TextEquiv>
            </TextLine>
            <TextLine id="tr_1_tl_9" custom="readingOrder {index:8;}">
                <Coords points="472,2152 833,2123 1032,2172 1623,2147 1660,2137 1660,2051 959,2086 672,2026 472,2061"/>
                <Baseline points="483,2116 501,2116 546,2116 591,2116 635,2116 680,2116 725,2113 770,2116 814,2116 859,2116 904,2116 949,2113 993,2113 1038,2113 1083,2113 1128,2113 1173,2113 1217,2113 1262,2116 1307,2116 1352,2116 1396,2113 1441,2113 1486,2113 1531,2113 1576,2113 1620,2113 1665,2113"/>
                <TextEquiv>
                    <Unicode>kanntem, Einsicht und Halbheit, ganz unruhig.</Unicode>
                </TextEquiv>
            </TextLine>
            <TextLine id="tr_1_tl_10" custom="readingOrder {index:9;}">
                <Coords points="472,2238 1415,2216 1484,2255 1656,2207 1828,2223 1852,2161 928,2174 611,2132 472,2172"/>
                <Baseline points="483,2202 513,2202 558,2202 602,2202 647,2202 692,2202 737,2202 782,2202 826,2202 871,2205 916,2205 961,2202 1005,2202 1050,2202 1095,2202 1140,2202 1184,2202 1229,2202 1274,2202 1319,2202 1364,2202 1408,2202 1453,2199 1498,2199 1543,2199 1587,2199 1632,2199 1677,2199 1722,2199 1767,2199 1811,2199 1856,2199"/>
                <TextEquiv>
                    <Unicode>Zum arbeiten bin ich gar nicht gekommen; mit einer</Unicode>
                </TextEquiv>
            </TextLine>
            <TextLine id="tr_1_tl_11" custom="readingOrder {index:10;}">
                <Coords points="476,2313 1929,2315 1929,2255 1652,2223 1365,2258 476,2238"/>
                <Baseline points="486,2292 498,2292 543,2292 588,2292 632,2292 677,2292 722,2289 767,2289 811,2289 856,2289 901,2292 946,2292 990,2289 1035,2289 1080,2289 1125,2289 1170,2289 1214,2289 1259,2286 1304,2289 1349,2289 1393,2289 1438,2289 1483,2289 1528,2289 1573,2289 1617,2289 1662,2289 1707,2289 1752,2289 1796,2289 1841,2289 1886,2289 1931,2286"/>
                <TextEquiv>
                    <Unicode>sehr lebhaften Sehnsucht ruft es mich zu meinem neuen</Unicode>
                </TextEquiv>
            </TextLine>
            <TextLine id="tr_1_tl_12" custom="readingOrder {index:11;}">
                <Coords points="470,2384 884,2423 1063,2379 1146,2414 1887,2394 1887,2322 470,2324"/>
                <Baseline points="480,2381 501,2378 546,2378 591,2381 635,2381 680,2381 725,2378 770,2381 814,2378 859,2378 904,2378 949,2378 993,2378 1038,2378 1083,2378 1128,2378 1173,2378 1217,2378 1262,2378 1307,2378 1352,2375 1396,2375 1441,2375 1486,2375 1531,2375 1576,2375 1620,2375 1665,2375 1710,2375 1755,2375 1799,2375 1844,2372 1889,2375"/>
                <TextEquiv>
                    <Unicode>Stück - und doch werd ich vorher wahrscheinlich was</Unicode>
                </TextEquiv>
            </TextLine>
            <TextLine id="tr_1_tl_13" custom="readingOrder {index:12;}">
                <Coords points="481,2518 785,2474 1863,2485 1953,2463 1953,2403 481,2428"/>
                <Baseline points="492,2468 522,2465 567,2465 611,2465 656,2465 701,2465 746,2465 790,2465 835,2465 880,2465 925,2465 970,2465 1014,2465 1059,2465 1104,2465 1149,2462 1193,2462 1238,2462 1283,2465 1328,2465 1373,2465 1417,2465 1462,2462 1507,2462 1552,2462 1596,2465 1641,2465 1686,2465 1731,2468 1775,2465 1820,2462 1865,2462 1910,2459 1955,2459"/>
                <TextEquiv>
                    <Unicode>anderes schreiben. Die alte Skizze vom “Sohn” (Mutter-</Unicode>
                </TextEquiv>
            </TextLine>
            <TextLine id="tr_1_tl_14" custom="readingOrder {index:13;}">
                <Coords points="465,2611 598,2569 900,2630 1190,2564 1312,2604 1623,2557 1790,2580 1854,2560 1854,2474 1279,2527 465,2516"/>
                <Baseline points="474,2561 516,2558 561,2558 605,2558 650,2561 695,2561 740,2561 785,2558 829,2558 874,2558 919,2558 964,2558 1008,2558 1053,2558 1098,2558 1143,2558 1187,2558 1232,2558 1277,2558 1322,2558 1367,2558 1411,2558 1456,2558 1501,2555 1546,2552 1590,2555 1635,2555 1680,2555 1725,2555 1770,2555 1814,2555 1859,2555"/>
                <TextEquiv>
                    <Unicode>mörder) gestaltet sich in mir zu irgendwas aus, was</Unicode>
                </TextEquiv>
            </TextLine>
        </TextRegion>
    </Page>
</PcGts>
