2250 3400
1618 658 1741 790 124
435 709 1137 870 A.S. an H.v.H.
440 776 1710 932 Ich schreibe das Stück nun bis zum Schluss und
447 884 1705 1034 halte es selbst nur für eine sehr ausführliche
454 951 1745 1117 Skisze. Wenn dann einige Auftritte fertiger sind
457 1036 1791 1199 als ich geshnt, soll es mich angenehm überraschen.
459 1130 1778 1292 Keinesfalls setz ich mir einen Termin.-H... hab
468 1214 1845 1376 ich ankässlich des Leichenbegängnisses von Richard
470 1299 1750 1454 Vater gesehen,und habe viel Sympathie für ihn.-
471 1389 1795 1564 Anfang nächster Woche denke ich nach Berlin zu
480 1481 1845 1644 fahren; für acht Tage etwa. Brahm scheint plötzlich
487 1568 1745 1734 von Stücken so überschwemmt zu werden, dass die
480 1668 1845 1809 liebe Beatrice wieder unter den Tisch fallen wird.
490 1739 1753 1906 Aber ich denke, unterm Tisch wird der Löwenfeld
492 1899 719 1994 sitzen.-
494 1904 1757 2079 -Die Leb. St. kommen im März mit der Sandrock am
502 2050 1164 2164 Volksth. zur Aufführung. -
506 2095 1788 2249 Ich bin schon sehr gespannt von Ihnen zu hören.
502 2209 1838 2334 Ich verspreche mir für Sie von dem römischen Auf-
508 2292 1826 2431 enthalt unendlich viel. Lassen Sie sich nur nicht
520 2354 1914 2500 verstimmen, wenn Arbeitslust und Kraft nicht gleich
518 2464 1878 2614 wieder da sind. Denken Sie nur was "produktion" für
