2226 3383
1634 719 1721 812 95
934 694 1054 844 76
434 723 828 854 A.S. an H.v.H.
954 819 1661 897 Velden, Pension Pundschu,
938 888 1182 979 18.7.99.
429 924 1725 1061 Lieber Hugo, ich bin heut Früh hier angekommen.
431 1057 1864 1164 Meine Mutter und Schwester wohnen hier.-Habe Nach-
434 1129 1835 1248 mittag mit Schwager und Schwester (von ihr) am See
440 1221 1857 1339 ein Rendezvous.- Heut ist der 18.- - warte auf Nach-
427 1315 1801 1431 richt von Richard,ob er nicht arbeitet (eine Karte
431 1403 1839 1517 deutet es an) bevor ich ihn besuche.-Bleibe mindes-
449 1518 1805 1613 tens 8 Tage hier.-Ob ich meine Radtour bis 1.Sept.
438 1600 1864 1730 hinausschiebe, fraglich.-Auch Salten wollte sie mit-
443 1695 1860 1824 machen.-Keiner bindet den Andern. Im August sehen wir
447 1791 1808 1908 uns jedenfalle, komme ins Salzkammergut-wäre schön,
449 1903 1620 1997 wenn wir zusammen wären und jeder arbeitet.
449 1976 1837 2100 -Will jetzt gleich, in dieser Minute, mein Stück her-
454 2063 1844 2170 vornehmen.-Was ist das Ihre? Historisch? Was Neues?
456 2156 1862 2278 Neue Idee? Ich freue mich, dass Sie in Stimmung sind.
452 2250 1360 2355 Bitte gleich wieder eine Zeile.
465 2341 862 2455 Von Herzen Ihr
956 2367 1036 2469 A.
