2243 3351
1836 658 1928 744 71
525 676 1165 815 A.S. an H.v. H. 56
1195 728 1638 854 Wien, 5. Juli 98.
475 818 1789 978 Mein lieber Hugo, das kann ich ganz gut so ein-
477 921 1772 1076 richten, dass wir uns etwa am 9. August treffen-
486 1001 1781 1137 ob Innsbruck oder vielleicht München, das wollen
487 1097 1893 1229 wir noch sehen; ich dürfte ja vom 1.-9. August unter
491 1202 1765 1334 solchen Umständen (wenn nicht meine Mama doch
494 1302 1827 1439 noch auf mich Ansprüche macht) in Tegernsee sein.
982 1398 1090 1450 Ihre
491 1393 1816 1521 Hoffentlich wird xxx Stimmung noch in Galizien
507 1514 1332 1636 besser. Haben Sie viel zu tun?
498 1558 1921 1713 Ich werde wahrscheinlich Montag abreisen; eine Reihe
503 1658 1885 1800 von Tagen in Graz bleiben. Sie werden ihmer wissen,
509 1756 1866 1885 wo ich bin. Wie wird das nur mit Richard sein, wenn
509 1843 1873 1976 unsser Rendezvous so weit hinausgeschoben ist? Ich
507 1942 1934 2067 erwarte heute einen Brief von ihm, der telegraphisch
512 2047 879 2145 pravisiert ist.
514 2063 1942 2190 Ich schreibe an dem Stück, das vorläufig "Shawl" heis-
516 2143 1848 2229 sen soll; bin im 2.Akt, der mir aber bisher im Ton
518 2206 1302 2270 durchaus nicht gelingen will.
516 2197 1893 2314 Im übrigen bin ich recht gequält.- Schauen wir nur,
512 2279 1869 2364 dass dieses Zusammensein im August zustande kommt.
749 2335 1146 2442 Von Herzen Ihr
1130 2359 1339 2446 Arthur.
