2250 3336
1506 581 1629 699 139
371 587 766 697 A.S. an H.v.H.
974 609 1135 718 [99]
362 686 1749 827 nächsten Tag entwarf ich das Scenarium, am übernäch-
367 817 1694 915 sten standen die Gestalten schon so klar vor mir,
375 863 1815 1018 dass ich mich berechtigt fühlte, die erste schlamperte
369 963 1758 1089 Niederschrift zu beginnen, die mich wohl nicht lange
365 1057 1845 1197 in Anspruch nehmen wird. Es kann, wenn die Laune bleibt
371 1142 1699 1286 ein preciöses Ding werden. Ein anderes Stück, eine
365 1245 1720 1382 fünfaktige Komödie, von der in Taormina drei Akte
360 1362 1769 1469 ganz flüchtig und zum Theil blödsinnig hingehmis-
362 1463 1753 1557 sen wurden, die sich aber hier, wenigstens im Plan, zu
367 1530 1751 1655 etwas sehr möglichem entwickelte, bleibt nun bis auf
362 1629 1738 1732 weiteres liegen. Von dem phantastisch historischen
358 1710 1696 1812 Stück und manchem andern, das in zweiter Reihe und
365 1777 1664 1910 dritter steht, will ich vorläufig nicht reden; ich
352 1878 1795 1994 möchte nur das strategische Talent haben, die Truppen,
356 1985 1766 2083 die ich vorläufig nicht brauche, mit der nötigen An-
358 2053 1692 2166 torität in die Reserve oder wenigstens hinter die
354 2146 1749 2282 Schlachtlinie zu verweisen. (Hören Sie den ehemaligen
351 2231 1749 2362 k.u.k. Oberarzt aus diesen Worten trompeten?) Ausser-
349 2323 1718 2445 dem möchte ich allerdings noch manches andere: vor
