2071 3256
324 605 714 769 A.S, an H.v.H.
892 627 1020 745 49)
1636 605 1730 772 56
1123 689 1490 840 Paris, 6.5.97.
364 752 1661 920 Mein lieber Hugo, Fischer hat den Satz von Mimi
358 869 1761 1020 auf meinen Wunsch bereits ablegen lassen, und so ist
362 972 1734 1120 die letzte Gefahr geschwunden. Ich hoffe, Sie haben
354 1080 1705 1220 meinen vorigen zweiten Brief, in dem ich Ihnen auf
358 1165 1743 1314 Ihr diesbezügliches Ersuchen geantwortet, erhalten?-
431 1254 511 1310 G.F.P
347 1287 1696 1398 Ist es ruhig geworden im Hause Loeb?- Wie geht es
354 1349 1696 1525 der geschädigten Verfasserin der Soenen aus einem
353 1454 718 1547 Mädchenleben etc.
349 1532 1770 1665 - Die Delma (?) hab ich schon gehört ; gerade am Abend
349 1632 1788 1778 bevor Ihr Brief kam, als Orpheus. Sie hat eine mächti-
629 1723 751 1778 G.C.F.P.
345 1738 1725 1876 ge, nicht immer edle Stimme, eine besondere Höhe der
345 1818 1803 1954 Darstellung und des Gesanges erreicht sie am Schluss;
347 1914 1732 2045 da bin ich tief ergriffen gewesen - bis dahin hatt:
338 1997 1425 2146 ich die Papier nicht vergessen können.-
345 2117 1765 2234 Jetzt eben komme ich von einer Matinee im Français,
373 2212 1781 2330 o man den Misanthroughropen gegeben hat. Um hier der ab-
345 2283 1790 2401 soluten Grösse inne zu werden, muss man sich doch erst
324 2377 1687 2526 historisch montieren, was weder bei Sophokles noch
