2255 3399
932 595 1042 677 84
353 597 844 770 A.S. an H.v.H.
1667 645 1784 742 113
363 725 1720 824 jetzt viel besser oder ganz gut zu gehen. Schreiben
363 818 1778 928 Sie mir recht bald wieder, ists kein Brief, so sei es
357 904 1853 1019 eine Karte. Aber verlieren wir uns keineswegs, auch nicht
353 988 1153 1101 auf Tage, ganz aus den Augen.
363 1084 1765 1179 Ich hoffe, Ihr Papa ist ganz gesund. Grüssen Sie ihn,
355 1174 1741 1263 Ihre Mama, und die Familie Speyer mehr oder weniger.
348 1259 1172 1350 Herzlichst der Ihrige. Arthur.
980 1335 1142 1389 Wiener
348 1350 1806 1442 Benützen Sie nur meine xxx Adresse, das ist am si-
357 1438 1843 1542 chersten. Ich habe vergessen, dass ich Sie von der Schau-
355 1531 1369 1668 spielerin sehr herzlich grüssen soll.
