3498 3576
825 316 2671 608 Ausammerklang bringe. Ansenden aber habe
1758 504 2462 663 Soviel nun von
880 559 1605 734 mit schlütte Regen.
901 614 2737 828 Liti i mein schrieigen, durch weitselnde
839 759 2554 970 Hilte und vielselnden Ausdruck noch
851 940 2542 1135 eiselveiten Begegnungen mit ihr. Ich
841 1066 2540 1249 aber eine Bitte, eine Geisterei, einige
851 1194 2604 1398 mir je da je viele die jede. Pass
825 1392 2455 1563 brugt. Aber ich wozu es, denn is
853 1531 2494 1685 handelt viel darum, einen ordentlichen, in
880 1641 2577 1864 die schriengste Lage zuissenen Mensch
823 1829 2609 2011 zu Telfen. Der Verleger Erich Reis / verlegen
837 1967 2593 2125 in Brandes und anderer, fast lautes gutes
885 2143 2572 2361 Seuter) ins zusammengebrochen. Es wäre
814 2318 2581 2508 ihn im poßen Mitger, in allen moralist,
2295 2485 2444 2657 l'été
883 2497 2226 2659 wenn Sie (ebenso sie,il) die
883 2616 1366 2776 haben wollen.
1619 2625 2348 2817 pour teilen in
862 2769 2208 2944 Nachricht zu dictieren, wo
1554 2882 2533 3125 in das Kölyheit zum
1043 2898 1476 3099 beänden
