2236 3336
1611 659 1707 741 91
441 632 845 746 A.S. an H.v.H.
902 734 1009 865 73
1236 707 1481 860 24.3.99.
435 844 1847 972 Mein lieber Hugo, wenn ich früher nach Berlin fahre,
441 913 1794 1039 so doch erst Ostern, mit meinem Bruder (Chirurgen-
444 1018 1815 1153 kongress). Sagen Sie mir, wenn Sie wieder nach Wien
444 1114 1815 1249 kommen. Vielleicht fahre ich morgen nach Graz, dort
446 1217 1751 1348 sind jetzt ihre Eltern. Es brennt in mir weiter,
446 1291 1840 1439 ganz wie wenn alles von dem tobenden Schmerz aufge-
455 1396 1728 1529 fressen werden sollte. Nie, nie versteht man es.
446 1487 1842 1623 Sie machen sich doch nichts daraus, dass Ihre Stücke
449 1586 1812 1730 in B. nicht gegangen sind; hoff ich.-Wie soll das
453 1679 1764 1814 mit meinem in B. werden. Jeder Satz ist beinah
455 1771 1865 1908 eine gemeinschaftliche Erinnerung- wie jeder Gedan-
444 1867 1789 2009 ke dieser vier Jahre, wie jedes Haus, jeder Stein,
453 1989 1735 2117 jeder Mensch in Wien; wie meine ganze Existenz.
449 2078 1874 2178 Schreiben Sie mir bitte wie Sie leben, wen Sie sehen.
449 2165 1828 2293 Ihr Vater war bei mir, ich aber nicht zuhaus. Viel
455 2229 1789 2384 bin ich mit Gust.Schw. zusammen, auch mit Richard;
446 2348 1048 2469 Salten.-Von Herzen Ihr
1060 2389 1220 2513 Arth.
