2250 3400
1001 544 1108 656 88
1674 591 1786 672 119
501 589 911 730 A.S. an H.v.H.
1065 672 1169 727 ich
501 654 1921 821 gewiss erwidern, dass xxxx schon aus dem Umstand. dass
497 752 1947 907 Sie mir überhaupt geschrieben haben, entnehmen müsste,
506 846 1900 992 es handelte sich um einen herzlichen Wunsch von Ih-
502 938 1818 1090 nen. Bei näherer Ueberlegung sehe ich das ein, und
510 1021 1896 1175 es war unrecht von mir, so rasch, ohne Würdigung die-
510 1122 1921 1262 ses Umstands, Ihnen abzutelegraphieren. Aber die Hoff-
502 1198 1856 1338 nung einer Bekanntschaft für nächstens, die ich am
519 1296 1804 1401 Schluss ausgesprochen habe, war keine Phasse, und
519 1388 1840 1502 dass Ihr Aerger über mich geschwunden ist, werden
524 1462 1878 1603 Sie bei unserm nächsten Zusammensein am besten da-
526 1567 1889 1694 durch beweisen, dass Sie lieber auf den letzten als
528 1656 1903 1770 auf den ersten Satz meines Telegramms zurückgrei-
530 1746 1885 1842 fen. Denken Sie freundlichst noch einmal dran, dass
526 1838 1896 1929 ich seit sehr vielen Jahren kein mir fremdes Hans
528 1916 1920 2032 betreten habe und Sie werden vielleicht spüren, dass
528 2015 1851 2111 ich mit dem Wort von der Unbequemlichkeit mich
537 2095 1911 2220 selber mehr ins Unrecht gesetzt habe, als notwendig
542 2205 1925 2308 war. Das wesentliche ist und bleibt:mir kam Ihr heu-
539 2270 1936 2393 tiger Brief so überraschend wie möglich-denn als in
537 2371 1887 2493 mein Telegramm absandte, war ich mir absolut nicht
