2291 3399
1113 628 1198 751 80
579 647 1016 772 A.S. an H.v.H.
1651 647 1749 739 102
1442 655 1616 782 G.C.P.
1668 725 1755 780 G.F.P.
576 765 1892 924 Bahr gelesen haben. Ich schiks Ihnen hier. Er ist
572 893 1952 1016 gewiss nicht nur ein Aff, sondern auch ein boshafter
563 948 732 1089 Aff.-
572 1073 1907 1170 Wie gehts Ihnen? Fliesst die Arbeit munter fort? -
557 1153 1935 1271 Dass Ihnen das Stück sich versagen könnte, ist ganz
558 1234 1954 1349 unmöglich; es geht in so reiner Linie vorwärts, dass
567 1335 1876 1465 es mir xxx mehr auf die rechte Stimmung an-
558 1436 1902 1569 kommt. Am Ende bringen Sie's schon vollendet nach
798 1510 900 1586 G.F.P.
555 1505 747 1609 Wien?-
567 1578 1919 1732 -Das Deutsche Theater braucht ungeheuer nothwendig
550 1683 1850 1796 ein oder mehrere Stücke. Br. hat so gut wie gar
548 1791 1886 1886 nichts. Meines will ich in jedem Fall zuerst in
555 1881 1892 1999 Wien spielen lassen; aber es eilt nicht. Ich habe
548 1959 1942 2067 viel vor und möchte wohler, möcht ganz gesund sein.
546 2058 1186 2193 Von Herzen Ihr Arthur.
1021 2160 1231 2257 folle
