2200 3289
475 662 887 766 A.S. an H.v.H.
954 749 1064 833 37
1130 758 1548 860 Iechl.17.8.95.
486 838 1768 930 Mein lieber Hugo, Ihren Brief habe ich zum Zu-
494 910 1700 966 rückkommen aus Wien gefunden. Dort bin ich 2
489 942 1801 1019 Tage gewesen und habe die Marionetten in Venedig
481 994 1777 1052 und Hänsel und Gretel gesehen. An einzelne von
482 1036 1819 1093 diesen Marionetten danke ich zurück wie an leben-
482 1077 1801 1125 dige Schauspieler, die sich auch an mich erinnern
479 1112 1804 1176 müssen. Im übrigen ist Wien jetzt dumpf und übel-
486 1163 1809 1212 riechend und es ist gut, dass ich wieder weg konn-
482 1211 1756 1265 te. In Ischl bleib ich nur bis Montag. Dann fahr
479 1235 1849 1300 ich per Rad nach Salzburg, mit Salten. Auch Richard
486 1291 1852 1344 dem ich Ihre Kränkung bestellt habe, kommt wohl hin.
479 1330 1772 1390 und die Frau Lou wird schon dort sein. Wenn Sie
474 1377 1784 1430 mir gleich zwei Zeilen schreiben, so kann ich sie
467 1424 1753 1481 mir noch in Salzburg poste restante abholen und
474 1469 1732 1527 hätte eine grosse Freude, donnerstag radle ich
482 1507 1806 1585 nämlich weiter, auf einen bisher noch nicht de-
479 1558 1701 1607 finitiv festgestellten Weg nach München, wo
477 1589 1734 1655 das Rendezvous mit Goldmannist. In M. bin ich
475 1633 1703 1693 bis mindestens 3. September (Briefe dahin auch
477 1669 1850 1729 poste restante, aber ich werd Ihnen von meiner
470 1727 1746 1778 Radtour noch öfters ein paar Worte schreiben).
477 1765 1775 1823 Ich hab hier den ersten Akt zu Ende geschrie-
477 1801 1777 1867 ben, und ein paar kleine Geschichten, an denen mir
467 1842 1819 1902 vielleicht schon manches gelungen ist. Sie wissen
474 1900 1739 1951 ja, meine grosse Sehnsucht: die sehr einfache
1763 1891 1872 1987 P.P.
467 1941 1731 1992 Geschichte, die in sich selbst ganz fertig ist.
467 1972 1804 2033 Eine Flasche, die man ausgiesst, ohne dass es nach-
474 2014 1749 2105 tröpfeln darf und ohne dass was zurückbleibt.
458 2050 1778 2119 Auch geht es mir heuer innerlich gut -es gelingt
470 2110 1729 2168 mir fast jedesmal kleine Eitelkeiten und gros-
467 2143 1840 2221 se Hypochondrien davonzujagen, wenn sie sich melden
458 2201 1758 2259 wollen. Im ganzen fühl ich mich in diesem Jahre
465 2235 1802 2305 um fünf Jahre jünger als im vorigen, was darin be-
467 2269 1801 2356 gründet ist, dass ich in weniger falschen Verhält-
465 2319 1725 2385 nissen lebe als damals. Was Sie einmal von der
465 2355 1684 2432 Seele, die immer eine kindliche bleibt, sagten.
465 2377 1833 2474 fällt mir ein. Es mag sein, dass Altwerden wirklich
455 2459 1785 2529 nur eine Schwäche ist, von der man sich befreien
463 2493 1679 2577 kann, so lang man oben doch eigentlich
462 2527 1712 2616 nur 33 Jahre alt ist.-Leben Sie wohl, seien Sie
453 2589 1715 2693 herzlich gegrüzet und schreiben Sie eine Zeile
451 2645 937 2746 nach Selgt. Str. 2.
