2250 3306
1572 667 1691 779 185
397 663 808 808 A.S. an H.v.H.
982 741 1581 876 120 21.2.1910.
395 856 1831 979 Lieber Hugo, ich danke Ihnen herzlich für die Komödie
407 932 1855 1045 von Christina Heimteise; mit Vergnügen, bei mancherle
398 1038 1846 1141 Bedenken mehr dramaturgischer Natur, hab ich sie gele-
402 1128 1817 1249 sen, und erwarte mir ihre baldige Bühnenauferstehung
411 1233 1840 1348 in konsentrieberer Form. Worüber ich mich, auf Wunsch,
413 1310 1788 1420 gern und bald eingehender und mündlicher vernehmen
411 1383 1846 1518 lasse. Morgen fahren wir auf ein paar Tage semmering-
425 1509 600 1613 wärts.
577 1579 1136 1702 Herzlichst, auf bald
871 1660 984 1793 Ihr
981 1766 1060 1844 A.
