2226 3383
1576 623 1668 734 97
485 613 1141 756 A.S. an H.v.H. 77
485 722 1689 826 dass ich nicht weiss - für wen eigentlich -?
485 806 1820 940 - Schreiben - le mir gleich ein Wort nach Toblach,
478 921 1901 1030 Südbahnhotel. Wo werden Sie in der zweiten Hälfte
346 914 425 1007 G.F.P.
485 1007 1890 1125 August sein? Und was Ihr Stück anlangt, so darf man
484 1100 1462 1216 ja da wirklich sagen : "Glück aufaf“
478 1198 1838 1309 Das Bad hier war prächtig; nun freu ich mich aber,
489 1311 1926 1410 dass ich wieder wo anders hinkomme. Wasserm. schreibt
478 1397 962 1510 seinen Roman ab.-
489 1478 1757 1582 -In Tobl, bin ich noch mit Mema und Schwester
482 1573 883 1709 Herzlichet Ihr
1386 1668 1540 1763 Arth.
1028 1738 1154 1834 ====  =====
