2255 3399
956 721 1061 819 83
1573 735 1688 810 109
426 697 823 847 A.S. an H.v.H.
400 785 1780 945 Aufwachen erinnerte ich micht nur an einen davon
406 891 1840 1017 deutlich.- Ich bin noch immer an der langen Hovelle,
402 1011 1845 1110 vor Ostern wird sie doch fertig, dann diktier ich sie;
402 1089 1775 1186 fangs aber gleich was neues an, entweder eine kurze
400 1174 1827 1286 Geschichte oder dieses Sommerstück; - eigentlich hab
402 1284 1821 1373 ich ein Gefühl von Unerschöpflichkeit wie nie zuvor,
398 1358 1815 1449 aber es ist mehr theoretisch,- macht mich nicht be-
406 1458 1891 1556 sonders glücklich. Ich empfinde meinen Verlust schwerer
396 1530 908 1632 und tiefer als je.
396 1617 1823 1719 Leben Sie wohl und schreiben Sie mir bald ein Wort.
426 1695 1013 1814 Von Herzen Ihr Arthur.
406 1788 1873 1903 Ich hoffe, Sie haben meinen Brief aus Wien und auch die
396 1884 1234 2001 Karten aus Dalmatien bekommen.
