2122 3272
1733 434 1853 523 G.C.P.
1718 516 1821 616 81
1112 550 1203 636 65
587 572 1937 705 A.S. an H.v. H. (3 Karten nach Lugano, Hotel du Parc.)
587 675 1166 785 (Karte aus Luzern)
1441 692 1679 770 22.8.98.
1331 751 1676 810 Montag Früh.
570 766 1779 857 Mein lieber Hugo, das Recepisse habe ich noch
579 844 1806 899 am selben Abend (Mittwoch?) an Sie abgesandt.
572 881 1772 940 im Couvert des Hotels; hoffentlich haben Sie
575 920 1876 991 es schon.- Habe eine wunderschöne Reise gemacht.
575 977 1780 1033 werd jetzt vielleicht in Luzern bleiben, von
572 1023 1853 1083 hier aus Partien machen und arbeiten, womöglich.
567 1066 1826 1126 möcht einen Teil der Heimreise per Rad machen,
575 1115 1801 1193 bitte Nachrichten hieher „Herzl.Grüsse Ihr A.
1382 1218 1601 1298 27.8.98.
1117 1232 1230 1299 1661
1083 1271 1792 1352 Alpnach Stad.Samstag Früh.
564 1313 1905 1390 Mein lieber Hugo, ich bin hieher per Rad gefahren;
575 1374 1893 1414 will per Bahn auf den Pilatus. Morgen denke ich
1844 1412 1937 1477 et le
570 1414 1806 1472 Luzern zu verlassen, in dem ich mich ganz wohl
575 1463 1817 1512 behagt. nur physisch nicht so beisammen war als
572 1490 1900 1573 ich gewünscht. Ich will dieHeute Mailand—(Pavia-
570 1547 1851 1600 Piacenca—(Parma) -Modena-Bologna -Ferrara-padua-
572 1596 1787 1649 Vicenca-Verona-Wien einschlagen.-Gestern habe
560 1635 1875 1686 ich eine kleine Geschichte zu schreiben angefan-
564 1682 1895 1747 gen. Schreiben Sie mir ein Wort nach Bologna post.
570 1736 1843 1777 rest. Grüssen Sie Hichard von mir, wenn er kommt.
567 1763 1922 1851 Ich hoffe Sie gut gelaunt und heiter und bin von H
555 1814 748 1885 Herzen
967 1838 1282 1924 Ihr Arthur.
1046 1937 1176 2017 --...
