<?xml version="1.0" encoding="UTF-8" standalone="yes"?>
<PcGts xmlns="http://schema.primaresearch.org/PAGE/gts/pagecontent/2013-07-15" xmlns:xsi="http://www.w3.org/2001/XMLSchema-instance" xsi:schemaLocation="http://schema.primaresearch.org/PAGE/gts/pagecontent/2013-07-15 http://schema.primaresearch.org/PAGE/gts/pagecontent/2013-07-15/pagecontent.xsd">
    <Metadata>
        <Creator>prov=READ-COOP:name=TrHtr:version=2.1.0:model_id=51170:date=25_07_2023_14:45</Creator>
        <Created>2023-05-01T21:59:40.019+02:00</Created>
        <LastChange>2023-07-25T14:45:34.819+02:00</LastChange>
        <TranskribusMetadata docId="1416441" pageId="54947599" pageNr="193" tsid="130684222" status="IN_PROGRESS" userId="64420" imgUrl="https://files.transkribus.eu/Get?id=SPPFFUFUXIHHMSEFZECPQSNE&amp;fileType=view" xmlUrl="https://files.transkribus.eu/Get?id=FMZTLZBUYQAZSINYESOQGYJO" imageId="44451672"/>
    </Metadata>
    <Page imageFilename="1416441_0193.jpg" imageWidth="2250" imageHeight="3306">
        <ReadingOrder>
            <OrderedGroup id="ro_1711830727397" caption="Regions reading order">
                <RegionRefIndexed index="0" regionRef="tr_2"/>
                <RegionRefIndexed index="1" regionRef="tr_1"/>
            </OrderedGroup>
        </ReadingOrder>
        <TextRegion id="tr_2" custom="readingOrder {index:0;}">
            <Coords points="477,672 1846,672 1846,1128 477,1128"/>
            <TextLine id="tr_2_tl_1" custom="readingOrder {index:0;}">
                <Coords points="1186,766 1211,765 1234,749 1253,754 1279,749 1294,736 1304,738 1304,675 1274,670 1262,677 1232,663 1207,664 1202,670 1185,666"/>
                <Baseline points="1196,725 1241,722 1285,725 1309,725"/>
                <TextEquiv>
                    <Unicode>122</Unicode>
                </TextEquiv>
            </TextLine>
            <TextLine id="tr_2_tl_2" custom="readingOrder {index:1;}">
                <Coords points="476,772 529,765 564,784 670,779 750,794 793,782 859,805 916,775 914,687 891,682 823,710 791,689 726,685 476,710"/>
                <Baseline points="486,748 531,745 575,748 620,748 665,748 710,748 754,748 799,748 844,748 889,754 916,760"/>
                <TextEquiv>
                    <Unicode>A.S. an H.v.H.</Unicode>
                </TextEquiv>
            </TextLine>
            <TextLine id="tr_2_tl_3" custom="readingOrder {index:2;}">
                <Coords points="1457,738 1487,738 1538,775 1587,763 1638,784 1668,775 1700,780 1707,659 1682,670 1645,661 1603,675 1591,666 1536,673 1459,701"/>
                <Baseline points="1465,763 1479,766 1524,760 1569,760 1590,754 1635,751 1679,751 1706,754"/>
                <TextEquiv>
                    <Unicode>187</Unicode>
                </TextEquiv>
            </TextLine>
            <TextLine id="tr_2_tl_4" custom="readingOrder {index:3;}">
                <Coords points="473,872 770,881 826,858 1109,882 1353,847 1353,770 1141,742 1053,782 914,775 861,803 473,798"/>
                <Baseline points="483,835 507,832 551,835 596,835 641,835 686,835 731,835 775,835 820,832 865,835 910,835 954,838 999,838 1044,838 1089,838 1133,832 1178,835 1223,835 1268,841 1312,835 1357,832"/>
                <TextEquiv>
                    <Unicode>XVIII.Sternwartestr.71./124</Unicode>
                </TextEquiv>
            </TextLine>
            <TextLine id="tr_2_tl_5" custom="readingOrder {index:4;}">
                <Coords points="1392,858 1431,852 1464,870 1489,852 1541,861 1566,845 1650,859 1670,852 1687,865 1715,851 1715,782 1668,775 1638,787 1608,765 1578,765 1554,786 1534,775 1508,794 1392,782"/>
                <Baseline points="1402,847 1405,841 1450,838 1494,841 1539,841 1584,841 1629,841 1673,841 1718,844"/>
                <TextEquiv>
                    <Unicode>35.7.1910.</Unicode>
                </TextEquiv>
            </TextLine>
            <TextLine id="tr_2_tl_6" custom="readingOrder {index:5;}">
                <Coords points="467,977 1086,931 1359,970 1842,954 1842,872 1721,845 1204,893 467,872"/>
                <Baseline points="477,918 522,921 566,921 611,924 656,924 701,924 745,924 790,924 835,924 880,927 924,930 969,930 1014,927 1059,927 1103,927 1148,927 1193,927 1238,927 1283,927 1327,927 1372,927 1417,927 1462,930 1506,930 1551,930 1596,930 1641,930 1685,930 1730,933 1775,930 1820,927 1846,927"/>
                <TextEquiv>
                    <Unicode>Mein lieber Hugo, Sie sehen: wir sind schon übersie-</Unicode>
                </TextEquiv>
            </TextLine>
            <TextLine id="tr_2_tl_7" custom="readingOrder {index:6;}">
                <Coords points="473,1077 856,1040 1819,1054 1789,946 473,975"/>
                <Baseline points="483,1011 528,1011 572,1011 617,1011 662,1014 707,1014 751,1014 796,1017 841,1017 886,1017 930,1017 975,1017 1020,1017 1065,1017 1109,1017 1154,1017 1199,1020 1244,1020 1288,1023 1333,1023 1378,1020 1423,1023 1468,1023 1512,1023 1557,1023 1602,1023 1647,1023 1691,1023 1736,1023 1781,1023 1823,1020"/>
                <TextEquiv>
                    <Unicode>delt- und das sind auch schon wieder fast drei Wo-</Unicode>
                </TextEquiv>
            </TextLine>
            <TextLine id="tr_2_tl_8" custom="readingOrder {index:7;}">
                <Coords points="482,1105 1114,1155 1696,1118 1819,1153 1817,1054 1779,1044 1591,1084 916,1044 480,1074"/>
                <Baseline points="492,1101 537,1101 581,1103 626,1103 671,1103 716,1103 760,1106 805,1103 850,1106 895,1106 939,1106 984,1106 1029,1106 1074,1106 1118,1109 1163,1109 1208,1109 1253,1109 1297,1109 1342,1112 1387,1112 1432,1112 1476,1112 1521,1115 1566,1118 1611,1115 1655,1115 1700,1115 1745,1115 1790,1115 1823,1115"/>
                <TextEquiv>
                    <Unicode>chen her, natürlich gings recht allmählig, und auch</Unicode>
                </TextEquiv>
            </TextLine>
        </TextRegion>
        <TextRegion id="tr_1" custom="readingOrder {index:1;}">
            <Coords points="438,1140 1858,1140 1858,2567 438,2567"/>
            <TextLine id="tr_1_tl_1" custom="readingOrder {index:0;}">
                <Coords points="478,1228 1847,1227 1845,1155 1654,1137 997,1135 923,1169 476,1134"/>
                <Baseline points="486,1199 531,1193 575,1190 620,1193 665,1193 710,1193 754,1196 799,1196 844,1196 889,1196 933,1199 978,1199 1023,1199 1068,1199 1112,1199 1157,1202 1202,1199 1247,1202 1291,1202 1336,1202 1381,1202 1426,1202 1470,1202 1515,1202 1560,1205 1605,1205 1650,1208 1694,1208 1739,1208 1784,1208 1829,1208 1849,1208"/>
                <TextEquiv>
                    <Unicode>jetzt sind wir noch nicht in völliger Ordnung. Aber</Unicode>
                </TextEquiv>
            </TextLine>
            <TextLine id="tr_1_tl_2" custom="readingOrder {index:1;}">
                <Coords points="466,1322 1821,1309 1819,1255 1736,1278 1631,1221 464,1236"/>
                <Baseline points="474,1280 519,1280 563,1280 608,1283 653,1280 698,1283 742,1283 787,1283 832,1283 877,1285 921,1285 966,1285 1011,1285 1056,1285 1101,1288 1145,1288 1190,1291 1235,1291 1280,1291 1324,1291 1369,1291 1414,1291 1459,1291 1503,1294 1548,1294 1593,1297 1638,1294 1682,1297 1727,1297 1772,1297 1817,1297 1823,1294"/>
                <TextEquiv>
                    <Unicode>mein Arbeitszimmer ist längst so wohnlich, dass es</Unicode>
                </TextEquiv>
            </TextLine>
            <TextLine id="tr_1_tl_3" custom="readingOrder {index:2;}">
                <Coords points="475,1418 780,1425 942,1383 1844,1410 1842,1352 1684,1308 473,1327"/>
                <Baseline points="483,1366 528,1366 572,1366 617,1369 662,1369 707,1369 751,1372 796,1372 841,1372 886,1372 930,1375 975,1375 1020,1378 1065,1375 1109,1378 1154,1378 1199,1381 1244,1381 1288,1381 1333,1378 1378,1381 1423,1381 1468,1381 1512,1381 1557,1381 1602,1384 1647,1384 1691,1384 1736,1384 1781,1384 1826,1387 1846,1387"/>
                <TextEquiv>
                    <Unicode>kaum einen rechten Grund gibt das Stückeschreiben</Unicode>
                </TextEquiv>
            </TextLine>
            <TextLine id="tr_1_tl_4" custom="readingOrder {index:3;}">
                <Coords points="464,1499 1612,1476 1761,1508 1815,1492 1814,1397 462,1417"/>
                <Baseline points="474,1459 519,1456 563,1456 608,1459 653,1459 698,1459 742,1459 787,1459 832,1462 877,1462 921,1462 966,1465 1011,1465 1056,1465 1101,1468 1145,1468 1190,1468 1235,1470 1280,1470 1324,1470 1369,1470 1414,1470 1459,1470 1503,1470 1548,1473 1593,1473 1638,1473 1682,1473 1727,1476 1772,1476 1817,1479 1820,1479"/>
                <TextEquiv>
                    <Unicode>länger hinauszuschieben. Uebrigens war ich zweimal</Unicode>
                </TextEquiv>
            </TextLine>
            <TextLine id="tr_1_tl_5" custom="readingOrder {index:4;}">
                <Coords points="466,1592 1736,1584 1759,1506 1612,1476 1104,1518 464,1499"/>
                <Baseline points="474,1539 519,1542 563,1545 608,1548 653,1548 698,1548 742,1548 787,1548 832,1551 877,1551 921,1551 966,1551 1011,1554 1056,1557 1101,1557 1145,1557 1190,1557 1235,1557 1280,1557 1324,1557 1369,1557 1414,1560 1459,1557 1503,1560 1548,1560 1593,1563 1638,1563 1682,1566 1727,1566 1763,1569"/>
                <TextEquiv>
                    <Unicode>fort, auf dem Semmering, mit Olga und Heini, knapp</Unicode>
                </TextEquiv>
            </TextLine>
            <TextLine id="tr_1_tl_6" custom="readingOrder {index:5;}">
                <Coords points="464,1682 1160,1649 1782,1677 1807,1617 1490,1566 1185,1603 462,1591"/>
                <Baseline points="474,1635 519,1632 563,1635 608,1635 653,1635 698,1638 742,1638 787,1641 832,1641 877,1641 921,1641 966,1644 1011,1644 1056,1644 1101,1644 1145,1644 1190,1644 1235,1644 1280,1644 1324,1647 1369,1647 1414,1650 1459,1647 1503,1650 1548,1650 1593,1650 1638,1653 1682,1653 1727,1653 1772,1653 1811,1650"/>
                <TextEquiv>
                    <Unicode>vor dem Umzug; und jetzt wieder ein paar Tage al-</Unicode>
                </TextEquiv>
            </TextLine>
            <TextLine id="tr_1_tl_7" custom="readingOrder {index:6;}">
                <Coords points="459,1758 1650,1747 1721,1786 1837,1749 1835,1666 457,1678"/>
                <Baseline points="468,1724 513,1721 557,1724 602,1724 647,1724 692,1727 736,1727 781,1727 826,1730 871,1727 916,1730 960,1730 1005,1730 1050,1733 1095,1733 1139,1736 1184,1736 1229,1733 1274,1736 1318,1736 1363,1736 1408,1736 1453,1736 1497,1739 1542,1739 1587,1739 1632,1739 1676,1739 1721,1742 1766,1745 1811,1742 1840,1739"/>
                <TextEquiv>
                    <Unicode>lein auf dem Semmering, viel mit Brahm zusammen; mit</Unicode>
                </TextEquiv>
            </TextLine>
            <TextLine id="tr_1_tl_8" custom="readingOrder {index:7;}">
                <Coords points="450,1847 1179,1824 1253,1868 1847,1865 1828,1749 1692,1789 1569,1752 448,1763"/>
                <Baseline points="459,1811 504,1808 549,1811 593,1814 638,1814 683,1814 728,1817 772,1817 817,1817 862,1817 907,1820 951,1820 996,1820 1041,1823 1086,1823 1130,1823 1175,1823 1220,1823 1265,1823 1309,1823 1354,1826 1399,1826 1444,1829 1488,1829 1533,1829 1578,1832 1623,1832 1667,1832 1712,1832 1757,1832 1802,1832 1846,1835 1849,1835"/>
                <TextEquiv>
                    <Unicode>Frau Jonas, mit Kainz (der, wenn alles gut geht, bald</Unicode>
                </TextEquiv>
            </TextLine>
            <TextLine id="tr_1_tl_9" custom="readingOrder {index:8;}">
                <Coords points="459,1954 1192,1914 1747,1944 1837,1926 1837,1866 457,1866"/>
                <Baseline points="468,1900 513,1900 557,1900 602,1900 647,1903 692,1903 736,1906 781,1906 826,1906 871,1906 916,1909 960,1909 1005,1909 1050,1909 1095,1909 1139,1912 1184,1912 1229,1912 1274,1915 1318,1915 1363,1915 1408,1918 1453,1918 1497,1918 1542,1918 1587,1918 1632,1918 1676,1921 1721,1924 1766,1921 1811,1921 1840,1924"/>
                <TextEquiv>
                    <Unicode>wieder eine neue Rolle von mir spielen dürfte.) Vom</Unicode>
                </TextEquiv>
            </TextLine>
            <TextLine id="tr_1_tl_10" custom="readingOrder {index:9;}">
                <Coords points="460,2039 798,2012 889,2044 988,2005 1740,2035 1837,2021 1837,1930 459,1956"/>
                <Baseline points="468,1984 513,1987 557,1987 602,1987 647,1990 692,1993 736,1996 781,1996 826,1996 871,1999 916,1999 960,1999 1005,1999 1050,1999 1095,1999 1139,2002 1184,2002 1229,2002 1274,2002 1318,2005 1363,2005 1408,2005 1453,2005 1497,2008 1542,2008 1587,2008 1632,2008 1676,2011 1721,2011 1766,2011 1811,2008 1840,2005"/>
                <TextEquiv>
                    <Unicode>Semmering aus hab ich eine Fusspartie gemacht (den-</Unicode>
                </TextEquiv>
            </TextLine>
            <TextLine id="tr_1_tl_11" custom="readingOrder {index:10;}">
                <Coords points="453,2130 903,2095 1849,2125 1847,2033 1784,2019 1443,2055 1139,2055 989,2005 879,2049 452,2035"/>
                <Baseline points="462,2076 507,2076 551,2079 596,2079 641,2079 686,2079 731,2082 775,2082 820,2082 865,2085 910,2085 954,2085 999,2088 1044,2088 1089,2088 1133,2088 1178,2088 1223,2088 1268,2091 1312,2091 1357,2091 1402,2094 1447,2097 1491,2097 1536,2097 1581,2097 1626,2097 1670,2097 1715,2100 1760,2097 1805,2100 1849,2100 1852,2097"/>
                <TextEquiv>
                    <Unicode>ken Sie, mein Rad hab ich-verschenkt.) über den Sonn-</Unicode>
                </TextEquiv>
            </TextLine>
            <TextLine id="tr_1_tl_12" custom="readingOrder {index:11;}">
                <Coords points="452,2195 1826,2206 1824,2128 1740,2162 1318,2097 1151,2137 921,2098 452,2128"/>
                <Baseline points="462,2166 507,2163 551,2166 596,2169 641,2169 686,2172 731,2172 775,2172 820,2172 865,2172 910,2175 954,2178 999,2178 1044,2175 1089,2178 1133,2181 1178,2178 1223,2178 1268,2181 1312,2181 1357,2181 1402,2181 1447,2184 1491,2187 1536,2187 1581,2187 1626,2190 1670,2190 1715,2190 1760,2190 1805,2190 1829,2190"/>
                <TextEquiv>
                    <Unicode>wendstein, ins Otterthal, über Kirchberg, Aspang nach</Unicode>
                </TextEquiv>
            </TextLine>
            <TextLine id="tr_1_tl_13" custom="readingOrder {index:12;}">
                <Coords points="448,2302 1742,2290 1740,2220 1647,2199 446,2216"/>
                <Baseline points="456,2252 501,2252 546,2252 590,2255 635,2255 680,2258 725,2258 769,2258 814,2261 859,2261 904,2261 948,2264 993,2267 1038,2270 1083,2270 1127,2267 1172,2267 1217,2267 1262,2270 1306,2270 1351,2270 1396,2270 1441,2270 1485,2273 1530,2273 1575,2273 1620,2276 1664,2276 1709,2276 1745,2279"/>
                <TextEquiv>
                    <Unicode>Mönichkirchen- etwas ganz besonders schönes, von</Unicode>
                </TextEquiv>
            </TextLine>
            <TextLine id="tr_1_tl_14" custom="readingOrder {index:13;}">
                <Coords points="445,2360 740,2404 924,2360 1854,2388 1852,2337 1547,2285 1130,2325 443,2304"/>
                <Baseline points="453,2345 498,2342 543,2345 587,2345 632,2345 677,2345 722,2348 766,2351 811,2351 856,2351 901,2351 945,2351 990,2351 1035,2354 1080,2354 1124,2357 1169,2357 1214,2360 1259,2360 1303,2360 1348,2363 1393,2360 1438,2360 1482,2363 1527,2363 1572,2366 1617,2366 1661,2366 1706,2366 1751,2366 1796,2369 1840,2372 1858,2372"/>
                <TextEquiv>
                    <Unicode>österreichischer unberühmtheit; ich hatte mich jahre-</Unicode>
                </TextEquiv>
            </TextLine>
            <TextLine id="tr_1_tl_15" custom="readingOrder {index:14;}">
                <Coords points="903,2413 972,2410 986,2417 1009,2413 1026,2418 1039,2411 1058,2417 1081,2410 1079,2360 1063,2360 1028,2378 995,2360 979,2369 902,2362"/>
                <Baseline points="913,2398 957,2398 1002,2401 1047,2401 1086,2401"/>
                <TextEquiv>
                    <Unicode>kennen</Unicode>
                </TextEquiv>
            </TextLine>
            <TextLine id="tr_1_tl_16" custom="readingOrder {index:15;}">
                <Coords points="441,2471 1777,2483 1758,2420 1584,2434 1485,2380 1070,2420 439,2392"/>
                <Baseline points="450,2434 495,2434 540,2437 584,2440 629,2443 674,2440 719,2440 763,2440 808,2440 853,2440 898,2443 942,2443 987,2446 1032,2446 1077,2446 1121,2449 1166,2452 1211,2452 1256,2452 1300,2455 1345,2458 1390,2458 1435,2458 1479,2458 1524,2461 1569,2461 1614,2464 1658,2464 1703,2464 1748,2467 1781,2470"/>
                <TextEquiv>
                    <Unicode>lang gesehnt, es xxxx zu lernen, so dass es ein</Unicode>
                </TextEquiv>
            </TextLine>
            <TextLine id="tr_1_tl_17" custom="readingOrder {index:16;}">
                <Coords points="429,2536 626,2571 877,2536 1049,2582 1213,2562 1274,2603 1373,2568 1633,2591 1631,2518 1526,2487 427,2476"/>
                <Baseline points="438,2524 483,2521 528,2524 572,2527 617,2527 662,2527 707,2530 751,2530 796,2533 841,2533 886,2536 930,2536 975,2539 1020,2542 1065,2545 1109,2542 1154,2542 1199,2545 1244,2545 1288,2545 1333,2548 1378,2551 1423,2551 1468,2551 1512,2554 1557,2557 1602,2557 1635,2557"/>
                <TextEquiv>
                    <Unicode>Witzwort unsres Hauses, besonders Heinig zu</Unicode>
                </TextEquiv>
            </TextLine>
        </TextRegion>
    </Page>
</PcGts>
