2071 3159
1610 629 1690 718 44
400 674 768 775 A.S. an H.v.H.
1042 716 1618 835 Dienstag Früh, 96?
843 709 974 814 (41)
402 789 1730 928 Lieber Hugo, ich vergase Ihnen zu schreiben, dass
400 871 1698 983 heute Dienstag Abend nichts bei mir ist.- Ihre
400 914 1667 1019 Antwort gestern Früh hatte ich wohl erwartet;
411 931 1790 1066 aber ich konnte den Versuch nicht weigern. Im übri-
414 1006 1735 1118 gen musste auch ich absagen und hätte auch Ihnen
412 1058 1568 1150 abgesagt, da ich schrecklich verkühlt bin.-
409 1065 1841 1209 Hier sind Ihre drei Stücke. Ich habe mich beim lesen
416 1125 1808 1246 sehr gefreut. Am reinsten hat der weisse Fächer auf
416 1177 1827 1283 mich gewirkt; käme es zwischen Fortunio und Miranda
412 1221 1806 1335 irgendwo, am besten wohl am Schluss, zu einem lebhaf-
423 1262 1758 1367 ten Sichselber und Einanderverstehen - ganz kurz,
423 1319 1735 1424 aber stark, so wäre das Stück etwas vollkommenes.
423 1354 1692 1461 Bei der jungen Frau hab ich zum Schluss meinen
423 1386 1772 1504 lieben Kaufmann wieder herbeigesehnt. Hoffentlich
423 1436 1767 1559 lassen Sie ihn erscheinen, bei welcher Gelegenheit
425 1472 1818 1593 er vielleicht auch aufklären könnte, wieso die junge
425 1527 1767 1644 Frau sich über den Sohn des Teppichhändlers in so
418 1566 1801 1712 furchtbarer Weise durch viele Jahre täuschen konn-
428 1630 1854 1783 Meine Karte mit dem Brief von Andrian haben Sie be-
432 1685 521 1737 te.
432 1765 651 1849 kommen?
695 1753 1178 1866 Herzlichen Grues
1045 1822 1155 1897 Ihr
1138 1834 1340 1936 Arthur
962 1923 1107 2025 =====
