3524 3624
1541 616 2732 778 Ihre Tochter wäre mir natürlich lieber, aber
1587 694 2865 831 die ist in Leglon. Ich leſe anderer, Manpassans,
199 684 1422 827 übrigens; Kunst kommt von Können und
1569 746 2759 909 das Linger Volksblatt, Eheendorff und
207 757 1509 904 Korine heißt schreibenkönnen. (Mod. Rurdekan)
1592 823 2802 953 cette touchante histoire de petite Jecousse,
230 852 886 980 5 u. 6. Jahr, Seite 17... ff)
1595 901 2868 1055 di manchmal so schön ist, qu'elle donne
212 916 1242 1047 So dumme Fragen frage ich mir wenn ich
207 969 1501 1127 Gedanken denke seit mein Leben zu leben.
1611 992 2735 1135 presque envie de pleurer, trag
215 1050 1459 1205 Ich möchte mich also vorlieben, oder läglich
1621 1059 2800 1207 boulange, Myssi-, Woi- und
1582 1158 2868 1309 katholi-cismus. Ich habe gar keine eigenen
222 1129 1506 1300 larn-Tennis schielen, oder meinte egen Macao,
238 1244 1229 1330 oder sonst eine Beschäftigung erleben.
1596 1234 2700 1388 Empfindungen, citiere hartwährend in
199 1273 1488 1428 Sonst meid ich noch ein ganzer Politiker“, wie
1626 1312 2797 1472 Gedanken mich selbst oder andere, habe
238 1364 1477 1525 der Sauhirt von seinem allen Vorstehhund endlich
1622 1396 2685 1571 auf die dumme letzte Scana von
290 1443 1514 1585 sagte, der aus Altersschreiche dumm geworden
1660 1462 2874 1645 Gestern“ noch immer nicht fertig gebracht,
450 1525 1524 1668 Der Sanhirt ist keine Fiction, sondern
1643 1577 2842 1736 daher über von Goldmann, der immer
285 1580 404 1687 ist.
288 1605 1409 1761 mein liebster Umgang, seine Tochter aber
1687 1643 2795 1821 auf der Elsmbahn zu sein scheint.
294 1674 1529 1833 das liebliche Saumensch, heißt Berenike (ubgek.
1669 1715 2827 1888 eine, soweit man so lesen kann, sehr
286 1765 1545 1910 Vroni) und war zu ihrer Blüthezeit Kellerin.
1677 1812 2860 2009 herzliche Karte bekommen. Jetzt mehr
281 1841 1551 1985 Außerdem lasse ich mir von einer alten Engländerin
1645 1922 2827 2106 ich packen (ganz origineller Elegung!)
309 1944 1504 2066 auf nassk alten Spaziergängen viel erzählen:
290 2020 1567 2158 von der Mozambiquebai, wo die Leute meistenst
1663 2020 2912 2200 schreiben sie mir, einen verehrter Freund¬
304 2109 1498 2250 Würmer unter der Haut haben (so war dort
1669 2137 2835 2279 botte, bald und geben Sie ihr Prejut
312 2198 1449 2318 als junge Frau) oder von dem häßlichen
1698 2213 2905 2386 mich irgendwo zu besuchen, nicht auf.
307 2258 1540 2394 boycott in Irlum und den schönen roghhängigen
277 2336 1559 2478 Tocotten von Dublin (von denen spricht sie so gistig
1781 2368 2227 2530 herzlichse
309 2391 1541 2551 get, wie uns einem ressentiment heraus, sie
296 2476 1588 2635 muß dort etwas unangenehmsterlebt haben.
1970 2538 2387 2666 Louis :
299 2549 1572 2704 oder von Henry Tron, oder von Sir Laurence
320 2662 1278 2787 Kirchant, dem großen Medium.
