2904 3448
565 486 2567 646 81s: Zuweilen tust du das auch im Nachhauzggehn?1
588 651 2682 813 Mr. (llichelnd) Na, das iat schon wahr, dase ich munch-
787 808 2426 944 Mal im Halbechlumner nach Haure epaxier.
596 930 2635 1106 siss Du biet eigentlich ein sonderbarer lensch - du
787 1103 2190 1255 tust überhaupt nichts als schlafen.
591 1221 1871 1377 Fr? (erhisbt sich ein ianz)!!
599 1383 2483 1506 Sis? Du schläfst bei dir, du schlifst bei mir, du
797 1529 1683 1715 senläfst auf gem Ror-
792 1678 2554 1835 (FOgaisre) Na.. Gur... Ad verlanget du wohl
591 1686 727 1809 R
792 1835 2507 2005 nicht, dass ieh nich v steldigs. Ke verlstat
800 1960 2569 2141 dich, -dass ich so überhaugt über mich bring-.
800 2149 1563 2279 von dir wegzugshen.
606 2253 2590 2444 9is: Ea verlstat mich durchaus nicht. Ich eage die
795 2415 2582 2598 Ja berzitg seit zrei Stungen, dass du weggehen
792 2601 1106 2747 sollst.
593 2718 2695 2867 Kr: Dase ich se kann, nicht dase ich so sol1
606 2867 2593 3055 813: Nung warum gehet du nicht? warun liat du nicht
