2888 3400
743 412 1909 565 Well ich dieh je-st verlagegt-
552 580 2637 756 Gis: Du 3iet dar rehgete, wag mir in meinge Lahen vor-
723 730 1303 873 Eekomaen ietl-
717 891 2626 1077 (niant sine Egarzil, gus sinsa Elui und brennt
728 1052 2585 1202 et sich an den Lielit auf den Treitkistehen an)
730 1178 1217 1362 e
549 1331 1352 1479 31 Camvorlat Aicl
521 1458 2569 1642 Fr. (Gehl Lanfran bie zur Jür. 3g1 gri Turl Adiqui-
521 1606 1199 1751 314° Dul... Dul
510 1761 1277 1909 Er: Was "ills- du?
510 1906 1246 2044 sie? So komn dochl
508 2056 1577 2227 Kr. (geht zienlich langgum
1728 2059 1886 2235 21.
1935 2100 2546 2235 is Ogwarte in
707 2157 927 2290 Mtuna)
510 2292 1598 2437 515? Aib die Cigarelts 1gl
492 2466 2240 2629 Fr: (legt dis Otguratts auf die Tislttagea)
492 2600 2486 2808 sis: (öffnet die Arne und Zisht ihn zu sich herab,
689 2758 2269 2919 umarmt ihn lang, lang) Hant du mich lieb2
487 2919 619 3033 Fr:
671 2903 1520 3085 (einfach) Wahneinnig.
