2904 3400
568 391 2614 565 Er: (mildwis imner) Zum Lichtaugläecken brauet ich
775 568 2719 711 nur «in- Gekunde, aber, wie ich eben ext-, ich lese
777 721 1110 857 vorher-
696 859 2703 1018 : Ich möchts nur viegen, was du den ganzan Tag tust,
790 990 2414 1169 dass du in der Nacht Bücher legen murst7l
785 1146 2614 1304 Ich sags Ja nicht, dass ich sis lagen muea;
800 1304 2552 1465 aber ich bin en so gewöhal,-sonst schlaf ich
793 1450 2711 1604 üb-chaup: nicht sin... Da wird se ein halb vier.
806 1611 2655 1734 und um halb acht - da hilft nun sinal nichte-
841 1754 2634 1880 um halb achit ause ich wieder heraus. Du eiehet
811 1895 2693 2061 »in, dase ich du nicht rachl frisch zun Arb-iten
818 2082 1350 2189 konnen kann.-
639 2192 2690 2353 dis? Ja - ich welös nicht, duktust, als wen ich dich
824 2348 2754 2499 davon abhielte2- Hab ichddch geboten zu bleiben?-
841 2483 2604 2632 Du tätt ist mir ja auch abschreiben können, du
841 2642 2667 2777 hättest dich schon un acht Uhr zu Hause schla-
849 2788 2194 2928 fon lagen können.. bitts...bitts:-
831 2941 2731 3123 schau, so ist ja wahrhaftig nicht notvandig. mich
637 2951 790 3079 Er:
