2904 3400
747 442 2617 603 dasa ich schnarehs... Und in übrigen... das von
750 631 2249 757 3ine bis fünf- das ist auch so ein--
560 770 1946 949 92" Ma, ich zügs, wie gwöhnlich ...
747 893 2688 1093 Ich oagts nieht: Zügs.- Aber wann du mich nur ein
548 914 689 1070 5.
737 1055 2655 1247 kiaschen lisk hätlget, würdeet du sich vlelleicht
760 1204 2670 1350 daran r inaru,dass wir um dre1 Uhr wach gerösen
755 1365 977 1464 sind.
555 1492 2559 1648 sie: Ich allerdinge;- Du warst ia nicht besondere.-
563 1620 2589 1767 pr? Alsiehviel... Geschlafen... weiss du - rühig
2090 1749 2395 1852 gestern
803 1804 2695 1951 in meinem Bells Gesehlafin hab ich zuxxvon halb
800 1953 2473 2150 sieben bie acht. Du wirst augeben, das- dan
765 2115 1557 2239 nicht sahr viel ist.
618 2249 2259 2423 is? Du hast von eine bie acht geschläfen.
714 2420 2544 2562 Wenn du mir also schon die Zuit bip fünf-ab-
772 2552 2650 2698 streitagt - das wirst du doch ein-ehin, das ich
770 2703 2668 2872 um von hier nach Hauge zu komnen, wach s- in mune
845 2832 2713 3008 -- Ee war auch ein solcher Schnsostura, dase ich
780 2996 2546 3147 im Nachhaussgehen unmöglich schlafen konnte.-
