2904 3400
762 423 2473 595 Aleszuverstehn - nein! - Ich sag' auch nich
757 592 2426 754 dase man nicht zu,eilen mit vier oder Fünf
759 754 2549 900 Stunden Schlate ganug hat: aber, Kind, erinnere
751 905 2677 1057 dich doch: Rastern ware fünf, wie dekvon dir ge--
754 1059 1315 1221 838angen 1 in.
561 1171 2661 1370 si: Hab ich dich viellsioh- Gestern zurückgealleh?-
759 1336 2705 1479 Und im übrigen lant du dich einfach vir schlafenl-
754 1471 2770 1646 Ja! von sins bis funf hart du geschlafen, so ruhigl-
767 1659 2658 1797 Das heisstgrühig kann ich nicht sagen, denn
757 1777 1570 1946 du hagt geschnurcht.
550 1933 2272 2082 Br: Dan ist ein Uneinn. Ich schnarche nie.
561 2095 2557 2244 gie? Na ja, du hast's ja zu-, du schlüfet ja dabei, de
751 2228 2577 2397 kannst duls nicht hären.- Ich vereicher: dich,
749 2392 2653 2551 du schnarchet... S0... höret du? (sie schnarcht)
754 2546 2384 2690 Wohn du glaubst, dase dae sehr schän ist-
550 2682 2601 2859 Br: Ah, das ist eine Erfindung von dirl- Ich kenne
728 2857 2530 3003 Dichl - Du villst nir das Schlafen v cleiden,
775 2992 2604 3146 Oh gswiss, gewieel noch niemand hat mir gesagt,
