2920 3432
1196 410 2490 572 warum ilegat du dann nicht sehen
1074 537 2750 751 in deinen galichren Tatt und schnarchet?
1109 724 2585 868 Ring - du siehet, wie schwer ich mich
1058 854 2544 1017 rennel Er koatst mich ja jed-emal ein-
678 1017 2433 1188 Heberwindung, sinen Fansk... Ich kann dir gar
684 1115 2517 1335 niehe sagen, wis wir dabei zu Muts ist, wonn ich
689 1288 2582 1484 aus dissse aufsenden,(albdunkten Zinrr, aus dat
686 1446 2471 1641 nen Arnar For. auss,hinuntsr auf die Stragses
705 1595 2523 1760 in die Nache, in die Einsanksli -ach schatz, ich
705 1739 2417 1899 sags dir,« ist geradezu -in-Seelenschasrz.
521 1901 2371 2105 51s: schön. Ich versteh dann nur Linss nicht...
510 2064 1150 2219 Br. Wus dinn?-
526 2167 2704 2379 513: -Dass du dich so jahr nach dieein Schnerze sehnst.-
667 2330 2596 2506 Ich sahne nich ja nicht nich ihm; ich nehme inn
735 2466 2601 2653 auf aich, woil ich nicht andere kann. Ee muse ja
724 2626 2561 2840 zu irgand „in-r Stünds geschieden sein, das ist
732 2843 1147 2992 doch klar.
795 2927 2466 3106 u irend einer Stunde, ja... Aber warun denn
