3592 4184
952 645 3265 848 zeit zu leben, mir mussten möglichstrasch darüber
952 737 3280 958 hinweg kommen. Eine nervöse, weinerliche Ungeduld
964 915 3317 1121 peinigte uns. Wenn ich mich daran zurück er innere,
964 1093 3406 1265 so ist es mir, als hätten wir uns kaum noch geliebt;
958 1228 3434 1462 wäre sie nur vorüber, diese Zeit — das war der stete
977 1391 3240 1566 Gedanke.Ah, endlich, endich - die letzte Nacht!
974 1536 3338 1723 Ich denke daran. Wir weinten. Ich glaube wir waren
961 1732 3342 1916 keusch wie nie zuvor.. Sie schlummerte in meinen Ar¬
952 1843 3246 2067 men ein und die letzten Tränen glänzten noch auf
983 2036 3363 2190 ihren Wangen. Das sah ich im schwachen Kerzenlicht,
986 2174 3295 2334 das neben uns brannte. Für den nächsten Vormittag
977 2331 3388 2509 erwarteten wir es. Als es in der Früh zum Aufstehen
977 2478 3335 2657 kam, pressten wir uns heftig an einander. Ich er -
977 2647 3342 2807 innere mich ganz deutlich, dass mir ganz plötzlich
971 2798 3249 2967 mit einem stechenden Schmerz die Worte durch den
964 2942 3338 3123 Kopf fuhren: nun ist es zu Ende! Ich dachte nichts
986 3120 3289 3302 dabet, es waren nur Wortei Der Morgen trennte uns
980 3256 3163 3437 wie gewöhnlich. Nachmittags trafen wir uns auf
986 3434 3249 3621 der Strasse. Ich war vom Hause fern gewesen; ste
986 3578 3289 3848 teilte mir mit: "es" wäre schon da. Ich wagte
