3608 4184
967 597 3394 829 das einfache Bett zu schlecht. Ich weiss nicht wa -
949 765 3234 979 rum. Es war wohl so kläglich, daß wir mit unserer
973 927 3247 1129 grossen feenhaften Liebe, dass sie, die doch et
967 1068 3332 1264 gentlich die Perlenkette um den Hals und Diamanten
961 1230 3387 1429 und Smaragden im Haar — und ich, der den Purpurman
970 1408 3210 1591 tel des jungen Prinzen tragen sollte - dass wir
970 1545 3335 1753 zwei unsere süsseaten Nächte zwischen roh gewebter
967 1714 3293 1912 weisser Leinwand, hässlichen Decken und auf einer
982 1873 3311 2035 schmalen, krachenden Bettstatt feiern mussten. Da
976 2029 3286 2212 fassten wir den Entschluss, dass wir unsere Umge
976 2170 3400 2359 bung ändern wollten. Ein Leben angestrengter Arbeit
2365 2350 2638 2424 sparen
976 2341 3305 2506 sollte beginnen, wir wollten spræne, beide, um uns
976 2509 3274 2681 auch mit allen Symbolen unserer Märchenpracht zu
979 2687 3283 2830 umgeben. So sollte es kommen: da drilben, von dem
985 2760 3363 2971 Türpfesten herab mussten schwere sammtene Vorhänge
985 2968 3360 3152 wallen, sonderbare dämmrige Bilder gehörten an die
988 3130 3452 3293 Wände, und grünschimmernde Seide sollte dort vor das
982 3299 3262 3485 Fenster kommen., und über den Tisch ein welcher,
991 3449 3326 3635 roter Ueberhang,und Blumen in die Ecke und Blumen
994 3632 3418 3822 dort in jene und von der Decke herunter, schwermütig
