3640 4232
3077 440 3205 643 11
922 590 3296 918 und legten sich matt und sterbend über die Seiden -
915 856 3246 1078 falten des Himmelbettes. Wie erbärmlich, wie herz
915 1028 1852 1221 zerreissend das war.
2430 1071 2527 1181 P.
906 1153 3342 1374 Wir standen lange davor, wir warteten bis die Sonne
903 1334 3236 1546 unterging. Und Anna schmiegte sich an mich und in
909 1506 3352 1684 ihren starren Gesichtszügen sah ich es, wie sie töt
887 1624 3224 1781 lich erschrocken war, dass sie nichts,„gar nicht
890 1768 3233 1987 mehr empfand.. Und wie ich ihren Kopf in die Hände
893 1962 3186 2087 nahm, da hatten diese meine Hände nicht mehr die
878 2102 3386 2299 Empfindung von einem süssen, geliebten Kopferl, nein,
890 2199 2343 2458 gar nicht mehr, gar nicht mehr.
881 2390 3377 2596 Wir hätten uns noch eine Weile in allem Glücke fort -
875 2502 3230 2768 lieben können. In aller Ruhe und es wäre ein all -
862 2649 3336 2880 mähliches und mildes Sterben gewesen, ohne Auf -
872 2821 3202 3039 schrecken, ohne ein wildes Sichwehren. Wir hatten
865 2977 3380 3227 diese Wohltat abgelehnt! Wir wollten die entfliehen —
859 3118 3189 3389 de Seligkeit, die uns lautlos unbemerkt verlassen
859 3296 3236 3508 wollte, wieder zu uns herzwingen. Wie war das dumm!
843 3433 3142 3599 Ich wusste das alles an jenem Sommerabnd und das
847 3592 3130 3864 war ja noch gut für mich. Ueber Anna aber war es
