3576 4168
947 551 3323 710 grossen Mitleid der Jugend verklärten und uns noch
947 716 3336 847 die einzelnen Menschen entgegen regten aus der Men
944 807 3275 1048 ge, die uns heute ein brutales, feindliches Ganze
984 1027 1182 1170 war.
935 1103 3363 1304 Die Sonne verglomm. Kühle Schatten schlichen an den
941 1276 3287 1487 Häusern hinauf, langsam, bis sie sich auf den Dä
966 1453 3144 1636 chern verloren. Nur weit draussen noch auf den
950 1648 3311 1779 letzten Häuserni lang ein rötlicher, schmerzlicher
944 1794 1386 1974 Schimmer.
944 1922 3275 2129 Und wir standen bei den allerletzten Häusern. Die
941 2087 3387 2266 Strasse var jahabgeschnitten, hier endete die Stadt.
957 2279 3284 2410 Wir wandten uns um und schauten in den Dunstkreis
938 2382 3366 2574 zurück, aus dem die Strassen mühselig heranzuschlei
947 2586 3278 2726 chen schienen und blieben da stehen - wir wollten
944 2720 3339 2882 die geliebte Dämmerung auf uns niederwallen lassen.
1426 2870 3229 3028 "Ist es nicht" fragte Hans, "als ver-
950 2973 3290 3208 gässe die Stadt an manchen Orten zu wachsen: ich
944 3147 3229 3339 rend da und dort ihre Grenzen XXX von Tag zu Tag
953 3354 3177 3549 weiter gegen die Hügel zu rücken, eilig beinahe
3205 3327 3421 3558 wdente
957 3528 3323 3689 scheint sie hier stehen zu bleiben. Seit ich hier
