3640 4184
2791 504 2933 614 10
876 624 3163 866 nicht sie zu fragen, wie es aussähe, xxxie es sich
885 828 3260 1002 in unserem Zimmer ausnähme. Wir wollten noch spa -
876 958 3112 1156 zieren gehen, wir trauten uns nicht hinauf..So
885 1084 3380 1329 traurig,, so herzbeklemmend traurig bummelten wir über
882 1304 3254 1474 die Felder. Siehst Du da draussen, mir ist jetzt,
882 1430 3241 1647 als könnte ich unsere Gestalten sehen, wie sie vor
879 1518 3320 1780 twanzig Jahr en, langsam, schmerzensvoll über die Flä¬
879 1688 3314 1915 chesschritten. Wir sprachen kaum ein Wort. Der Nach
876 1871 3405 2035 mittag war schwill und ernst. Auch der nahe Abend woll.
888 2022 3326 2202 te keine Kühle bringen. Wir gingen nicht Arm in Arm
885 2161 3326 2385 wie sonst. Wir durften nicht. Endlich, da mag es nun
888 2347 3216 2542 eben um de Stunde gewesen sein wie jetzt, nahmen
895 2520 3292 2722 wir die entscheidene Richtung nach Hause und als wir
888 2674 3018 2816 vor dem Haustor standen lächelten wir uns an.
876 2807 3320 3030 Aber was war das für ein Lächeln. So stumm, so milde,
895 2974 3254 3172 so verzagt. Und nun die Treppe hinauf und in unser
888 3153 3270 3345 Zimmer. Da stand es an der Wand, dem Fenster gegen
885 3301 3166 3471 über und stehst Du, diese Strahlen, die Du dort
879 3440 3175 3607 auf dem Fenster spielen siehst, die flirrten und
891 3600 3311 3843 zitterten über den=Fussboden hin und krochen hinauf
