3624 4248
3073 440 3219 623 12
937 586 3166 738 wie quellende Todesstimmung gekommen, ohne dass
940 716 2354 921 ste es recht verstehen konnte.
930 831 3278 1051 Es wurde später, die Nachtham... die Nacht mit th
940 1027 3173 1206 ren Lügen un-d ihrer Schönheit. Da begruben wir
933 1200 3371 1405 uns, der Prinz und die Prinzessin, in unserm schwel
933 1380 3123 1532 lenden Märchenlager und lachten, aber es klang
946 1538 2838 1668 falsch – und jubelten, aber wir weinten.
933 1678 3374 1817 Der Morgen nun, ach ja der Morgen. Sie schlief noch
949 1839 3228 2007 ein liebes Lächeln um den Mund... freilich, denn
2146 1957 2385 2152 G.C.F.P.
943 1975 2047 2171 nun träumte sie ja....
943 2100 3284 2295 Und ich ging. Wie schön wäre es gewesen, wie herr
943 2289 3325 2469 lich frei hätte ich mich gefühlt, wenn ich niemals
946 2444 3228 2648 hätte wiederkehren müssen! Hätten wir doch beide
946 2596 3194 2779 den Mut gehabt, damals in jener ersten Nacht in
964 2773 3306 2909 unserm Himmelbett. Aber ich wusste nun wie es kom
946 2884 3337 3098 men musste. Diese Nacht hatte mir den Vorgeschmach
961 3064 3334 3266 gegeben vor jener Lust ohne Freude, von jener wahn
955 3222 3266 3411 sinnigen und vergeblichen Mühe glücklich zu sein,
958 3424 3238 3551 von jener anhaltenden Sehnsucht nach dem besten,
952 3532 3449 3725 was wir erleben können:, nach dem gedankenlosen Glück,
