3640 4184
2932 355 3067 567 8
987 610 3441 818 und süss eine Ampel mit halben verträumten Lichtern.
990 766 3309 977 Wir selbst aber inmitten all dieser Herrlichkeit,
1005 953 3330 1149 auf einem Lager blühend und weich, darüber stille
1002 1051 3434 1259 vornehme Seide in dunkelglühenden Falten von schlan-
1005 1247 3336 1409 ken Holzsäulen getragen und dem Zuge einer hellen
999 1391 3376 1584 Schnur willig gehorchend. Da wollten wir drin ver
1005 1541 3294 1740 graben sein, und nur mühselig und ferne durch die
1005 1691 3339 1863 zitternde Seide sollte das schweigende Ampellicht
999 1857 3462 2047 zu uns herein dringen. Ich weiss nicht, ob sie sichs
1023 2034 3434 2203 genau so vorstellte, aber schön sollte es sein, das
1023 2157 3431 2319 war gewiss und da wir jung waren und sehr verliebt,
1032 2332 3263 2521 so war das, woran wir mets tens dachten, und das
1036 2448 3376 2681 wonach wir uns am heissesten sehnten, unser Himmel
1045 2662 1290 2822 bett.
1032 2745 3373 2999 Wir hatten nun wirklich nach einiger Zeit das Geld
1045 2966 3229 3134 dazu beisammen — freilich so prächtig wie wirs
1051 3110 3459 3275 uns träumten konnte es nicht sein, aber wir mussten
1036 3275 3413 3453 eins haben, bald bald, das stand fest. Allnächtlich
1048 3425 3480 3652 sprachen wir davon. Wir begannen in einer Uebergang.
