3592 4136
2932 383 3026 542 1
1287 701 2022 901 Das Himmelbett
1998 1016 2178 1187 von
2294 1134 3188 1365 Arthur Schnitzler.
947 1418 1197 1583 G.C.F.P.
851 1577 3313 1745 Junisonne, die langsam verglomm. Wor waren draussen,
869 1782 3300 1973 weit vor der Linie, und in langer Rethe dehnten sich
866 1935 3045 2138 hohe einförmige Häuser in hässlicher weitgelber
863 2041 3275 2269 Farbe schimmernd. Viele Fenster waren offen, Männer
863 2234 3157 2449 in Hemdärmeln schauten heraus und verfolgten die
863 2393 3253 2596 klingelnde Tramway mit gedankenlosen Augen. Frauen
860 2583 3244 2761 in nachlässigen schlotternden Blousen blickten ins
848 2724 3194 2929 Blaue. Kinder spielten auf den Strassen, schmutzig
851 2854 3235 3076 und lärmend und auf den matt grünenden Wiesen, die
838 3013 3325 3225 hier begannen, um sich weiter hinaus in schüchternes
835 3204 3256 3341 Hügelland zu verlteren sahen wir ärmliche Menschen.
835 3322 3341 3531 die sich nach freter Luft sehnten, ohne es zu wissen.
826 3434 3278 3649 Buben und Mädeln, die auf der Erde kugelten oder hin
