3624 4120
2995 367 3104 526 4
971 451 3229 673 und das sind nun sicher zwanzig Jahre her, nahm
968 682 3403 797 ich kaum eine Veränderung wahr und an das Haus, wel
987 782 3462 968 ches damals das allerletzte war, ja das alleletzten
975 934 3357 1155 haben sich x nur die paar abscheulichen Zinshasernen
962 1124 3335 1330 angeschlossen, die nichts bedeuten und die ich gar
953 1249 1899 1420 nicht sehen will.
965 1373 3360 1572 Er sah auf das kleine, einstöckige, graue Haus zu
965 1594 3366 1781 rüch und fast mit Zärtlichkeit blieben seine Augen
978 1753 3450 1896 daran haften. Nach einer Weile aber veränderten sich
971 1859 3469 2058 seine Züge zu einem Ausdrucke wehmütigen Widerwillens
984 2033 3310 2205 "Das auch das so dunm zu Ende ging, sagte er dann
971 2245 1305 2360 leise.
962 2310 3310 2525 Ich musste voran er dachte. In diesem Hause hatte
965 2507 3335 2659 er viele Monate mit einem sehr herzigen Mädel ver
971 2622 3450 2868 bracht und wie so viele Liebesgeschichten hatte sich
962 2830 3397 3017 auch diese unvermerkt und ohne starke Erschütterung
975 3014 1454 3164 ausgelebt.
978 3083 3325 3325 "Warum nur," fragte ich ihn, "sagst Du "dumm ge -
971 3291 3444 3453 endet“.? Das Ende kommt uns timmer dumm vor, deswegen
965 3406 3316 3693 schon, weil es überhaupt das Ende ist und von dem
