3640 4248
2986 500 3128 651 23
936 639 3301 871 von jenem tiefsten Gram zu wissen, dass wir lügen,
926 834 3310 1028 zu wissen, dass wir belogen werden! Ja, das musste
939 1000 3168 1183 kommen und es kam Die vielen Sommernächte, da
936 1155 3301 1346 unsere Liebe starb. Und wir sahen und wussten es,
951 1328 3304 1507 aber wir scherzten und keines sagte es dem andern.
948 1467 3254 1661 Und dann quälten wir uns, weil wir uns nicht mehr
932 1686 3279 1822 lieben konnten und hassten uns, weil wir uns belü
942 1874 3211 1995 gen mussten und dann misstraute eins dem andern,
936 1957 3334 2167 wetl wir uns selbst misstrauten. Und statt mild da
936 2137 3301 2282 hinzuschlafen, wie die Liebe soll, war es ein ent
942 2300 3418 2445 setzliches Todeszucken mit tausend erlesenen Martern
960 2451 3350 2643 und mit vergifteten Erinnerungen mussten wir schei
948 2668 1414 2791 den....
939 2739 3316 2921 Nun schwieg er und die Dämmerung war gekommen. Wir
954 2921 3381 3115 waren während wir gesprochen hatten weiter ins Feld
942 3106 3242 3233 hinaus spaziert und ich konnte das Fenster nicht
945 3205 3183 3421 mehr sehen, hinter dem Hans seine moralische Er
948 3396 3344 3578 zählung erlebt hatte. Das lag im Dunkel wie die an
954 3538 3316 3767 dern. Und ich dachte, wie oft seitdem hinter jener
