3624 4424
3014 739 3135 890 14
909 862 3045 1085 Scheibe und all den andern das gleiche erlebt
915 1045 3397 1184 worden sein mochte, wie das verborgene Abenteuer mei¬
912 1190 3292 1366 nes lieben Hans und wie selten doch einer zugleich
921 1351 3369 1536 davon gewusst haben mag. Das eigene Erlebnis ist das
912 1502 3252 1660 tiefste Geheimnis. Wir Guten enträtseln es in ehr
896 1685 3169 1845 lichen Qualen und wollen doch nicht eintauschen.
890 1811 3104 1988 was die andern vor diesen grossen und heiligen
912 1954 3320 2176 Schmerzen bewahrt.: das ewige Missverstehen und die
893 2114 1904 2340 lachende Blindheit. -
1586 2590 1864 2757 Ende.
