3592 4136
2909 298 2994 444 5
900 456 3226 634 Frühlingsglanz des Anfangs nur mehr ein schwaches
900 589 3128 814 klägliches Leuchten über unsern Gefühlen liegt.
887 760 3124 951 Da ist nun das Ende dumm, ob es ein plötzlicher
903 887 3422 1109 Treubruch, oder ein elender Zank, ober endlich so ein
903 1122 3188 1293 ###h-in-nichts Verlieren ist, wie eben damals
903 1233 3353 1407 Deine Geschichte mit Anna. Ich irre mich doch nicht.
906 1407 2960 1581 Ihr wurdet Euch mit der Zeit langweilig?.“
909 1537 3324 1736 Er sah mich lächelnd an. "Willst Du eine moralische
909 1698 3296 1885 Erzählung hören, ja? Nun, wie das zwischen mir und
906 1860 3315 2047 Anna endete, das war in seinen letzten Gründen sehr
913 2009 3343 2199 moralisch. Es liegt eine Lehre darin und man könnte
922 2161 3257 2354 die ganze Geschichte sogar Kindern erzählen, wenn
928 2307 3384 2510 sie nicht mit wilder Liebeslust begänne und wenn die
935 2484 3349 2655 ewige Gerechtigkeit sich nicht zur Ausführung einer
938 2633 3315 2808 Weisheits-und Lebenslehre eines unschicklichen Mit
941 2804 1961 2979 tels bedtent hätte. „
944 2874 3134 3124 "Ja kenne ich denn die alte Geschichte nicht?"
947 3045 3356 3305 "0 ja, so im ganzen grossen. Aber stehst Du, jetzt,
928 3229 3359 3435 wie dieses letzte Sonnengelb auf den Fenstern spiel
938 3400 3482 3622 te fiel mir plötzlich die letzte Stunde unserer Liebe.
