3592 4152
2876 470 2974 606 6
880 609 3261 820 ein, so deutlich wie noch nie. Denn das war so ein
889 744 3274 952 lauriger Sommerabend wie heute und so wie neute ver-
883 902 3371 1079 glommen die Strahlen dort hinter den Hügeln, zitterig
880 1072 1413 1258 verwischt.“
883 1243 1744 1400 "Nun?" fragte ich.
864 1366 3274 1574 Er erzählte halblaut: "Wir hatten uns wirklich sehr
858 1561 3315 1738 lieb, wie Du weisst. Nach den ersten Wochen, in de -
855 1668 3144 1889 nen die Frühlingsstürme vorübersausten, wurde es
864 1851 3321 2050 eine Art Eheleben, von dem wir kaum dachten, dass es
852 1984 3362 2208 je aufhören könnte. In dem kleinen Zimmer, das wir zu
861 2157 3296 2337 sammen bewohnten sah es gemütlich und glücklich aus.
845 2293 3166 2479 Da kam einmal, wie und warum das weiss ich nicht,
864 2450 3308 2659 da kam so eine merkwürdige Sehnsucht über uns. Alles
858 2630 3362 2823 gefiel uns aber noch recht wohl. Wir hatten gegen die
1826 2766 1984 2842 miclits
845 2785 3277 2946 Kleinheit des Zimmers einzuwenden, nichts gegen den
861 2958 3390 3141 etwas wachlichen Tisch, nichts gegen die paar schlech
855 3116 3129 3252 ten Stühle und nichts gegen die Wanduhr, die nie
858 3245 3214 3422 gehen wollte. Nun das muss wohl in einer Nacht ge-
842 3390 3270 3576 wesen sein, wo wir uns so recht wie im München vor
845 3564 3274 3759 kamen, ganz verzaubert und küniglich - da wurde uns
