3608 4168
3104 413 3193 560 2
924 539 3073 750 und herliefen, Soldaten mit blöden fröhlichen
1583 741 1892 836 niptern
921 726 3239 998 Feterabendsgefühlen, schlechte Zigarren rauchend;
921 876 3248 1139 Dirnen, die meist zu zweien oder dreien Mut la-
940 1081 3217 1286 chend übers Feld schritten, zuweilen einsame Spa
940 1203 3248 1485 ziergänger, die herausgewandert kamen, um von der
940 1353 3303 1613 Stimmung dieses seltsamen Grenzgebietes zu kosten.
946 1494 3401 1690 wo die Stadt allmählig aufhört und das dumpfe, lange
955 1644 3181 1873 angstvolle Atmen der Grossstadt in einem müden,
955 1855 2376 2008 tröstlichen Seufsen aushaucht.
958 1919 3337 2173 So waren auch wir heute da heraus gelangt, Hans und
964 2118 3279 2323 ich wieder einmal jener Sehnsucht nachgebend, die
964 2305 3340 2470 manchmal über uns kam, einer Sehnsucht etwas aufhö
970 2418 3432 2620 ren zu sehen ersterbenden Lauten nachzugehen, erblas.
970 2596 3291 2795 senden Farben zu folgen und allmählige Uebergänge
983 2700 3395 2948 zu erlauschen. Etwas von diesem tiefen und melancho
980 2902 3340 3101 lichen Heiz empfanden wir hier stets, und schon vor
983 3064 3410 3248 Jahren waren wir da herum flantert, nicht viel fröh
983 3220 3266 3426 licher als heute, aber innerlich reicher, zu et
995 3380 3187 3557 ner Zeit, da wir die Armut des Daseins mit dem
