3208 3560
2571 478 2733 626 281
1005 679 1665 807 sehen Sie aus..
1005 793 2334 957 Inspizient: Bitt schön, Herr John.
1005 925 2928 1140 1turo Linke wird geokenet, Sohn tritt auf die Büh-
998 1075 1186 1211 ne.1.
995 1148 2880 1336 Baron:(kommt von Linke, erregt zu Löblein) von
1003 1343 2380 1469 der Friesel versteht man kein Wort.
1003 1445 2568 1626 tyblein: Das ist ja leider in dem Haue-
983 1563 2899 1761 Baroni Immer die Auerede mit dem Hawe - und kein
981 1725 2776 1923 Tempo, kein Tempe. Doktor Wesser sagt auch, wir
971 1856 2687 2022 hatten das Stück lieber verschleben sollen.
979 1967 2677 2163 Egblein: Messer - wer liest denn des Matt?
964 2090 2909 2298 Baroni Geben Sie Acht, was wir morgen überhaupt zu
959 2240 1848 2399 lezen bekommen werden.
957 2368 2895 2583 Karl Bern:(tritt zum Baronl Ich habe den Kindruck
952 2510 1776 2668 die Leute gehen mit.
959 2629 2873 2825 daren: je, die Antoren haben manchnal merkwürdige
947 2771 2781 2945 Eindrucke. Nur die Roreda hätte das Stück ret-
928 2897 1399 3030 ten konnen.
918 3006 2056 3202 kari Bernilruokt die Acheell
