3208 3704
2608 672 2768 788 280
1026 783 2766 957 Kathilde: Dae allein kann es nicht sein,ich
1050 941 2766 1106 glaube nichtzdase sie Freunde eind - Ludwig
1050 1068 1620 1190 Perold und er-
1039 1204 1853 1335 Helene: Warum nicht?
1044 1326 2837 1484 Mathilde: Hast du sie neulich am Hochzeitetag
1035 1495 2205 1593 miteinander sprechen gerehen?
1015 1611 1658 1762 Helene: Nun --
1026 1727 2775 1902 Mathilde: Ich habe zwar kein Wort gehört, was
1024 1867 2737 2034 sie miteinander gesprochen haben, aber - ich
1028 2011 2423 2160 glaube nicht, dass eie Freunde sind.
1006 2132 2301 2298 Helene: Du könntest Recht haben.
