3208 3560
2602 500 2768 620 284
968 554 2798 742 künetierlechee. Urtell. Aber diefdieren kann er
965 715 2193 911 auch nicht. (meiter noch linkel
973 860 2754 1029 Dregulein: stritt zu Karl Bern) Wenn ich eine
963 1014 2746 1159 andere Geetalt hätt", -wenn ich um zehn Centi-
951 1125 2827 1333 meter groeser war - den Fedor hätt' ich spielen
953 1279 1220 1406 mogen.
958 1352 2893 1548 Karl Dern, Der Däron hat da früher in seiner Ein-
953 1519 2913 1678 falt etwas ganz vernünftiges geragt, die Fanny düri
951 1637 2786 1811 te gar nicht in Ohnmacht fallen, sie müerte dem
946 1774 2854 1960 Fedor etwas Grossartiger ine besicht sonlendern.
978 1931 2220 2070 ie müeste die Siegerin bleiben.
953 2043 2901 2242 Progulein: Reden Eie nichte, der Akt ist von einem
951 2168 1632 2328 Mohter, grad der-
951 2298 2803 2450 Exepixlenti(zu den Schauepielern, die noch rück-
943 2448 2911 2609 warte stehenl Jetzt was reden bitte, nicht zu laut.
946 2575 1671 2690 (Einigee Gemurmel)
946 2697 2244 2871 Ixepieienti Se, jetzt genugpetill.
946 2815 2810 3045 (detzt hert man von der Drene her Nerte aur dem
926 2957 1808 3136 Gesprach Peder-kannti)
