3128 3400
2584 387 2744 516 313
1036 523 2805 675 Karl Dern: Ee ist beinahe eine Frühlingenacht
1041 680 2795 821 geworden. (Ich schlage vor noch eine Weile im
1069 769 2812 957 Freien umherzuepazieren. Ee wird Ihnen eipher
1044 922 1785 1100 wohl tun, Richard.),
1048 1067 2830 1208 Richard! Ich danke Ihnen,ich dank kuch Allen,-
1046 1182 2898 1362 aber laszt mich lieber (für heutd,igh verspreche
1046 1313 2863 1461 Euch feierlich keine Dumnheit-oder etwas allzu
1053 1470 1850 1613 Vernünftiges zu tun
1044 1578 2908 1759 Mathilde: (das errte Wort, das. zie spricht) Laest
1036 1731 1855 1841 mich mit ihm allein.
1046 1871 2934 1996 lelene: (zögert einen Eugenhlick, Karl Bern nickt,
1060 1977 1885 2092 beide entfernen sich)
1053 2096 2915 2249 (tichard, Mathilde übersohreiten die Fahrbaln zum
1055 2232 1578 2357 Fark hinüber)
1048 2322 2880 2490 Mathilde (Ich hab keihe Apget um dich. Aber ich
1048 2488 2781 2622 kann dich doch nicht alifin lassen in dieser
1046 2603 2774 2772 Stunde. Vielleicht wünsche ich auch nur, dass
1046 2727 2774 2880 du mich nicht allein Jusek (in dieser Stunde.
1048 2833 2781 3037 Eichärd: lehe Da sprchet zu einem An-
