3208 3560
679 155 981 307 4. 11. I.
2540 494 2710 621 273
1016 621 2782 845 schon in der funften Rethe versteht nen kaun
1014 764 1399 926 ein vort.
1016 900 2787 1134 Franzlisplötzlich, aur der Kölle deklanterend)
986 1044 2789 1205 „So geh doch, ich bin es müde um deine Gnade zu
1935 1168 2355 1298 (zu Gregorl.
1007 1182 2752 1399 flehen..“ Nein, so geht de nicht. Fringen sie
988 1298 1771 1473 wir die Stichworte.
995 1434 2851 1642 Gregor:laur der Roliel Ie ist an Ende der Welt
990 1588 2796 1785 wie hier und es gibt keinen Kuss keusch genue.
970 1704 2706 1879 keine Umermung glühend genig und keine Lieis
970 1831 2819 2032 enig genug, um die alten Züsee und die alte Le-
965 1953 2782 2170 de auszulbechen. Was war, ist, des ist der tiefe
956 2078 1819 2249 Sinn des Geschehenen.“
954 2186 2664 2403 Franzt:(in der Rolle) 1s0 geh doch. Ich bin
947 2350 2761 2583 es müde um deine Gnede zu flehen wie eine Sun-
933 2487 2701 2708 derin und vor einem auf den Enieen zu liegen.
917 2581 2244 2784 der um nichts besser ist ale ich.
1743 2764 2036 2840 irnes
912 2736 2713 2978 Loblein: dr mitt rüon gehen.. De Sttmurg in
903 2870 1581 3034 ranittet tet gat.
914 2978 1533 3221 Mtggetretoherf
