3256 3608
2722 546 2889 686 278
1029 544 2840 828 dehne Sie erkennen nich nichtt Horitaky alles
1027 703 1235 858 Jehn.
1022 853 2928 1071 Lobleini Wes füllt Innen denn eint Die Warke wer
1000 978 2835 1205 Je genen feetgestellt. Sie sehen nicht aus wie
987 1127 2889 1355 ein Thesteregent, -wie ein Auschik sehen Sie aus.
973 1223 2778 1465 dehni Ich habe in meinen Leben keinen Muschik
968 1374 1303 1512 gesehen.
2499 1514 2837 1649 Rmiche
956 1487 2901 1735 Lobloini Fort nit diesen idiotischen Seharrdert.
956 1615 2697 1852 Woro Tortcke, wir spielen hier keine Roege.
948 1747 2901 1994 Beolmannistritt herzu,Ueberzicher, Mhachener) wer
929 1899 2230 2065 ist denn dasz John? - Mauossull
916 1997 2742 2264 laspiolenti In drei Winnten iet Ihr Arstreten,
902 2136 1325 2276 Herr John.
884 2259 2810 2514 Aoblein: So werden die nicht auftreten. Rasch in
880 2411 2742 2651 die secderebo. hinaus- und ein anch Runck
865 2524 1237 2675 Joha: (ab1
850 2668 2744 2935 Derailkomnt von rechte, zu Loblelnl wer mer denn
843 2768 1044 2916 aas7.
845 2913 2822 3192 Loblemi Herr Joha. So hat er auf die Ahne wei-
818 3045 2612 3342 2oa. tor hebe itr in die verderche gerobleht.
