3224 3544
2751 414 2903 546 282
995 558 2896 756 ketnen Horzechlag hort. Unrahe, Getuechel, Fragen
1002 704 1955 858 unter den Sohanspielern)
1002 818 2792 1007 Paronilen Dr. Braun) Sie ist vielleicht in der
1026 967 1456 1120 ofrnung..
1002 1076 2896 1269 tr. Braun: (10et ane Franzie verkrampfter Hand ein
988 1232 2262 1362 kleines Plasohchen, riecht daran)
988 1350 1908 1510 Karl Hern: Wae ist dasr
1014 1496 2844 1676 Tregulein: (entfernt die Andern eofmeit als mög-
1260 1572 1458 1652 egend
995 1614 1480 1763 lioh I biftr
983 1723 1636 1886 Karl Berni Eift?
993 1856 2685 2064 er. Maun: Ioh glaube... (unterrucht nochmale
993 2004 1915 2158 Jestel da, ex soheint...
983 2082 2848 2290 karon: uiftt (zu Lobleinl Mit einem Eiftflasch-
981 2248 2579 2413 ohen lassen ie sie auf die Bühne gehen?
986 2399 2688 2553 Er.Fraun: Hitte den komniesar veretändigen.
1019 2506 2886 2699 fregeri ie irt tott das ist doch nicht möglich.
981 2659 1191 2796 Rotz
974 2758 1936 2938 tantgeam
969 2900 2127 3075 Degeimanni(zu Karl Vernl rotz.
960 3042 2841 3290 harl dern: but, deer Sie degeblieben eind. Jetzt
