3256 3640
2517 563 2679 730 274
950 708 2899 870 Karl Bern: Mir komnt vor, die Stimmung läegt nach.
947 855 2749 1007 Ansager, Bitte echbn. Herr Regieseur, sagen die
947 977 2704 1162 dem Herrn Doktor, er möchte am Schluer gleich
945 1094 1481 1236 herauskomnen.
942 1229 2732 1391 Karl Bern, Unter keiner Bedingung. Zuerst die
922 1361 2530 1525 Sohanspieler allein,mindestene drei Mal.
935 1491 2682 1677 Ixepisient: (gibt dem Klarierepieler ein Zei-
930 1625 2440 1797 onen, Plautet eptolt ein paar Ahkordel.
942 1765 2789 1939 Ehvaterarbeiter: (ofEinet die Füre im rücknärti-
920 1882 2779 2069 sen Frespokt. Franzi tritt von der Ezene ab, die
917 2036 2669 2221 Büre sohlieert sich, Röchtiger Blick auf die
905 2146 1221 2251 Seene).
905 2296 2345 2438 Uil11 Küse die Hand, Fräulein franzi.
907 2400 2744 2562 Franzi: Marum schauen ie sich den dritten Akt
897 2527 2071 2667 nicht lieber von oben aus ent-
870 2645 2762 2844 Ail1i Ich geh gleich wieder hinauf zur Frau He-
887 2804 2099 2926 ma. Sie hat eine solche Freud.
867 2899 2645 3098 Karl Bernistritt auf Franzt zul Ioh habe die
882 3063 2884 3238 nach dem zwelten dkt leider nicht sprechen können
870 3168 2762 3367 trauletn Friesel, die sind wundervoll. Sie konn-
