3192 3448
2534 389 2693 518 309
1067 445 2447 680 pen haben sich allmählig aufgelbstl.
1041 650 2755 811 Rovedai(zum Barons hekn Beileid, Herr Baron.
1062 781 2767 933 Baron: Ich danke sihnen, gnädige Frau. Hatten
1094 898 2889 1044 ie eigentlich den Kindruck, dass er - bie dahir
1053 1034 2007 1177 ein Erfolg gewesen ietz,
1046 1154 2900 1320 Roroda:  Molfen Sfe meine ehrilche Meinung
1053 1299 2785 1435 horen, Herr Baron? Bo anfechtbar die Leistung
1488 1391 2087 1486 dic herpufen
1048 1396 2778 1590 auch war, ae war kofnsarund Licheiteh unzu-
1053 1555 1822 1702 pringen. rcherde
1057 1666 2753 1852 Ferbleri x Verfahren
1034 1813 2078 1965 der Wagen für Frau Refeda.
1046 1912 2718 2073 Roveda: Er kann dort stehen bielben. Guten
1060 2055 2834 2232 Ebend, Herr Daron, (zu Ggegerl Ich kann die in
1037 2195 2430 2380 meinem Kagen mitnehmen, Adpr Greger.
1067 2315 1970 2493 regor: (unentschleceen),
1034 2447 2806 2626 Revodai Da machet sieja doch nicht wieder le-
1025 2587 1410 2725 lebendig.
1034 2702 2290 2852 (Lobiein und karon gegen lipke)
1032 2857 2771 3041 Lobleinifurt drei Proben wurg es wohl zu me-
1009 2983 1274 3131 chen,1
1343 3080 2212 3264 sitz si sie een freihe
1113 3103 1295 3262 den
