3208 3672
2473 651 2621 770 231
1107 724 2665 954 Helene: Ich kann diese misige Exlsten-
1107 911 1959 1066 nicht mehr vertragen.
1118 988 2797 1193 Fricke: Uleeigt- Da biet doch so ziemlich
1111 1171 2817 1346 den ganzen Tag beschäftigt,-etudieret Spra-
1121 1321 2337 1458 chen. Kunstgeschichte, Klavier -
1107 1433 2854 1601 Helene: Ailes ohne Zweck. Ich will einen, Ge-
1116 1533 2840 1738 ruf haben, einen wirklichen Jeruf - Geld ver-
1109 1715 1405 1831 dienen.
1118 1729 2779 1991 Fricke: Der haet da glücklichermeize nicht
1107 1972 1517 2120 netwendig.
1105 2059 2897 2264 Heleneilnso beeser. Werde ich noch mehr Freu-
1095 2230 2731 2359 de davon haben. Und vor allem einmal eine
1095 2348 2421 2528 ericht seine regelnderige Arbeit
1100 2473 2876 2637 Fricke: Und eine andere betah Stei-
1105 2605 2460 2794 lung ale gerede die gabe er nicht?
1086 2756 2241 2924 delene: Die bietet sich eben.
1095 2856 2854 3040 Frieke: kenn ich dich zum Beieviel zu meiner
1089 2988 2920 3182 Prireteetretarin nachte - teu würde vielleicht
1080 3122 2719 3352 auch eiwen höheren behelt zehlen aie Herr.
1084 3261 1312 3444 bern.
