3224 3704
2642 642 2801 773 230
1118 732 2207 908 Fricke: Die drei Uhr Früh.
1113 886 2048 1046 Redene: Rahrscheinlich.
1116 1007 2770 1174 Fricke: Diener Herr Karl Bern - bei allen
1118 1174 3024 1326 Respekt vor seinem Talent - die richtige besell-
1104 1292 2990 1437 schaft für Richard scheint er mir doch nicht zu
1096 1425 2864 1601 sein. (faet verlegen) für, dich übrigeng auch
1096 1558 1649 1688 nicht, Relene.
1092 1671 2855 1833 Helene: Schade. Mir ist er sehr sympathiech.
1099 1814 2017 1966 tracke: Der merke ich.
1087 1946 2567 2103 Helene: Ich habe zogar die Abeicht -
1082 2079 1676 2251 Fricke:18lickl
1077 2200 2840 2379 Rolens:lmit übertriebener Beetinntheit) Eine
1072 2335 2217 2492 steilung bei ihm anzunchnen.
1075 2463 1563 2623 Fricke: Mier
1070 2582 3016 2775 Delene: (inner mit gespielter Selbetverständlich-
1067 2736 2862 2917 keitl - die Setretartn. Ich bekane einen ganz
1075 2855 2929 3060 anständigen Gehalt und hätte hochstene drei bie
1067 2985 2193 3154 vier Stunden tüglich zu tun-
1060 3096 2900 3325 tricke: Da biet wohl nicht ganz bel Trost mein
1048 3248 1285 3427 Z1ad.
