3160 3496
2655 479 2814 623 282
955 540 2648 699 Lyblein: Den Beron wird der Schlag treffen.
928 655 2836 852 Karl Dern-frasch herauf) Mar ist denn gesshekend
933 808 2872 1050 Loblein: (zum Ixepizienten) (Ee geht nicht andere.
913 955 2127 1104 Laezen Sie den Vorhang fallen.
918 1058 2660 1268 Dregulein: Warten Sie noch einen Augenblick.
906 1155 2775 1419 Lotfeth: doner war noch nicht dae geit man auf
904 1351 1903 1470 der Welt Theater spielt.
892 1446 2477 1656 Karl Bern: Fräulein - ich beschwöre Sie!
884 1610 2352 1773 Franzl: (wie zum Bemuektsein kommend)
882 1720 2223 1871 Esblein: Ee ist der letzte Momentl
870 1837 2650 2039 Zarl Dern:(wirft rich beinahe auf die Knisel
872 1974 2032 2174 Franellerhebt eich plötzlich!
865 2125 2758 2296 Dregulein: Die Andern können doch nichte dafürl.
1058 2206 2645 2381 sehef die ihr rachsurlert-veuaburs  at jett
848 2218 1343 2381 Zuptrtuater
1321 2320 2003 2428 mil sie Ihr Rol
2477 2377 2770 2491 tlicuren
838 2389 2799 2572 Loblein: Jang kann er nicht mehr da unten spielen.
818 2513 2108 2675 Insplaient: Alerletzter Nomentl
826 2623 2723 2828 kranzli (miederholt wie nechantschl Ailerietzter
804 2743 2723 2990 komentl( auf die Bühne, von Ineptzienten an Am
796 2877 1646 3053 gehalten und geführt!
806 3014 1795 3170 Karl Bern: bott sei Dankl
