3208 3576
956 601 2396 767 haben keine Geduld die Herrschaften.
979 756 2638 928 (Auf eine Weieung des Inepizienten die Mehr
968 882 2638 1032 zahl der Schauspieler wieder auf die Bühne)
963 1037 2781 1173 Gregor, (iet indeseen linke abgegangen, zu Dregu-
942 1159 2493 1325 lein hin)die oder überhaupt keine mehr.
938 1285 2716 1451 Franzii (ale Kanni zur Schweeter) Und ich soli
947 1417 2778 1594 verloren seint Man darf mich verlassent Negwer-
931 1532 2246 1696 fen därf man mich wie eine Arne?
928 1677 2778 1845 Karl-Bern: (zu Dregulein) Dae auch noch - Dirnel
931 1813 1329 1921 Unmöglicht
940 1947 2688 2119 1e Schwesteri kannt... (Beginnender Applaue)
915 2062 2695 2274 Dreguleini(zu Karl Dernl War wollen die demt
912 2198 2246 2331 Ee scheipt ihnen ja zu gefallen...
917 2324 2101 2497 wan hort kannt niederkbürzen)
901 2463 2739 2633 Lari Bernilen tregulein) Narum etürgt sie denn
892 2589 1438 2730 sohen nieder?
901 2725 1850 2864 Fregulein: Danz gut ee.
896 2843 1728 3009 lApplanr deuert fortl
889 2976 2741 3181 Tueptzientilaum Thesterarbeiter, der den Vorhang
896 3122 1993 3294 beatentl Herunterl Rerunterl
