3144 3432
2576 381 2728 542 300
1033 494 2271 666 Fraulein Frieselschen etholt?
1047 625 2694 829 Tregulehn: Ich glaube, daf mit der Erholung
1031 781 2218 951 wird nicht so geschwind gehen.
1015 912 2632 1098 Broherdi dieo heb ichldesh recht gesehen)
1024 1031 1695 1203 Eine ohnnacht -1
1010 1169 2733 1380 Dregulein:(beginnt den Puramnenhang zu ver-
1008 1309 2857 1506 stehen) Ee ist jederfallf eine ziemlich schwere
1017 1435 1373 1582 unmacht.
990 1550 2836 1782 Froherd: (starrt ihn an, ethert rarch ine Theater
978 1690 1300 1837 hineinl
978 1826 2769 1991 Einer unter den ilartenden:Ich hab'e ganz deut-
964 1959 2328 2147 lich gehört: Rettungsgesellfchaft.
999 2085 2354 2280 znerildrangt eich nahe zun sfortter
948 2202 2487 2372 Eortier: Aber bitte, meine Hefrschaftent
958 2328 2684 2547 Imanigilart hochgeschloerenog kregen auf den
951 2468 2716 2684 Trottoir linke, etwae unrahls, fili eben hinaut
951 2592 2696 2840 zur Sunventüre, da konnen Rolofe und Uethildel
914 2719 2703 2967 Reiener (Ich sage dir dochfder/Vorhang ist zu
918 2857 1516 3036 früh,gefallen..
916 2997 2606 3272 vetuiver die kenn ein zufall gepesen sein.
