<?xml version="1.0" encoding="UTF-8" standalone="yes"?>
<PcGts xmlns="http://schema.primaresearch.org/PAGE/gts/pagecontent/2013-07-15" xmlns:xsi="http://www.w3.org/2001/XMLSchema-instance" xsi:schemaLocation="http://schema.primaresearch.org/PAGE/gts/pagecontent/2013-07-15 http://schema.primaresearch.org/PAGE/gts/pagecontent/2013-07-15/pagecontent.xsd">
    <Metadata>
        <Creator>prov=READ-COOP:name=PyLaia@TranskribusPlatform:version=2.7.0:model_id=50870:lm=none:date=22_01_2024_16:32</Creator>
        <Created>2023-09-27T14:32:18.787+02:00</Created>
        <LastChange>2024-01-22T16:32:44.923+01:00</LastChange>
        <TranskribusMetadata docId="1589030" pageId="60121670" pageNr="56" tsid="145624106" status="IN_PROGRESS" userId="40391" imgUrl="https://files.transkribus.eu/Get?id=DQMAKELZZLJKGZFDXRANKUTH&amp;fileType=view" xmlUrl="https://files.transkribus.eu/Get?id=CDIJBGZFBCGSHUXALAIZOEKP" imageId="48546749"/>
    </Metadata>
    <Page imageFilename="1589030_0056.jpg" imageWidth="3192" imageHeight="3560">
        <ReadingOrder>
            <OrderedGroup id="ro_1711794795676" caption="Regions reading order">
                <RegionRefIndexed index="0" regionRef="tr_1"/>
            </OrderedGroup>
        </ReadingOrder>
        <TextRegion orientation="0.0" id="tr_1" custom="readingOrder {index:0;}">
            <Coords points="660,104 660,3189 2935,3189 2935,104"/>
            <TextLine id="tr_1_tl_1" custom="readingOrder {index:0;}">
                <Coords points="1619,168 1649,173 1664,163 1674,171 1681,163 1689,171 1699,161 1748,173 1892,171 1892,109 1617,111"/>
                <Baseline points="1633,158 1659,158 1686,159 1712,160 1739,161 1766,161 1792,161 1819,161 1845,163 1872,165 1899,167"/>
                <TextEquiv>
                    <Unicode>an d</Unicode>
                </TextEquiv>
            </TextLine>
            <TextLine id="tr_1_tl_2" custom="readingOrder {index:1;}">
                <Coords points="2481,560 2501,552 2528,567 2553,565 2560,557 2568,565 2575,557 2645,565 2645,483 2615,480 2607,470 2575,473 2551,451 2538,453 2508,478 2484,478"/>
                <Baseline points="2496,546 2522,544 2548,543 2574,543 2600,543 2626,543 2652,546"/>
                <TextEquiv>
                    <Unicode>271</Unicode>
                </TextEquiv>
            </TextLine>
            <TextLine id="tr_1_tl_3" custom="readingOrder {index:2;}">
                <Coords points="1005,713 1119,743 1295,671 2674,733 2674,639 2593,587 1793,614 1515,545 1379,612 1315,577 1196,617 1095,557 1005,582"/>
                <Baseline points="1018,674 1101,674 1184,674 1267,672 1350,671 1433,674 1516,671 1600,671 1683,674 1766,674 1849,673 1932,675 2015,675 2098,674 2182,674 2265,674 2348,676 2431,675 2514,675 2597,678 2681,683"/>
                <TextEquiv>
                    <Unicode>1111 Aleo, küee die Hand, Fräulein Franzl.-</Unicode>
                </TextEquiv>
            </TextLine>
            <TextLine id="tr_1_tl_4" custom="readingOrder {index:3;}">
                <Coords points="1298,748 1355,743 1367,755 1399,743 1421,753 1436,738 1496,758 1511,745 1563,760 1617,750 1617,691 1600,686 1563,698 1538,681 1478,676 1441,703 1397,683 1379,698 1340,683 1298,703"/>
                <Baseline points="1311,746 1336,742 1362,740 1388,740 1414,739 1440,737 1466,739 1491,740 1517,740 1543,740 1569,740 1595,740 1621,740"/>
                <TextEquiv>
                    <Unicode>rau Mama</Unicode>
                </TextEquiv>
            </TextLine>
            <TextLine id="tr_1_tl_5" custom="readingOrder {index:4;}">
                <Coords points="990,854 1503,812 2615,842 2615,765 2424,723 1976,765 1808,706 1565,760 990,721"/>
                <Baseline points="1003,806 1088,803 1173,805 1258,804 1343,808 1429,806 1514,806 1599,806 1684,806 1769,809 1855,809 1940,809 2025,812 2110,812 2195,812 2281,809 2366,811 2451,809 2536,808 2622,806"/>
                <TextEquiv>
                    <Unicode>Und die Auxtex l4 st fragen, ob eie unten-</Unicode>
                </TextEquiv>
            </TextLine>
            <TextLine id="tr_1_tl_6" custom="readingOrder {index:5;}">
                <Coords points="978,981 1357,993 1590,941 1696,1000 1959,1008 2147,951 2261,990 2759,961 2759,864 2709,857 2481,896 1704,849 1530,889 1322,837 978,862"/>
                <Baseline points="991,931 1079,934 1168,934 1256,934 1345,934 1433,934 1522,934 1610,937 1699,937 1787,936 1876,937 1965,938 2053,942 2142,943 2230,942 2319,942 2407,940 2496,941 2584,940 2673,940 2762,940"/>
                <TextEquiv>
                    <Unicode>warten soll nach dem Theater, Oder heraufkom-</Unicode>
                </TextEquiv>
            </TextLine>
            <TextLine id="tr_1_tl_7" custom="readingOrder {index:6;}">
                <Coords points="971,1077 1654,1087 1736,1132 2065,1077 2288,1109 2481,1080 2481,1003 2417,995 1771,1018 1461,963 971,1008"/>
                <Baseline points="985,1066 1060,1063 1135,1064 1210,1066 1285,1066 1360,1068 1435,1066 1510,1067 1585,1067 1660,1069 1736,1069 1811,1069 1886,1072 1961,1069 2036,1069 2111,1072 2186,1071 2261,1076 2336,1075 2411,1073 2487,1072"/>
                <TextEquiv>
                    <Unicode>men darf oder direkt nach Hauee gehn?</Unicode>
                </TextEquiv>
            </TextLine>
            <TextLine id="tr_1_tl_8" custom="readingOrder {index:7;}">
                <Coords points="971,1243 1171,1258 1288,1201 1441,1201 1644,1255 1862,1203 2162,1253 2224,1216 2603,1208 2741,1265 2739,1142 2610,1159 2496,1097 2263,1171 2182,1122 1788,1154 1347,1099 971,1122"/>
                <Baseline points="985,1194 1077,1194 1170,1194 1262,1195 1355,1196 1447,1197 1540,1197 1633,1195 1725,1197 1818,1198 1910,1200 2003,1200 2095,1200 2188,1203 2281,1203 2373,1200 2466,1203 2558,1203 2651,1208 2744,1203"/>
                <TextEquiv>
                    <Unicode>Franzi: Nicht warten, keinesfalle. Ich bin ge-</Unicode>
                </TextEquiv>
            </TextLine>
            <TextLine id="tr_1_tl_9" custom="readingOrder {index:8;}">
                <Coords points="971,1355 2714,1372 2714,1268 2536,1246 2080,1283 1622,1238 1436,1265 1288,1218 971,1246"/>
                <Baseline points="985,1326 1071,1326 1158,1329 1245,1329 1332,1330 1418,1330 1505,1331 1592,1334 1679,1337 1765,1334 1852,1332 1939,1335 2026,1335 2112,1337 2199,1337 2286,1335 2373,1335 2459,1337 2546,1337 2633,1335 2720,1335"/>
                <TextEquiv>
                    <Unicode>laden für später vielleicht. Wenn nicht --</Unicode>
                </TextEquiv>
            </TextLine>
            <TextLine id="tr_1_tl_10" custom="readingOrder {index:9;}">
                <Coords points="963,1506 1315,1459 2558,1523 2555,1384 2345,1389 2278,1347 2050,1416 1875,1355 1813,1414 1669,1364 1493,1407 961,1357"/>
                <Baseline points="976,1457 1055,1456 1134,1456 1213,1457 1293,1457 1372,1460 1451,1457 1531,1460 1610,1460 1689,1463 1769,1463 1848,1463 1927,1463 2006,1463 2086,1465 2165,1466 2244,1468 2324,1466 2403,1469 2482,1469 2562,1472"/>
                <TextEquiv>
                    <Unicode>ich find schon allein nachnaue. (sie legt</Unicode>
                </TextEquiv>
            </TextLine>
            <TextLine id="tr_1_tl_11" custom="readingOrder {index:10;}">
                <Coords points="966,1632 1701,1624 2001,1664 2144,1634 2555,1696 2699,1667 2697,1508 2323,1538 2147,1498 2031,1533 1939,1486 1637,1533 966,1503"/>
                <Baseline points="979,1585 1065,1579 1151,1582 1237,1585 1323,1585 1409,1582 1495,1585 1582,1588 1668,1592 1754,1594 1840,1589 1926,1591 2012,1591 2098,1591 2185,1594 2271,1594 2357,1597 2443,1596 2529,1597 2615,1596 2702,1609"/>
                <TextEquiv>
                    <Unicode>den Frieirmentel ab, benützt den Lippenstistl</Unicode>
                </TextEquiv>
            </TextLine>
            <TextLine id="tr_1_tl_12" custom="readingOrder {index:11;}">
                <Coords points="983,1743 1156,1771 1317,1726 1478,1763 1644,1723 1736,1746 1736,1637 1359,1659 1330,1629 1236,1649 983,1624"/>
                <Baseline points="997,1717 1034,1717 1071,1715 1108,1714 1145,1714 1183,1714 1220,1714 1257,1714 1294,1714 1331,1715 1369,1716 1406,1714 1443,1714 1480,1714 1517,1716 1555,1717 1592,1717 1629,1717 1666,1720 1703,1722 1741,1726"/>
                <TextEquiv>
                    <Unicode>111: Ud so schön.</Unicode>
                </TextEquiv>
            </TextLine>
            <TextLine id="tr_1_tl_13" custom="readingOrder {index:12;}">
                <Coords points="963,1879 1038,1872 1107,1892 1149,1872 1241,1872 1260,1889 1407,1875 1409,1766 1350,1783 1270,1766 1251,1746 1122,1775 966,1748"/>
                <Baseline points="976,1848 1001,1846 1027,1845 1052,1843 1078,1842 1104,1842 1129,1842 1155,1842 1181,1842 1206,1842 1232,1842 1258,1841 1283,1839 1309,1840 1335,1842 1360,1844 1386,1846 1412,1848"/>
                <TextEquiv>
                    <Unicode>Ike klopftl</Unicode>
                </TextEquiv>
            </TextLine>
            <TextLine id="tr_1_tl_14" custom="readingOrder {index:13;}">
                <Coords points="953,2008 1330,2038 1587,1981 2506,1996 2503,1909 2258,1865 1976,1929 1694,1872 1622,1931 1429,1882 1265,1914 951,1884"/>
                <Baseline points="967,1971 1044,1973 1121,1974 1198,1974 1275,1971 1353,1974 1430,1974 1507,1977 1584,1979 1661,1980 1739,1980 1816,1977 1893,1979 1970,1980 2047,1980 2125,1983 2202,1983 2279,1983 2356,1983 2433,1984 2511,1980"/>
                <TextEquiv>
                    <Unicode>Fr.Wentzler: Wer ist denn schon wieder?</Unicode>
                </TextEquiv>
            </TextLine>
            <TextLine id="tr_1_tl_15" custom="readingOrder {index:14;}">
                <Coords points="956,2130 1711,2167 1823,2122 2135,2117 2286,2177 2399,2132 2449,2164 2749,2139 2776,2043 953,2033"/>
                <Baseline points="970,2102 1060,2105 1151,2105 1241,2105 1332,2105 1423,2105 1513,2108 1604,2108 1695,2110 1785,2108 1876,2111 1967,2111 2057,2112 2148,2114 2239,2114 2329,2114 2420,2117 2511,2120 2601,2120 2692,2120 2783,2123"/>
                <TextEquiv>
                    <Unicode>Gregor: (tritt ein) Ich bitte sehr um Untechul-</Unicode>
                </TextEquiv>
            </TextLine>
            <TextLine id="tr_1_tl_16" custom="readingOrder {index:15;}">
                <Coords points="958,2263 1179,2293 1478,2241 1540,2278 2187,2298 2241,2261 2390,2291 2442,2253 2771,2258 2768,2204 2650,2172 2531,2201 2385,2157 2320,2196 2231,2157 2095,2194 1996,2152 1632,2199 1528,2157 1459,2182 1260,2132 1102,2174 956,2130"/>
                <Baseline points="970,2233 1060,2236 1150,2236 1241,2242 1331,2239 1421,2236 1512,2236 1602,2245 1692,2239 1783,2239 1873,2239 1963,2242 2054,2243 2144,2245 2234,2248 2325,2248 2415,2249 2505,2251 2596,2253 2686,2253 2777,2254"/>
                <TextEquiv>
                    <Unicode>digung, Fräulein - ich wolite noch verdem Auf-</Unicode>
                </TextEquiv>
            </TextLine>
            <TextLine id="tr_1_tl_17" custom="readingOrder {index:16;}">
                <Coords points="956,2392 1095,2434 1377,2375 1629,2437 1766,2385 2164,2402 2130,2313 1411,2310 1293,2273 1238,2305 1117,2266 956,2298"/>
                <Baseline points="970,2374 1029,2367 1089,2365 1149,2365 1209,2366 1269,2368 1329,2371 1389,2371 1449,2371 1509,2371 1569,2374 1628,2374 1688,2374 1748,2374 1808,2376 1868,2374 1928,2377 1988,2377 2048,2380 2108,2379 2168,2380"/>
                <TextEquiv>
                    <Unicode>treten wegen der letzten Izene</Unicode>
                </TextEquiv>
            </TextLine>
            <TextLine id="tr_1_tl_18" custom="readingOrder {index:17;}">
                <Coords points="2102,2570 2149,2555 2169,2568 2253,2518 2310,2541 2367,2506 2422,2503 2429,2392 2352,2392 2333,2375 2300,2404 2261,2407 2239,2385 2112,2402"/>
                <Baseline points="2120,2484 2145,2482 2171,2480 2197,2476 2223,2474 2249,2472 2275,2469 2301,2466 2327,2466 2353,2466 2379,2466 2405,2467 2431,2469"/>
                <TextEquiv>
                    <Unicode>(Met.)</Unicode>
                </TextEquiv>
            </TextLine>
            <TextLine id="tr_1_tl_19" custom="readingOrder {index:18;}">
                <Coords points="958,2528 2073,2565 2070,2434 2006,2424 956,2439"/>
                <Baseline points="973,2496 1028,2493 1083,2493 1138,2495 1194,2496 1249,2496 1304,2499 1359,2499 1415,2499 1470,2499 1525,2500 1580,2502 1636,2502 1691,2505 1746,2506 1801,2508 1857,2508 1912,2508 1967,2509 2022,2510 2078,2508"/>
                <TextEquiv>
                    <Unicode>(Garderobière und Mili ab 1</Unicode>
                </TextEquiv>
            </TextLine>
            <TextLine id="tr_1_tl_20" custom="readingOrder {index:19;}">
                <Coords points="948,2677 1664,2692 1897,2635 2075,2694 2268,2647 2697,2684 2719,2588 946,2533"/>
                <Baseline points="961,2625 1049,2625 1137,2625 1225,2628 1314,2631 1402,2631 1490,2633 1578,2635 1667,2634 1755,2634 1843,2634 1931,2637 2020,2637 2108,2639 2196,2637 2284,2640 2373,2643 2461,2643 2549,2646 2637,2646 2726,2655"/>
                <TextEquiv>
                    <Unicode>Franzi: (zu Gregor) Wae fälit Ihnen denn ein?</Unicode>
                </TextEquiv>
            </TextLine>
            <TextLine id="tr_1_tl_21" custom="readingOrder {index:20;}">
                <Coords points="938,2759 1461,2803 1600,2768 1780,2845 2078,2783 2650,2845 2843,2778 2818,2674 2635,2697 2489,2659 2246,2729 2018,2711 1914,2652 1575,2707 938,2672"/>
                <Baseline points="952,2753 1046,2753 1141,2757 1236,2759 1330,2762 1425,2760 1520,2758 1614,2762 1709,2765 1804,2765 1899,2768 1993,2768 2088,2769 2183,2775 2277,2774 2372,2774 2467,2777 2561,2774 2656,2771 2751,2750 2846,2756"/>
                <TextEquiv>
                    <Unicode>cregor: Vepreihen die Verreth - ich mureher Ein</Unicode>
                </TextEquiv>
            </TextLine>
            <TextLine id="tr_1_tl_22" custom="readingOrder {index:21;}">
                <Coords points="646,2863 847,2835 904,2865 946,2828 1005,2823 1246,2828 1273,2850 1342,2830 1342,2783 1278,2761 981,2766 894,2724 691,2788 646,2776"/>
                <Baseline points="660,2831 694,2825 728,2825 763,2828 797,2828 832,2827 866,2824 901,2822 935,2824 970,2823 1004,2822 1038,2822 1073,2824 1107,2825 1142,2827 1176,2831 1211,2828 1245,2826 1280,2824 1314,2822 1349,2822"/>
                <TextEquiv>
                    <Unicode>eine Blana buemer pet</Unicode>
                </TextEquiv>
            </TextLine>
            <TextLine id="tr_1_tl_23" custom="readingOrder {index:22;}">
                <Coords points="941,2912 1298,2922 1374,2887 1434,2927 1619,2900 1676,2947 1785,2905 2444,2952 2617,2917 2744,2974 2932,2947 2932,2875 2726,2806 2437,2855 2226,2803 1974,2840 1456,2798 1275,2850 941,2835"/>
                <Baseline points="955,2879 1054,2882 1153,2885 1252,2885 1351,2885 1450,2885 1549,2888 1648,2888 1747,2888 1846,2891 1945,2891 2044,2893 2143,2896 2242,2898 2341,2896 2440,2896 2539,2902 2638,2902 2737,2905 2836,2920 2935,2947"/>
                <TextEquiv>
                    <Unicode>wteren, noch bevor der Akt anfängt - - ih auf min</Unicode>
                </TextEquiv>
            </TextLine>
            <TextLine id="tr_1_tl_24" custom="readingOrder {index:23;}">
                <Coords points="976,3056 1397,3009 1879,3019 2117,3071 2130,2944 1892,2952 1827,2905 1681,2947 1473,2944 1392,2897 973,2910"/>
                <Baseline points="988,3007 1045,3006 1103,3004 1160,3007 1218,3007 1275,3008 1333,3008 1390,3007 1448,3008 1505,3010 1563,3010 1620,3010 1678,3015 1735,3015 1793,3016 1850,3018 1908,3016 1965,3016 2023,3016 2080,3020 2138,3019"/>
                <TextEquiv>
                    <Unicode>renzl: Wae müesen Sie wiesen?</Unicode>
                </TextEquiv>
            </TextLine>
            <TextLine id="tr_1_tl_25" custom="readingOrder {index:24;}">
                <Coords points="943,3227 1392,3184 1686,3212 1847,3165 2040,3214 2412,3182 2672,3241 2754,3219 2754,3076 2702,3103 2409,3043 2278,3103 941,3063"/>
                <Baseline points="958,3135 1048,3138 1138,3138 1228,3138 1318,3138 1408,3138 1498,3144 1588,3141 1678,3147 1768,3150 1858,3147 1948,3144 2038,3147 2128,3147 2218,3150 2308,3156 2398,3153 2488,3159 2578,3159 2668,3159 2759,3162"/>
                <TextEquiv>
                    <Unicode>Gregor: lncher zu ihrl Verztehst da mich nicht?</Unicode>
                </TextEquiv>
            </TextLine>
            <TextEquiv>
                <Unicode></Unicode>
            </TextEquiv>
        </TextRegion>
    </Page>
</PcGts>
