3208 3496
2642 519 2781 664 314
1058 491 2777 790 dern als an zu soersohen eaubet. Intunt den
1046 756 2746 920 Brief aus der Tasche) Ver einer Stunde habe
1295 870 1437 925 uir
1046 861 2670 998 ich ihn geschrieben. Er iet nicht mehr in
1048 1013 1797 1169 Ihre Hande gelangt.
1041 1133 1797 1299 Kathilde: (nehrt ahl
1046 1264 2646 1387 Richard: Da sollet ihn lesen.) Li itu un
1036 1401 2689 1556 Mathilde: Er ief nicht an mich gerichtet.
1022 1503 2696 1679 Richard: 4 solift ihn höyen. (liest) "Ich
1034 1622 2770 1802 liebe dich. Verzeih mir -(ich liebe nur dich
1022 1759 2850 1911 allein." Vor einer Stunde habe ich diesen Brief
1020 1878 2499 2049 an eie geschriäben. — M ihrhe- mise,
1015 2025 2919 2182 Uethilde: Ntr faren rtoht vertott, du waret frel.
1005 2158 2872 2340 Richard, Piellesicht hättg eie'e auch getan, wenn
1005 2291 2879 2478 die diesen krief gelesenshätte. Vielleicht hat
1008 2421 2900 2568 sie ee wirklich gar nicht um mich getan. Schuld?
1010 2521 2755 2758 toh weiee nicht. die Schuld empfinde ich nur
1470 2630 1767 2708 uus jeltt
1005 2691 2267 2829 eines i-dase ich bin, wie sich bin-
1003 2808 1940 2962 Kathilder Ich, verzteh se
1971 2827 2910 2945 gut. Aber wenn ich mich
986 2910 2753 3142 trege, ob ich dich dnderg nodlte, eie du biet.
