3240 3576
1116 541 2671 754 Karl. Bern: (tritt herzu) Was gibte denn?
1619 670 1770 754 tra
1116 692 2554 887 bregulein: Nehnen Sie eich zusammen!
1107 818 2862 1037 Franzli Für men dennk Für merdennt fetet je
1095 933 2170 1138 überhaupt allee nicht wahr.
1102 1097 2924 1348 (Theaterarbeiter ofinet die Füre, Franzt erhebt
1071 1209 1722 1338 sich noch nicht)
1080 1333 2826 1555 Insplaient: (bei ihrlt Gotreswillen, Fraulein
1059 1472 2068 1650 Friesel,gehen die heraus!
1047 1598 2724 1808 kranzl: Ich hab nichte zd tun da drauesen.
1042 1727 2099 1887 Karl Bern: Frauletn Frieeel
1486 1829 2509 1987 ciier ein Sherdel ite pbit
1026 1867 2738 2058 Dregulein. Sie sind jetzt nicht die Fränzi
1026 2011 2173 2175 kriesel - die Fanni sind Sie.
1006 2115 2922 2378 Franzl:terhebt eich plötzlich, tritt auf die Rüh-
990 2247 2077 2445 ne, die Züre schlieset eicht
985 2395 2709 2623 Korl Verni(zu Dreguletn) Mae war denn dasf
985 2502 2161 2683 tregulein:tauckt die Achseln)
971 2647 2891 2888 Sohnilkomt ale Morttaty fast ohne Macke zu Leb-
964 2750 2757 3003 letnl na bin ich noch Ihrem Gusto, Herr Regis-
949 2888 1197 3024 seutz.
935 2993 2783 3296 Loblerat (au kohnl Wie ein Kanzleldiener eehen
