3160 3576
2762 517 2954 652 28.2
1039 612 2903 795 Beren: Und jetzt noch dieser unnetirterte Selbe
1025 714 1261 870 mora.
1027 849 2704 1036 Karl Berni Riesof Mer bringt sich denn anf
1025 985 2885 1224 daron: Sie fragen nicht Ihre sogenannte Heldin,
1013 1120 1864 1282 wie ich bemerkt habe.
1009 1257 2750 1463 karl Bern: 8ie fällt ja nur in Ohnmacht, Herr
1013 1389 1261 1519 Baren.
997 1503 2734 1714 daron: Das solleine Ohnnacht sein. Wie rohl
988 1642 1948 1811 das Publikum das wiesen?
983 1781 2609 1992 Iueplatent: Ratz, Platz, bitte Nerr Deron!
928 1901 1936 2073 -Pareni Was ist denn loef
974 2036 2634 2224 lxepizient: Ailgemetner, Apgang zum Bufret.
967 2147 2776 2354 (Rücknärtige Füre bfrnet eich, so dase die Büh-
953 2282 2731 2493 ne jetst wieder eine Weile eichtbar,ebensodie
944 2414 1927 2553 Deretellering der Stücke.
937 2558 2720 2734 (Fennye Kutter, ihre Schweeter,ewel junge Hnd-
930 2690 2581 2861 ohen, enei Herren In Frack,eritzky (Johnl.
925 2808 2769 3031 tund loritzl Bauerl treten durch die Frespekt-
914 2945 2551 3156 türe nach dem Vordergrund, die rich wieder
893 3070 2741 3325 sontzoert. Sie gohen an baron vorbel, verzlehen
