3208 3448
2657 445 2812 571 308
1081 524 2176 683 ne def Dahingeschledenen...
1110 683 2126 847 Zudwigsungeduldigl Nun...
1101 778 2818 984 Preguleth: oder stelleicht ist se sgnrade in
1099 933 1533 1086 Ihrem Sinn.
1092 1041 2863 1225 Lndwig: Sie werden wohl die Güte haben... Wae
1074 1202 1688 1331 hat eie gesagt?
1077 1301 2742 1479 Dregulein: Sie sagte - diese Humen, diese
1086 1443 2830 1609 dunkelroten Kdeen - ee waren sonet keine da-
1068 1564 2845 1728 die sind - von dem grossen Schuft - ich bitte
1065 1692 2742 1870 um Entschuldigung -wahrecheinlich gibt es
1056 1829 2841 2005 auch noch einen Kleineren,se ist ja kein Wun-
1054 1955 2861 2142 der - ee wimmelt Ja von Schuften auf der Welt.
1065 2088 2403 2250 Ludwig: Was fallt Ihnen ein,Herr-
1065 2212 2675 2382 sregulein: Dregilein) ist wein Nane, ereter
1054 2333 1504 2497 Freuergest.
1038 2457 2715 2684 lndnigi Sie echeinen din Narr zu sein,mein
1032 2607 1263 2719 Herrt
1038 2686 2744 2940 Dregnleini Wöelich, dach von der Dorte gibt
1041 2859 2140 3023 ex viele, Ioh habe die Ehre.
1047 2991 2749 3239 lvaron und Löbietn aur ven Thester, die Prat
