3256 3608
2703 459 2881 588 272
963 588 2893 765 Pregulein: Nur ein ganz klein bieserl lauter an
960 723 2321 862 Sohtuss - und es wird ein Triumph.
955 852 2911 1027 Franzii Hein, ist das alles komisch... Aber viel-
970 980 2651 1160 leicht iet das Ganze überhaupt nicht wahrt
968 1138 2767 1313 Dreguleint (ötwar ängetlich) Sie treten gleich
1279 1247 1424 1326 gen
968 1286 1632 1415 auf, ku Franei..
2313 1286 2760 1417 alles nir
970 1355 2955 1558 Franal: Ee wür ja möglich, dass das bante ein Fraum
963 1536 1141 1652 ist.
988 1644 2743 1822 Exeptaient:(macht Franzl wieder ein Zeichen1
970 1787 2918 1943 Franzi1(jetzt in anderer Haltung, tritt durch die
968 1923 2224 2091 Tur dee Proepekte auf die Seenel
968 2052 2846 2224 Gregeristrikt an Dregalein) Wae sagst du zu dem
946 2180 1220 2313 Madei7
955 2274 2903 2466 Dreguleini Ihr habt ee mir nicht glauben wollen.
980 2427 2893 2590 Gregeri Ich hab'e imner gemart oder aufgeepürt,
955 2582 2266 2718 dass sie ein grogses Palent ist.
968 2693 2906 2871 Freguleini Ah to. smit einer ganz bestimmten Ver-
953 2824 2323 3000 natungl Riso,man kann gratafierend
1476 2923 1805 3007 relulu
953 2916 2323 3120 gregeri Ich bernech dich alchilen
963 3071 2928 3246 Dreguleini solltert du in diesem Falie sogar dieke
