3224 3672
2610 657 2755 776 243
1044 725 2539 894 Mathilde tritt eln. Aelene. Karl der
1039 935 1534 1029 Begrüesung.
1034 1020 2363 1191 Helens: Sehr nett, dase du kommet.
1039 1150 2800 1305 Mathilderlzu Bern) Eben habe ich unsere Loge
1037 1307 2895 1481 an der Karse geholt. Gut, dase ich sie mir schof
1039 1426 2827 1614 vor acht tagen habe reservieren lassen. Total
1037 1549 2704 1713 ausverkauft. ie sind entsetzdich berühmt.
1029 1684 2820 1877 Karl Herni rben noch zu ertragen. Auf Wieder-
1032 1870 1288 1972 sehen.
1022 1945 2585 2117 Mathilde: Ich vertrelbe Sie doch nichtt
1024 2090 2815 2250 Karl Dern: Ich stand schon an der Für, wie Sie
1020 2199 2571 2467 sohon. lgibt belden die Mand und geht.!
1012 2421 1665 2610 Reiene, Mathilas.
1008 2559 2892 2752 Kathilde, Ee wäre konisch, wenn du auch noch vor
1010 2699 1909 2851 mir heiraten solitest.
998 2817 2798 3013 Nedenei dent Rge dir nicht einftllt. Der uuse
1008 2943 2755 3129 noch mencherlet durchmachen, ehe er heiratet.
1010 3078 2721 3260 Ich wehreoheinlich auch. Vörlänfig sind wir
1005 3218 2945 3450 nooh nicht reif für einander - in ein peer Jahrer
