2984 3720
2527 602 2701 725 232
807 699 2618 915 Helene: Laherwarte ihn. Ich habe die Freicht
814 896 2538 1061 eine Sellung bei ihm anzunehmen, kann diese
828 1012 2150 1157 mlsrige Existene nicht vertragen.
840 1122 2583 1313 Vater: Da etudieret Sprachen, Kunetgeschich-
828 1275 1296 1414 te.Klavier.
830 1364 2564 1593 Helenei ich will einen Feruf haben. beld, ver-
823 1539 1143 1680 dienen.
842 1640 2216 1826 Vater: Da hast dae nicht notwendig.
830 1788 1642 1920 Helener Unso beseer.
840 1873 2731 2070 Vater: Ee gibt andere Stellungen. Meine Privatf
830 2037 2701 2216 sekretarin. Ich würde dir einen höheren Gehalt
830 2171 1115 2317 rehlen.
821 2296 2030 2470 Helene: Unlanterer Nettbewerb.
842 2432 2734 2611 Vater: Das deine Mutter zu all den gesagt hätte.
830 2592 1710 2691 6. Helene, Vater. Bern.
835 2722 2040 2861 Derni Sie haben gehört, Sidon-t
821 2825 2336 3021 Helenei Steht ge sohen in der Egitungt
1423 2931 1764 3011 dn Peteto
837 2981 2101 3141 Berni Ioh bringe Ihnen die Loge-
840 3108 1983 3251 Veter: Nee sind wir schaldigt
828 3204 2651 3392 Berni Antorenloge. R bieibt ihner ein interer
