3176 3560
2666 471 2819 587 285
1051 457 2499 710 Brief von den, der sie verlaseen hatl.
1056 587 2243 826 Karl Bern: Und auf meinen Rat.
1046 754 2851 1002 Tregulein: kan sollte ihr den Brief überhaupt
1021 891 2262 1076 nicht geben, auch nechker nicht.
1016 1042 2800 1281 Karl Dern: Ner weisel Vielleicht ist der Ihre
1002 1162 1341 1278 Rettung.
991 1299 2199 1466 bregulein: oder ihr Untergang.
984 1434 2851 1673 Karl Dern: Ratte man denn das Recht ihne zu un-
967 1564 1473 1728 terschiegent
970 1698 2770 1926 regulein: Ich würde es ruhig auf nich nehmen.
944 1833 2120 1986 Karl Bern, Schloksal spielent
965 1949 2552 2176 regulern: Wure sa ein slender Kerl sein.
923 2088 2459 2299 terl Dern: Sie kennen ihn sa nicht.)
1580 2220 1837 2292 it de
1898 2239 2111 2315 Eaben
2271 2271 2441 2348 mle
930 2195 2705 2431 reguleini Ich weier. elle. Hit retner Frurt
896 2341 2612 2575 eer de zun Beieptel, dass er mit seiner
886 2480 2714 2717 braut de ist.. fatte er ihr der nicht ereperen
870 2589 1179 2754 konnent
861 2735 2610 2977 Karl Bern. Wir sind schnache Verschen eile.
858 2858 1812 3058 ldetzt hort men Applausl
840 2944 2631 3222 Nas det denn dasf Ee kann doch noch nicht aus
