3192 3432
2551 339 2705 437 306
958 463 2140 589 Heiene: Ke war keing Ohnmacht.
971 561 2236 697 Fricke: Dieges Fraulgin Frieeell
971 702 2451 873 Heiene (Sise hat sich fngebracht. Se.
971 852 2516 993 Fricke: Wag hat - Riefard demit zu tunz
965 954 2188 1156 Helene: die vor seine Bellebte.
969 1104 1701 1249 Fricke: Wo het er?
1903 1206 2587 1369 dern ist bei Ihm.
975 1206 1853 1353 Helene: Im Fheater.Kar:
1901 1356 2192 1484 Sache.
982 1336 1871 1484 Fricke: Am,sso steht die
982 1464 2503 1608 Fr. Velthelan Mathtlde) Meinarmee Kind.
962 1588 2618 1768 Helene: Ee Iet das Doefe, Vater, du bringet
982 1716 2099 1892 jetzt Frau Vefth nachhauee-
978 1851 1718 2051 Pr. Velthilbenefang
971 1988 2703 2166 Helenei o bitte überlaesen die Mathilde ganz
969 2107 2611 2264 ruhig mir. (zu ihrem Vatdr) Mach dir keine
991 2262 2707 2420 orgen, Vatersich spreche sitch heute beetimmt
967 2359 2709 2577 noch.) aber jetzt ipt ee ganies das Deste ihr
975 2542 1195 2646 geht.
967 2622 2042 2759 Friokealbewegt und uneicher
969 2748 2370 2907 Mathilde:(nach wie vor unteregt) in
960 2889 2494 3089 Tr.telthitwill ait ihrer Tochter reden!
