3208 3592
953 636 1975 758 Vorhang beginnt zu sinkenl
950 749 2825 936 karl kern. Wae fällt ihr denn ein, das er schen
936 905 1949 1025 den Verheng fallen läest?
929 1034 1510 1188 Aegernteher
946 1169 2825 1339 Fregulein: Vielleicht ganz gut. Die letzten Nor-
926 1296 2076 1426 te hätte doch niemend gehört.
926 1416 2858 1632 Aapplane verrtürkt sich, der Vorheng hebt eich, nar
929 1548 2698 1728 verleufig nur gehort, aber nicht gesehen wird).
917 1682 2738 1843 loreger und Andere auf die Rühne, die Uitteltur
910 1817 2808 1975 im Prespekt bleibt often stehen. Jetzt sieht man
902 1961 2794 2124 auch, wie der Vorhang sich draussen wieder hebt).
910 2074 2786 2256 28. Sohanspieler treten vor den Verhang, so dess
890 2203 2590 2374 ein Feil des Zuschauerraume richtbar wird).
890 2354 2777 2498 Frenzii(liegt zwischen den Klavier und der Fure.
1462 2443 1956 2532 verbeugenten
874 2467 2702 2688 durch die eie nertregenduenkoharnelten Schen-
864 2606 2760 2782 spleler verdeckt, also für das Publikum der Reet-
854 2712 2746 2952 denzthentere kaum eichtber. Vorheng senkt sich.
854 2863 2294 3029 Appriaes flaut ab, setzt wieder einl.
1030 2938 1157 3017 te
1198 2945 1495 3034 erin der
854 2998 2782 3214 Sohnectorilen frenzl) So stehen Sie doch auf.
833 3098 1198 3278 Friegel.
