3208 3704
2446 595 2603 791 240
981 760 2674 917 weise ich auch, dass er niemalr eine Ändere
981 907 2193 1079 geliebt hat als dich, Mathilde.
976 1045 2784 1205 Mathilde, Hab ich mir auch manchwal eingebil-
993 1212 2748 1355 det, aber er stimnt nicht. Diese Liebe zu mir
988 1317 2784 1491 war immer nur ein Anfatmen zwiechen der Einen
976 1464 1595 1622 und der Andern.
983 1610 2772 1767 Helene: Wenn du ein wenig klug edif wollteet,
983 1719 1510 1895 au Kindekopf.
986 1815 2786 2022 Mathilde: Hae du klug nennet, -ich glaube, das
976 1995 2015 2115 wäre nicht sehr anständig.
976 2138 2705 2267 Helene: Und war du anständig nennet, das ist
972 2265 1979 2393 vielleicht etwas zu klug.
955 2396 2693 2522 Mathilde: ub auch eine Mutter so spräche -2
950 2510 2862 2693 Helene: Seine bin ich, nicht deine. Mathilde. Und
964 2653 2205 2838 dam seine und deine Schwecter.
962 2796 2838 2946 Mathilde, Vae sind mir zu verwickelte Verwandt-
964 2912 2827 3103 sohofteverhältnteee, dann reicht mein Kindekopf
972 3029 1381 3224 nielt aus.
