3192 3512
1153 537 1957 739 von wird wahneinnig.
1137 635 2814 880 Dreguleini Des Publikum war schon unruhigt
1135 797 2791 1024 Dr. Braun: De ist errtannlich, -man hattkaun
1121 924 2942 1181 was bewerkt. Der John hat sich gleich ans Kle-
1119 1065 1633 1186 vier gesetzt.
1559 1119 1929 1255 Aentritt
1084 1153 2951 1390 Breguletn: Der hat die Geleteegegenmart gehabt?
1733 1316 2451 1434 bitt ich hie nicht zugeben
1093 1339 2956 1568 Dr. Braun:Er hat wahrecheinlich nur Angst gehabt,
1082 1466 2914 1709 dosr dde Rorede sich freubn konnte. (im Sehenl-
1063 1573 2893 1846 Amgudatur Kennen Ste ntoht echnetne Herren?
1079 1684 2372 1867 Nen pesuit s. alle Orte
1077 1823 2856 2073 Tregriernilza deral Seltzemmer ex jedesfelie.
1045 1992 2203 2163 Kart Frur Nicht gay so gehr.
1040 2103 2793 2383 drepnletei die kensen die Grunde deser de¬
1015 2187 1760 2383 mesteerngetsrangt
996 2353 2821 2643 lert deme Pie verferet deralemsht in diesen
998 2451 1455 2613 dret Regen.
984 2585 2742 2905 dregietan drc auf der etaporta etaietete
957 2698 2152 2976 dech voch recht epensen settet
961 2842 2351 3118 Progaloin: Sie meckt vterleicht-
889 2993 2425 3356 tert dorni ster bilto 1o etr wicht ein.
