3208 3448
2443 347 2596 541 308
1014 447 2414 632 Zndnigi (zu Helene) Aiso Richard ...
1034 591 1957 761 Helgne: Wae meinen 4ie2
1029 744 2261 912 Zudnig, Richard und Franel ..7
1017 871 2407 1038 Helene: Sie haben ex nicht genuest?
1024 1007 2440 1158 Ludwig: Mein. Sondenbarerweise nein.
1019 1117 2560 1285 Helene: Und warut fürteten Sie vielleri.
1002 1251 2785 1443 Ludnigi Dae Schicksaf hat ihm eine merkwürdig
1017 1392 1758 1529 ge Rolle zugeteilt.
1010 1517 2711 1677 Helene: So misen Sie sich jetzt wenigetene
1010 1627 1871 1797 keine Vorwürfe machen.
1010 1744 2230 1916 Indwigi Sie konnten sich irren.
1019 1885 2723 2031 (von rechte Fraefdent Fricke und Frau Veithl
1007 2029 2849 2196 Fricke, We bleibt Ihr dennt Was macht Ihr hiert
995 2156 2077 2294 Marum laest Ihr und wartent
967 2261 2780 2469 Fr. Velthilen Methildel nar heet du mein Kinde
988 2416 1909 2565 Fricke: Wo ist Richarh?
993 2536 2921 2713 Helene:(zu Fricke) Jasteiest du denn noch nichte?
979 2663 2414 2833 Fricke: Was soll man fenn wierent—
990 2787 2249 2943 Relene: Sie hat eich gegpbracht.
990 2909 1486 3127 Friokei Nerf
