3208 3544
657 195 989 345 4.10,30
2615 434 2767 634 280
1014 505 2868 763 Ineptalent,(in groezter Eilel frauletn Friesel,
923 649 2899 905 mas ist dennt Haben Sie denn dae Zeschen nicht ge-
916 814 2699 1047 nortz Sie sollten schon auf der Fihne stehen.
908 933 2136 1124 Fr. Rentzler: Freuleid Priegel!
898 1070 2797 1283 Freguleine tergreift sie beim Ern) Geschwind, ge-
883 1205 1230 1344 schwindl
870 1321 1793 1514 Freuzli Ich will nicht.
1651 1436 2326 1578 miht rosrtunstert.
875 1456 2851 1689 LaspizientisEe wird sa der Vorhang fallen müegent
855 1605 2014 1753 Dreguletn: Bedenken Sie docht
847 1725 2858 1999 Ixepiaient: So wes ist sa noch sakt nie dagenesen.
834 1849 2785 2092 Loblsin:(in höehster Erregungl Um Dimmelemillen-
827 1986 2871 2262 was ist denn geschehent sind die Krenkt (zu den An-
807 2077 1618 2275 derul Iet sie krenkt
799 2237 2737 2508 Iapizlent: Wir müszen den Vorhang fallen lassen.
807 2364 1595 2539 (unten Hlarterépiell
784 2496 1816 2678 Löblein: Ner ist denn dech
1299 2622 1643 2714 solt indan
768 2640 2275 2851 Iixpteient: Die wollen den Axt retten.
753 2749 2653 3011 Lobieinilen Franzl) Ee iet noch belt. Velleicht
746 2891 2227 3094 heben se die Leute noch nicht benerkt.
741 2990 2770 3305 Deegaletn: Franzt, Ihre Oerriöro stcht auf den Spiel.
