3192 3464
960 506 1263 633 stahtes
949 623 1762 785 Mathilde: Richard -
1016 727 2646 924 ichard: (Nicht, was du glaubet, sinee nur, und
963 893 2607 1034 das Unmöglichste von fallem - ee wieder gut
960 1044 1254 1150 machen.
954 1124 2620 1304 Mathilde: Und wenn du seie wieder zum Leben
958 1279 2722 1418 erwecken könntest - glaubet du, du hattest da-
951 1397 2807 1575 mit irgend etwas gut gemacht? Ich glaube nicht.
951 1512 2694 1683 Was man an jemandem gesündigt, der nicht mehr
954 1658 2810 1817 da ist, an einem, an dfesen Tod man selber Schuld
951 1817 2694 1976 wäre,- gut machen kahn man es doch immer nur
958 1914 2149 2036 an einem Lebendigen da lebt.
951 2057 1769 2189 Highard: Dje Wahrheit
1803 2022 2616 2182 ist mir zu wohlfeil.
1812 2145 2043 2226 aelle
933 2196 2182 2353 Mathilde: (Und bleibt doch wehr.
963 2302 2706 2454 Eighard/ Gut machen - in Leiden, in Reue, sich
951 2443 2646 2583 selber (dafür hingeben(aber ohne Lohn. Ja,so
1337 2537 2154 2660 rerm e pl Neu.
944 2579 2789 2750 sehe Ich einen Sinn. Aber, am Ende gar noch sel-
951 2690 1840 2858 ber (glücklich werden..)
944 2824 2770 3013 Maphilde: Ja, das müestpet du denn schon hinneh-
937 2976 1203 3131 Hen.--
