3240 3592
2752 420 2902 577 279
1148 524 2940 709 Franzi: (in immer stärkerer Erregung) Und er-
1205 600 1383 690 12
1680 626 2667 771 vbe der de du meie
1141 693 2671 837 er eitst oben in der Loge.Mxtnuxx.
2698 695 3065 826 decitet
1136 788 2299 980 Treguleini Er iet it Thestert
1117 909 2833 1129 Franzii Mit seiner Braut. Jetzt hab ich ihn
1117 1072 2980 1272 entdeckt - er eitzt nitseeiner Braut in der Lo-
1938 1167 2218 1262 Remeste
1106 1189 2935 1402 ge und ich spiel ihm Theater vor. Und die Blu-
1286 1288 2180 1383 ein eine denande
1087 1307 2489 1528 venf - da,ner will er denn Fon mirz
1091 1447 2721 1699 dregulein: Regen Sie sich doch nicht aufz
1070 1582 2197 1746 Franzt: Nas wollen sie aller
1070 1708 2944 1922 Ineptzient:(konnt zu Franzilp gleich konnen sie
1056 1829 2164 2028 dren, Prauletn. (wieder fortl
1051 1938 2569 2173 Ergnat: Neln. Ich komn nicht mehr dran.
1058 2076 2463 2313 ereguletn: Fraulein Friesel,-Pranet!
1032 2218 2906 2432 Franzl: Ich komn nicht mehr dran,-das Stuck ict
1018 2358 2852 2617 aur. leie rinkt auf den Serzel neben der Püre.
1013 2470 2021 2669 richt sterr vor eich hinl
996 2596 2638 2807 breguleini komnen die doch zur Beeinnung.
985 2721 1891 2921 kranzi: Ioh hab genug.
994 2852 2902 3087 dreguleini Nae fallt Iynen denn ein, Praulein Frl.
970 2987 1160 3160 sele
