3192 3576
1382 470 2170 669 Iisentemen su copern
2727 544 2875 669 278
1035 548 2792 809 doch zu dumm.) Da kannet doch seist hebennen
1892 712 2322 814 und wir
1030 660 2860 971 da millet)- und alte eiad mir Schurtg. Ee hat
1021 831 2813 1097 nur nicht jeder die Gelegenheit. ssieht jetzt
1004 959 2063 1154 erst die Roeen) Handerbarl
995 1101 2668 1332 Frauzl: (wederholt) munderberkeeht nehrz-
1946 1265 2670 1377 e wieninterie
983 1201 2832 1488 regatetn: von 1ht elder vrtothetetet Ma-
971 1348 2884 1638 dagogon. Er hett eich'e früher überlegen eollen.
961 1495 2281 1719 eutz zuerst gnälen und damn-
940 1607 2796 1887 Fann:Die irren sich, Eregaletn. die Rosen sind
938 1759 2825 2034 nicht von 1t. Rein. Die eind von einen anderen
919 1868 2122 2065 Schaften, von einem gebeeeren..
909 1984 2269 2253 AergrtMMetztxtxxA
914 2110 2265 2345 Imingelzeichen von der Dihne her)
888 2265 1852 2452 Dregulein: Thr. Kaftriti.
890 2381 2649 2694 1o Ture oemet eich und Zerl dem stcht de)
859 2530 2754 2841 tert dora: lza Pranzll Ich habe die anten geracht
857 2656 2635 2920 Traudeta erlocel. Ich wollte lnen ver destee
833 2770 2623 3072 a, des 10  o
1213 2889 1420 2984 elion
819 2872 2725 3226 beragt -bie heben einen gene etwaltigen trtole.
