3160 3432
2593 379 2731 495 290
1272 395 1839 574 (Ainrkraftetteiled
976 513 2733 709 Fortieri Aber nichts jat. Einer von den Da-
978 669 2186 824 men iet halt nicht gut worden.
1001 786 2733 955 (Die Bewegung pflanzt sich auf die Martenden
996 928 1202 1048 fort)
989 1039 2539 1202 Ein Reporterifracch zum (Schvenanggang)
996 1179 2094 1344 Portieriswill ihn aufhalten.
998 1321 2620 1473 Reporter: Was wollen Sie ien mirt Das wür
996 1432 2622 1579 nech schöner..kennen Die mich vielleicht
987 1574 2650 1717 nichtz Feleenburg - Neuerfe Nachrichten.
987 1683 2695 1841 Portier: Entschuldigen, Herr fon Feleenburg.
998 1832 2390 1981 Reporteri(rasch ine Theater hineinl
980 1963 2085 2101 Dregulein, (aus dem Theater)
969 2083 2430 2234 (ychard: Guten Abend, Herr Dreghlein.
1016 2209 2467 2372 Vreguleint Onten Abend. (will weiter)
1001 2331 2722 2525 Riohard, Erlauben Sie, Herr Dregplein, können
1023 2491 2241 2631 Eie mir ragen, was eigentlich...
1007 2611 2823 2792 Greguleini (orkennt ihn jetzt) of, Herr Dokter,
992 2753 1464 2887 sie eind'er
992 2810 2792 3038 Richard, (toh weise nicht, eb ich racht gesehen
980 2968 2670 3203 habe. Wir iet vorgekonnen -/- Rat fich de
