3240 3608
2769 359 2920 540 270
986 446 2989 681 replaient; (zum Klavlerepleler linke) Um Gotterwil-
955 625 2976 797 len geben 8' Acht, menn das. Sie nicht wieder weiter
1281 715 2274 822 erie jertem be der feneclpert
950 722 2968 958 spielenwenn der auf der Bühne schon aufgehört hat.
960 863 2899 1042 Franal,lkomnt von rechte als Fanni, bleibt bei der
1596 1001 2064 1096 der jannvrn
981 1017 2974 1270 Füre im Prospekt, die auf die Prene führt, stehen, der
948 1130 2815 1350 Ehesterarbeiter bletet ihr seinen Seerel an,eie
935 1273 2515 1473 lehnt ab. Sie richt starr vor sich hinl.
968 1388 2979 1606 reguletnitbemerkt sie nach einer Weile, leize zu ihr
919 1516 2897 1706 hin) Also,ich kann Ihnen sagen, da es ist im Publi-
914 1639 2861 1895 tum eine grosfartige Stimmung, wentgetene für die.
935 1780 1967 1952 ranzlilnickt und schweigt)
899 1916 2779 2154 Fr. Nenzelfdte Gerderobiere, von rechte zu Franzt
873 2034 2917 2280 kinl: Ein biel Houge noch, fraulein Friesel,te sind
894 2164 1268 2300 e otaer.
1219 2282 1462 2369 itet et
876 2274 2254 2472 Pranzielbenätet ihren Legnene1ist.1
879 2438 2938 2679 bregulein: Ich hab eid paar Lenterumgespro
868 2566 2817 2769 chen, M auch Kritiker - den Doktor Felk habe ich
861 2705 2095 2863 noch nie so begeietert gesehen.
858 2805 2794 3089 Iueptelentiltriti an Fraued,gldt ihr ein Zeichen)
