3192 3432
2784 406 2935 567 311
1180 530 2531 711 Helene,(komnt auf ihn zu) Richard
2506 631 2694 732 Zeilen
1200 670 2967 838 Riohard:(Ioh bitze sehr, keine Zettnahmbezeu-
1196 812 2963 932 gungen. Ihr sollt Euch Alle gar nicht um michi-
1182 916 2947 1092 kümmern. Ioh empfinde eigentlich sehr wenig.)
1168 1044 2616 1228 Abef ich möchte lieber allein sein.:
1168 1187 2944 1382 Harl bern: kommen Sie doch Heber mit fne. Wi-
1164 1333 2864 1467 wollen atle zusammen bleiben. Irgendub mue-
1164 1444 2141 1602 man doch zu Abend eegen.
1200 1558 2860 1751 Treguleiniltrikt an sie heran, zu Ufcherdl 4
1164 1698 1921 1852 nen Ugenblick nur.
1175 1847 2362 1981 (Die Andern hälten sich fernl
1159 1967 2118 2093 Hichard: Herr Dregulein?
1182 2075 2823 2263 regulein: Ee war leider keine Möglichkeit
1138 2226 2894 2380 mehr diesen Brief an seine Adrpere zu beför-
1148 2368 2426 2513 dern. Hier haben Sie ihn wiedpr.
1150 2453 2736 2644 Richard: Sie hat ihn nicht mahr gelegen?
1148 2589 2963 2765 dreguleini Ee mar zu epit. (glauben Sie, er het-
1148 2729 2644 2894 te an ihrem Entschlues etwhe geändert?
1129 2853 2967 3045 Rickerd: Ichweier nicht. Jederfalle danke ich
1138 2977 1423 3121 Ihnen.
