3208 3576
2611 390 2766 531 208
901 538 2697 758 Greger: Nun und an Ende der Welt biet du dann
896 681 2724 873 eine anderet Eibt ee dann keinen mehr, der sich
896 824 2579 987 erinnern darff Ee ist am Ende der Welt wie
903 957 2695 1150 hier und es gibt keinen Kuer,keusch genug und
903 1093 2852 1276 keine Umarmung glühend genug und keine Liebe ewig
906 1219 2887 1384 genug,um die alten Küsse und die alte Liebe auszuf
903 1350 2766 1527 loechen. Was war iet, das ist der tiefe Sinn des
918 1525 1406 1668 Geschehenen.
906 1599 1920 1799 Frausiilale Fanni) Fedor!
923 1732 2899 1922 Inepieientifgibt den Schauspielern wieder ein Zeit
915 1925 1150 2068 shenl
930 1989 2677 2191 luurwein eto., so dass die wicheten Norte von
920 2162 2855 2337 Egdor und Fanni nicht vernehmlich sind. Dann wie-
933 2295 1767 2460 der das Zetohen kahel
933 2389 2667 2559 (Ein Theaterarbeiter:)zur Garderobiere) Frau
930 2534 2793 2717 Wenteler, man hat Sie überall gesucht. (gibt ihr
930 2707 1404 2857 einen Brieff
925 2813 2231 2968 Fr.Wentzelisnimmt ihn in Enpfangl
933 2912 2796 3121 treguletaplder se bewerkt hatl Nae gißt'e dennt
923 3052 2796 3277 Freu Mentzeli Wieder ein brief für die Friecel.
