2984 3704
2471 585 2614 769 228
769 676 2449 887 Richardi War telefontert sie denn so langt
774 841 2689 1028 Mathilde. Warum geht du nicht selber hink ,etatt
762 982 2341 1143 vervör in Zinner hin und her zu rennen?
757 1088 2554 1299 Aichard: Nur die Freude wieder einmal mit dir
760 1248 1256 1385 zu plandern.
755 1366 2562 1555 Mathilde: Ich hab ex nicht gern, Richard, wenn
745 1507 1591 1668 au so mit mir redest.
740 1622 2667 1824 Holenei(komnt wieder, teilt mit, daes Sidon in den
740 1768 2432 1955 Armen von Frau Eiderhof eben gestorben let.
733 1879 2576 2058 Ktohardi (entfernt sich rasch:lliuer in Ludwige
719 2018 1047 2159 Wohnung.
637 2161 1378 2327 4. Holens, Mathilde.
709 2252 1728 2418 Mathilde: Was hat er nurz
707 2413 2425 2610 Helens: Der Schniegervater seinee Freundes.
712 2530 2188 2753 Lathilde: keine Freunde,ich weier es.
693 2689 1989 2820 Aelenei Du solltest kläger sein.
681 2792 2494 2983 Uathilde: Du hast noch inner keine Ahnung, ver
690 2928 990 3065 ee ietr
676 3048 2598 3235 Helener Wein, aber se dauert nicht mehr lang. Ich
666 3182 2509 3384 hab's ihner vor ihn genuert, wenn etwas zu Rede
659 3290 2545 3518 king. Denke, dasn ich inner auch ein wenig sehe
