3208 3560
2678 398 2843 545 283
893 505 1851 654 sich mehr nach rechte.1
905 652 2797 791 kanni und Feder (ale Franzl und Greger) sind als
905 751 2780 928 lein auf der Bühne der Reeidenzthestere zurück-
900 905 1359 1025 geblieben.)
908 1027 2815 1195 Sohn: We ist das huftet, wo bleibt der Realiemuef
895 1154 2924 1352 Baret: (auf die Bühne leuschendl kein Wort versteht
880 1299 1704 1428 man von der Friesel.
885 1392 2719 1590 Karl Dern: De Sachen nuer die sa letee dagen.
885 1540 2830 1735 deren: Menn men nichte versteht, da hatten die die
875 1659 2843 1887 Drene sa nicht dret schreiben müsgen. (wird inner
857 1813 2803 2016 nervöser izu Läblein) Retten Sie, was noch zu ret-
870 1958 1841 2103 ten iet! lab nach linke)
865 2057 2851 2298 1Kgri Bern:tatmttat zu Loblein) Ich scheine
852 2207 2770 2382 ja einigermassen in Ungnade gefallen zu zein--
845 2343 2719 2524 Loblein: Machen Sie eich nichte draue, das wech-
832 2445 2772 2673 gelt beim Baren. se konnt ganz dareuf an,mit nen
832 2610 2871 2808 er jetzt reden wird, wae mergen in der Zeitung steht
824 2714 2813 2932 und mieriel morgen in der Kaese ist. Dar zusennen
817 2843 2841 3089 addiert und dividiert durch drel, das iet damn stin
