3208 3496
2667 468 2837 566 276
1047 516 2419 684 Franzl: (Jetzt komnt das Schwerste.
1360 636 1539 724 ditit
1035 650 2555 839 Karl dern: Ich habe keine Angstfu T
1023 779 2796 966 Fr. Wentzler: Fraulein Friesel, was iet dennt-
1047 923 1620 1073 Ihr auftritt.
1016 1040 1704 1214 Franzl: (raech abl
1016 1185 1996 1317 Karl Bern und Dregulein.
1013 1326 2285 1482 Dreguletn: Konnen Die, Herr Bern.
997 1444 1893 1592 Krrl Bern: "ohin denn?
1733 1554 2533 1659 melleut teibleite
997 1582 2863 1761 Lregulein: Wozjen Ste hier in der Garderobe von
1087 1687 2682 1807 witeu init de Iisichlel Ihni dentsendi heiro
994 1714 2744 1893 Fraulein Friesel den letzten A4t verbtingen?
1838 1831 2426 1926 hum roiert et in
992 1809 2827 2027 Karl Der: üo imner.(Nur nicht in der Nähe von
973 1993 1518 2106 meinem Stück.
973 2091 2880 2306 dregulein: War fllt Iynen denn ein? konnen Sie-
1491 2220 2270 2325 dee tillsinte nichte
963 2237 2784 2412 Karl Bern: So hilflos eitzt man dan Jeden Satz
954 2345 2825 2564 höchte man eigentlich andere haben. Ae liebeten
949 2466 2873 2689 nochte man aur die kehne söringen undee Leter
1071 2607 1996 2710 Ditte um Entschuldigung
2101 2646 2266 2739 ch b
951 2627 1628 2753 verufen: Weehee
1797 2686 2091 2770 theren
2161 2665 2615 2825 der go
1119 2725 2390 2880 gemeint. Er etlunt Jeetter ren
1059 2787 1329 2880 Fedeet
939 2856 2760 3085 drepeleta ved ntere eto setet dto etetetent
1006 3021 2041 3191 eri derne se voter mi ato
911 3114 2734 3346 Jeder Nort, des diere Herrechaften reden iet. m
