3208 3448
1085 278 1945 478 der loeite Eement
2537 406 2692 540 310
988 489 2776 693 Baron: DreftMtorgen Iet Donntagl Glauben die
988 647 2662 828 nicht, dasg die Roreda ies mit- einer machen
988 800 2641 955 konntet Ee war doch solen ganz studiert...
997 914 2725 1106 Lsblein: Ich würde trotzdem nicht raten. Das
983 1036 2330 1178 Publikum konnte es übel auffaeren.
974 1155 2808 1322 Baron: Ein Sonntagl Marum dennt ir haben doch
981 1317 2762 1452 gegenüber einer Enfangerin, die eich auf offe-
979 1452 2671 1586 ner Ezene vergiftet, keine Pietat zu wahren.
967 1544 2671 1681 Hat sie auf une Fückeicht genommen? Auf das
979 1674 2704 1855 Meater, dem sie ale Kitglied angehörtetlleie
965 1811 1966 1959 gehen weiter gegen linkel
974 1920 2293 2098 Righerd:latt der aur den Theaterl
958 2057 2815 2224 kari Bern, Niemand iet echuldlsie nicht und ich
2340 2177 2750 2258 su eir mus
2312 2231 2520 2307 ie
955 2196 2233 2365 nicht.) Es muerte wohl eo kommen.
2562 2196 2836 2381 hlen
962 2289 1683 2481 Hohard: Uueste...
946 2425 2815 2646 Karl Bern: Hier ist Ihre Schweeter und Fraulein
944 2567 1305 2722 dethilde.
955 2697 2762 2898 bioherd:leogernal Ich möchte eigentlich lieber
946 2820 1540 2975 ellein bietben.
951 2861 2674 3128 terl derni Ee wurde Ehror Schwerter noh tan.
