3000 3720
2422 678 2575 818 232
764 749 2560 923 santer Erlebnie sein eigener S tück zu sehen.
766 890 2546 1088 Helene: Herr Bern iet sehr etwang gegen seine
766 1014 1379 1150 eigenen Tucke.
756 1133 2620 1339 Vater: Vielleicht eine besondere reffinierte Ir
756 1279 1241 1406 von Hochmut.
756 1386 2396 1601 Porn: Jugend ist an und für sich Hochmut.
745 1534 1200 1685 Vater geht.
730 1670 1360 1814 n. Relene, Bern.
730 1790 1537 1923 (Zuerst über Fichard-
721 1916 2627 2124 kärl: Bem: Schad, dass ich deinem Vater nicht sy
725 2038 1265 2186 pathisch bin.
718 2164 2620 2360 denn das Gespräch ungefahr in der früheren Forn-
706 2322 2625 2501 Der Schines also: Helene: Ich verlange also, dess
694 2441 2541 2625 du hingehet, aber ihren nächeten Brief wirst du
690 2599 1596 2761 mir nicht sehr zeigen.
