3208 3496
2432 361 2592 509 286
954 568 1183 667 sein?
952 679 2033 853 Progulein, Ee scheint doch.
947 789 2599 980 Karl Bern: Ee ist dach Anmöglich. (sem
1004 961 2646 1089 regulein: Ee fällt doch schon der Vorhang.
947 1032 1230 1112 Ansagel
954 1098 2846 1256 Deptatank: (kommt rasch) Wo sind S' denn schon
945 1202 2608 1348 wieder, Herr Doktor? Sie müssen ja herausl
1473 1310 1673 1390 Miri
928 1331 2762 1517 Karl Bern: Ee kann doch noch nicht der Schluss
928 1456 1159 1586 seint
924 1581 2707 1744 Ansager; dae Fräulein Friesel ist ohnmächtig
924 1741 2707 1876 geworden plötzlich, und umgefallen. Die Leute
914 1871 2795 2031 haben geglaubt + das Stück ist aus und haben zu
919 2012 1880 2130 applandieren angefangen.
928 2102 2147 2281 regulein: Ohnnächtig geworden?
898 2234 2582 2392 Ansager: Jetzt-kommen Sie nur, Herr Doktor.
919 2373 2196 2521 lanrager und Karl Bern rasch abl
924 2521 2446 2674 tregulein; Was ist denn dasf (rasch abl
924 2627 2644 2762 (Die Garderobe f bleibt volikommen leer. Der
891 2773 2766 2959 Applaue hat eine Melle ausgesetzt, let plötzlich.
900 2898 1727 3051 wieder lorgsbrochen).
