3256 3624
2726 518 2884 687 289
937 629 2847 868 Auktritt ernarten oder oben abgegangen eind ete.
929 824 2871 934 Linke ist auch ein Pjanine richtbar,an dem zu Be-
939 958 2608 1102 sinn des Stäckee ein Hlarterepieler ettet.
931 1087 3034 1255 Wenn der Vorhang aufgeht Stille, man hört nur als dumf
2365 1192 2710 1284 decker. II
926 1221 2844 1418 pfoe Gemurmel Worte, die auf der Bühne gesprochen
921 1350 1231 1497 werden.
947 1445 3058 1671 Einke siemlich vorn, also rücknarte in Hineicht auf die
918 1623 2865 1747 Residenztheaterbühne, der Insplzient, das Regiebuch
921 1755 2952 1873 in der Hand, Er. gibt eben zwei Schauspielern,Herren
924 1876 2860 2008 in Frack, ein Zeichen, die Schauspieler setzen sich
921 2008 2936 2202 in Foxitur, auf ein zmeites Zeichen böfnet ein Thea-
916 2142 2818 2318 terarbeiter die Seitentüre und die beiden Herren
910 2273 2879 2476 treten durch diese Füre auf die Bühne in das Bern-
895 2397 3008 2629 sohe Truck. der. Ineptelent rarch auf den Lehenspitzen
908 2542 1792 2715 von lunke nach rechte.
897 2687 3010 2900 Der Reglexeur Lobloln stcht linhe vor,elcht durch ei-
887 2797 2442 2992 nen Spalt der Dehoration auf die Buhne.
881 2923 2955 3097 dreguleini (auf den Zehenspitzen von rechte, vorelch-
884 3063 2521 3250 tis zu tobletn hin, letzel Sie pasren auf.
