3256 3608
1180 488 1660 653 achten wild.
2902 648 3069 810 ih de
979 660 2912 887 Buhne der Reeidenzthestere/wie im vierten Bildher
974 807 2573 974 eben das Pruck Karl Berne gespieit wird.
969 935 2958 1123 Der Vorhang des Rekidenztheatere, jetzt in die Äöhe
974 1092 2989 1267 gelassen und der Kuechmerraum der Reeidenztheeters
966 1198 2945 1411 bilden aleo Hintergrund, reep. Rücksefte der Rihne.
953 1344 2912 1498 Die Bzens der Residenztheatere ist im aligemeinen
951 1478 3015 1665 nicht richtbar. Die furzicht wird durch die Rückwand
941 1596 2997 1753 der Dekeration veretellt, in der eine Türe praktikab-
933 1735 2889 1892 le Füre sich befindet. Auf der linken Seite steht
935 1856 2956 2071 die zumerwend, la dirselelchfalte eine Bure. De en-
933 2007 2850 2195 dero Aupgerwend ist nicht sichtbar, das Einmer, ln
920 2138 2989 2316 dem der aritte art der genzen Stücker geeplelt wird.
912 2246 2904 2452 ist nech der rechten Seite weitergedacht. Linke ist
912 2393 2953 2619 aleo ein Reil der fur die Dekeration der Vernlechen
948 2511 2909 2722 tucke nicht verwendeten Raunz richtbar, in dem eich
905 2650 2822 2827 ebeneo wie vorn der Detriet, volleicht. Wir sehen
900 2776 2770 2968 dort Buhnenerbeiter, den Inephalenten, sehen rück.
892 2896 2920 3107 warte, also in der Nahe des Reeidenztheatervorhange.
894 3038 2758 3243 den Feuergrohtmann stw. Schanspleler, die ihren
