3192 3704
2685 581 2840 757 284
1011 771 2793 893 vielleicht - wenn ich Mitwe bin oder unschul-
999 889 2786 1042 dig geschiedene Frau. Aber der iet nichtefür
992 1035 2716 1190 telativ anständige Mädchen, wie wir. Rute
988 1185 2704 1321 Barden - relativ bezieht sich natürlich nur
992 1293 1380 1432 auf mich.
980 1411 2713 1582 Mathilde: Mach dich nicht schlechter ale du
985 1573 1201 1686 biet.
976 1693 2739 1862 Helene, Bosser.- Uebrigene iet Richard nicht
971 1843 1343 1982 zu Hauee.
971 1959 2657 2126 Mathilde: Ich habe nicht nach ihm gefragt.
969 2102 2086 2227 Helene: Mit den Augen schon.
959 2210 2770 2363 Mathilde: Also - du hast noch immer keine Ah-
964 2349 1693 2497 nung - wer er iet?
955 2490 2793 2655 Helene: Nicht die leieeste. Aber - das iet si-
952 2617 2189 2772 cher, ee dauert nicht mehr lang.
952 2746 2648 2916 Mathilden: Weher weieet du das so bestimnt?
938 2883 2829 3054 Holens: Ioh kenne ihn doch. Ich hab'e immer vor
952 3017 2650 3160 ihm gewuest, wenn etwas ad Ende ging. Denke
931 3132 2805 3299 doch, dese ich ianer auch ein wenig seine Untter
931 3261 2791 3463 ner, troteden ich un eo viel jünger bin. Und se
