3176 3448
2553 406 2712 527 316
999 511 2788 643 sie nicht geliebt. Kann ein Mensch meiner Art
999 650 2742 812 überhaupt liebent Fordern, immer nur fordern.
1004 778 2785 933 Gegenwart, Vergangenheit und Zukunft - allee..
997 926 2788 1079 Mit welchem Recht, frage lchf Ich bindeiner so
992 1033 2341 1161 wenig wert als ich ihrer wert war.
988 1147 2774 1314 Mathilde: Wer ist jemale des Andern wert oder
1864 1262 2331 1346 pritbeut
988 1282 2735 1481 unwertk behen Rechnungen, so einfach auf Gwiz
990 1405 2671 1576 sohen menschenk(mit dem Recht ist es nicht.
990 1563 2767 1704 weit her in der Weit. Ee lebt sicher irgendne
979 1684 2769 1834 einer, der mehr Recht hätte xmi geliebt zu
988 1795 2692 1973 werden, von mir geliebt zu werdensäber ich
979 1944 2767 2115 liebe ihn eben nicht, ich kenne ihn nicht. Und
976 2062 2731 2224 wenn ich ihn kennte würde ich wahrecheinlich
976 2190 2683 2354 gar nicht bemerken, dass ich ihn eher lieben
960 2322 1656 2464 sollte ale dich.)
970 2446 2610 2619 Rloherd: (vein, Rethilde. Ich kane mir noch
970 2576 2795 2742 ischerlicher uyd noch erbärmlicher vor ale ich
1558 2680 1791 2763 ut cn
963 2699 2799 2913 sohen bin.) Und er kene ein Angenblick, da würde
1798 2817 1946 2904 mir
963 2831 2690 3000 dir selber grauen vor dir und atx vor, mir
940 2968 2710 3146 nur eine Schreucht habe ich unt dan den Unt
