3208 3592
2546 385 2714 514 ee8
959 531 2317 685 Franzi: lbleibt regungelde liegenl
962 608 2793 762 IVerhang hebt eich wieder, veretarkter Applane,
962 762 2060 909 Verbeugung der Schauepieler)
962 913 2860 1070 xepieient: (nach vorn zu Karl Bern) So gehen si-
954 1046 2216 1187 doch endlich heraus, Herr Doktor.
949 1151 2106 1322 karl berni Beim nächeten Mal.
952 1291 2005 1406 (Verhang senkt sich wieder)
940 1409 2738 1550 Gregor, (nach rückwärte zu Franzi) Friesel,eo
935 1558 2048 1716 stenen Sie doch auf! Fran-i1
935 1647 2750 1846 Fobleintkauf die Buhne) Hae iet denn? Friesell
918 1832 2697 1983 Fritet bauer: Mir scheint eie ist ohnmächtig.
957 1933 2704 2147 Empieient, Wo bleibt denn das Fraulein frie-
913 2079 1106 2199 sel?
935 2151 2863 2370 vobleini Aufl. (zu kert dernl Sie müeren setzt un-
921 2279 1848 2464 bedingt allein herauef!
906 2435 1880 2601 Karl Dern: Mar ist dennt
913 2584 1983 2721 (Der Applans wird schwächer
897 2711 2627 2894 Lsblein: Auf den Torhang,geschmindt Gesehntt
887 2824 2731 3012 Senet iet sr überhaupt auf.(zu Frenall Friesel
894 2952 2512 3187 brefaletailiet auf die Srone gekmen, ter
