3240 3592
2480 467 2660 608 273
1055 566 1297 682 sein?
1358 573 2040 783 Arsio ment de de
1057 709 2887 877 Greger: (In manchem Moment könnte ich mir alles
1050 842 2917 1025 mögliche einbilden. Aber im nächeten spürt man
1047 968 2870 1156 doch gleich wieder, dass sie einen ja gar nicht
1037 1119 2806 1282 gemeint hat - sondern diesen Fatzke, den man
1037 1233 1531 1363 grad spielt.
1030 1349 3004 1586 Treguletn: Konnt'z dir darauf ant Seit menn nimmet
1015 1494 1685 1655 au das so genaut
1015 1628 3001 1823 Gregor: Iol glaube, er ist diesmal doch was anderes,
1023 1744 1712 1865 Dregulein: (lacht)
1010 1890 2826 2085 Inepieient: (zu Gregorl Sie kommen gleich dran,
995 2020 1497 2171 Herrobregor.
1003 2109 2845 2344 Greger: le iet meesandéree, ler geht auf die an-
1507 2248 1643 2327 zur
998 2270 2764 2463 deze Selte durch die Jüre links, durch die er
981 2411 2539 2601 später auf die Ruhne hinaustreten wird).
981 2524 2757 2707 Sohauspielerin:(die das Stubenmädchen epielt,
978 2673 2789 2833 kommt mit einem keyen Tablett durch die rück-
966 2808 2752 3018 wärtigeder krospekte und geht vorläusig nach
961 2929 1420 3088 rechte abl.
