3240 3560
2469 423 2641 537 288
884 522 2813 714 Preguleini Geben Sie ihn her, das wird der rich-
881 650 2816 854 tige sein. Ich werd ihn ihr gleich geben, wenn sie
881 815 1189 982 abgeht.
891 898 2747 1125 Fr. Mentzeli Jetzt bleibt eie ja bie zum Schluer
879 1100 1457 1211 auf der Bühne.
874 1181 1787 1344 Dregulein: (unschlüssigl
893 1297 2811 1477 Franzli(ale Fanni) Ich bin es müd um deine Gnadäh
876 1460 2826 1617 zu flehen,wie eine Eünderin und vor einem auf den
884 1565 2658 1743 Eieen zu liegen, der um nichte besser ist als
866 1701 2789 1912 loh. leie öffnet die Zur) Herr Moritaky, darf ich
869 1873 1164 1986 biten.
866 1942 2762 2161 Exepizlent: (tehan gibt sohn ein Zeichen)
871 2122 2156 2262 Theaterarbeiteri(öErnet die Türl
859 2227 2287 2407 Jehn :(Moritzky, tritt auf die Bühne)
857 2392 2813 2540 Karl Bernilzu tregulein) Jetzt müeste der Vorhang
849 2533 2764 2663 fallen. Herr Moritzky, darf ich bitten - und fer-
857 2643 2734 2838 tig. Das ware der Schlue. Alles fällt einem zu
837 2786 1231 2931 spat eiv.
844 2907 2818 3067 Ansagerilzu Karl Hern) Bitt schön, Herr Doktor, kom-
834 3069 2710 3209 men Sie nach vorn, damit Sie gleich da sind, Sie
