3208 3432
1075 457 1781 708 Kolene, (rehrt seb1
1088 676 2299 860 Frickerlgeht fit Frau Velth abl
1084 919 2453 1095 Indwig: (hatte eich von dieser Szene
2658 977 2858 1113 gehe
1091 1072 1253 1204 tenl
1070 1161 2597 1380 Dreguleinestrift zu Ludnig hinl Wein de
1102 1305 1482 1466 reguletn.
1066 1455 1943 1595 Indwig: Doktor Sprold.
1057 1570 2776 1744 Treguletni Entschuldigen Sie, wenn ich frage
1063 1710 2753 1871 die dunkelreten Rgeen waren wohl von Ihnen?
1059 1826 2873 1991 Indwigi Sie hat alzo die Blumen noch erhaltent
1066 1950 2826 2129 dregulein: Jamchl. such Ihren Brief,Hendrh
1052 2115 2742 2256 LndnigilbefrendetPteso - glauben ie, dass
1057 2210 2790 2389 irgend ein Zusannenhang - hat eie vielleicht
1068 2333 2722 2545 ete deertans genechti) Sie haben mir des
1043 2482 2272 2652 oftenber irgend etwae (zu eegent
1029 2602 1677 2749 Dreguleini Dein.
2106 2674 2744 2806 sut etertest. M
1025 2751 2529 2887 Zudnig: Ich möchte bitten. Ait in.
1029 2876 2846 3041 Dreguleini Er iet möglichermeire nicht im Sin-
