3176 3560
434 231 700 345 8. 10.30.
2518 447 2695 653 204
906 591 2613 806 karl Derni Veik ieht nicht gar so seitsen.
911 747 1868 930 18ie wollen beide gehen)
918 854 2767 1067 Fr. Wentzler: (tritt ein mit einem Brief) Da ist
898 1022 2789 1179 grad ein Brief für das Fräulein Friesel abgege-
906 1136 2603 1308 ben worden. Mein Mann hat mir ihn gegeben.
898 1283 2858 1481 Fregulein: (zu Bern) Wird wohl im Zusannenhang eté
896 1432 1055 1578 hen
893 1469 2888 1749 Berl Berni kenn mar ihr den auf die Fühne schicken
903 1687 1236 1839 konnte.
930 1819 2156 1995 tregulein: Sie wiesen von weml-
903 1975 2260 2136 Karl Bern: Ich kenne die Schrift.
933 2099 2126 2278 Pregulein: 40o) der Freulose..
916 2206 2841 2432 Karl Bern: häbe es kein Mittel eie jetzt noch zu
898 2360 1447 2518 verständigen?
888 2439 2873 2652 Dregulein: Wie etellen Sie sich das vort Eie haben
891 2598 2514 2789 ein schlechtee Gewiegen, wie ee scheint..!
891 2729 2806 2920 Karl Bern, Man weise nie, ob man das Richtige tut.
886 2853 2779 3022 Drogulein. Menn man wirklich weiss, was man will,
888 2973 2777 3188 ist oe ale das ganz Vnrichtige. Se iet doch ein
