3208 3592
2613 522 2768 646 291
1075 586 2789 808 Dr. Braun, (iet inder- gekommen) Die Frieseil
1087 744 1459 870 Was denn
1094 858 1909 1011 (Den macht ihm Platal
1097 1027 2701 1244 Tregulein:(wie fragend) Eine Ohnmacht ...
1089 1137 2212 1285 Er. Braun: (fühlt franzie Pulel
1073 1280 2801 1449 Paron: (von linke durch die Seitentür auf die
1058 1402 2758 1583 Bühne, zu Lyblein) War iet denn das für eine
1070 1535 2646 1728 Artechaft? Was hat man denn da gemachtt
1066 1678 2889 1888 tregulein: Ire Friesel ist ohnnächtig geworden.
1046 1831 2379 1986 Derent Keine Land rührt sich mehr.
1039 1957 2179 2086 Fr. Braun: Auf das Sofa bitte.
1037 2074 2725 2284 (ein Thesterarbeiter und zwel Schanepleler
1025 2210 2801 2446 sum behliflich, kranzi wird auf das Sofe gebet
1013 2324 1192 2446 tet)
1008 2431 2081 2629 Lobletn: Pieerner herunterl
1020 2613 2660 2801 (Geriuech der herabeinkenden eisernen Vort
982 2713 2860 2937 seine Schauepielerin hat resch Franzle Klold ge-
987 2860 2737 3063 ofinet. Fraun legt sein Ohr an Frauele Bract
999 2975 2579 3194 Segenstritt füher heren) Eine Uhnnachtt
987 3108 2303 3294 Cari Dernistritt hiamal Onwnachte
975 3235 2896 3435 Frauni(gibt durch eine Seste zu erkennen, dase er
