3208 3512
2649 422 2817 537 282
1002 561 2774 719 Wan hort noch das Klarierepiel, höchete Span-
993 688 2846 861 nung bei den Zurückbleibenden. Das Klarierspiel
997 822 2772 1019 sietiert plotzlich, se wird durch sprechen auf
1002 957 1798 1124 der Bühne abgeldet!
1000 1086 2031 1235 Karl Bern: Ee geht weiter.
1002 1175 2812 1362 Dregulein: Bei dem Mann können Sie sich auf den
2438 1297 2625 1400 lber
993 1328 2736 1534 Knieen bedanken. Vielleicht hat er Ihren Akt
1000 1458 1359 1602 gerettet.
993 1566 2776 1765 Karl Bern: Schon möglich, dass dieses Improvi-
993 1712 2800 1887 eierte Geklimpèr die Stimmung für den Schlues
1005 1832 1853 2007 günetig vorbereitet.
990 1961 2913 2153 Drepuletar Heltetcht wr4 aort benser gewesen-
990 2119 2450 2278 eine Andere hätte die Relle geezielt.
995 2234 2805 2400 Kerl Berni Nein, nein, Ee wed etler woder gut
1419 2347 2088 2441 h. N. Moisob
964 2381 1326 2508 werden.
1455 2388 2760 2558 et dicirtibiit. Exllerect
976 2496 2894 2690 Dr. Braun:(komnt) Was ist denn da eigentlich pas-
990 2637 1254 2793 siertz
981 2692 2817 2935 bregalein: Eing stotaltche Hnnertrotterterang
981 2891 1889 3064 eine Art Ohuracktefful
993 3018 2690 3227 Dr. Froue, Joh habe tetrachlich geglaebt, der
