3208 3512
2699 413 2869 559 278
1036 520 1955 673 Karl Bdern: Ja richtig.
1036 639 2830 829 regulein: Sie sind ein konischer dator.(mill
1024 790 1996 955 mit Kari Dern fortgehen!
1024 919 2767 1101 Franzi:(zn Dreguleinl Beiben ie, Bregulein.
1024 1045 1675 1189 Karl Bern: (geht)
1036 1191 1746 1344 tregalein. Franzi.
1004 1310 2762 1507 Dregulein: Nar ist denn geschehent Nas haben
1024 1422 1678 1600 re denne Shn
990 1575 2631 1748 Franzi: Er ist da - er ist im Theater --
999 1699 2954 1865 tregulein: Das ist doch nichtgosherkwärdig.-kein
1483 1821 2249 1901 it cttel us s budet
2582 1848 2910 1945 ws c H.
987 1838 2815 2033 Franzl: Oben in der Loge eitzt er -nit seiner
987 1962 2361 2152 traut -- schicitm auch serveh
2390 1986 2776 2147 uthiit
1578 2040 1906 2154 i dierir
975 2108 2757 2290 Dregulein: Ref dich doch nicht aus, lseil der
977 2225 2832 2434 iet doch vollkomnen gleichgilttg,ob destulnen
1780 2358 2531 2458 Ninds siemen Madt
958 2346 2635 2531 Nerr de ist oder nichtz-Jetzt konnt gleich
951 2492 1882 2682 deine Srene - dumaft
951 2616 2125 2776 Franzl: Dein, die konnt nicht.
958 2742 2492 2927 tregulein: So sefh Sie doch vernünftig.
948 2852 2672 3078 prenzt: de könnt überhaupt keine drene mehr.
948 2998 2380 3219 Dregaletni Kerrgett noch eimel - neh
2397 3041 2633 3226 A
