3224 3784
2593 743 2756 871 246
962 869 1696 1081 Richerd tritt ein.
960 1044 1964 1156 Richard, Helene, Mathilde.
2460 1030 2670 1233 B04,
962 1181 2754 1342 Richardit O, Mathilde, ich freue mich so Pel zu
962 1335 1216 1442 sehen.
960 1410 2829 1601 Holene, (etwas verwundert) Sohen vorüber die Er-
974 1608 1340 1710 dinationt
974 1689 2754 1852 Hiohard: Ee iet niemand gekommen. Ich glaube,
965 1841 2698 1992 Ludwig hat allen seinen Patienten verhoten.
960 1967 2798 2132 wahrend seiner Abwesenheit krank zu sein.- Ist
953 2104 1894 2232 keine Post für mich daf
962 2227 2719 2405 Helene: Nicht dasr ich wüeste. Und kommt du
955 2367 2717 2502 derwegen zu so ungewehnter Stunde nachhausel
955 2502 2761 2666 Richard: Nein. (etwas künstlich) Ich hatte of-
962 2628 2756 2815 fenbar eine Ahnung, dass du da biet, Mathilde.
944 2717 2516 2917 Mathilden Ich glaube nicht an Ahnungen.
960 2901 1542 3006 Zurtaderxreker
934 3013 2710 3171 Helengi Karl Dern war hier, hat uns die Loge
951 3122 2635 3311 fur Sametag gebracht. Vebrigene wäre ex möl
944 3253 2591 3483 lioh,dese die Verrtellung verschoben wird
