3208 3688
2696 659 2866 802 247
988 722 1933 898 Richardi So, warum denn
985 863 2864 1031 Helene: Weil die Hauptrolle unbesetzt wird. Für
975 990 2851 1216 die Horeda wird wahrecheinlich Fraulein Friezel
965 1161 2846 1347 spielen, weiget du, die gewegene Freundin von Ge-
968 1279 1891 1429 reld. Du kennet sie ja.
950 1374 2703 1600 Hohard: Die soli die Hauptrolie epielen, das
950 1532 1723 1710 kann ja gut werden.
935 1667 2645 1868 Helene: dern sagt, dass sie sehr begabt lst.
938 1775 2956 2021 Riohard: Hoffen mtr. leucht seine Erregung an vert
940 1916 2876 2146 bergen, kindet sich eine Zignrette an. Telefonget-
935 2079 2911 2279 ohen von nebeman. Er zuokt merklich zusommen) Neng
908 2184 2869 2382 jemand zufällig nach mir fragen solte Helene, wer
913 2347 2502 2533 immer er gei. lch bin nicht mehr zuhauge.
900 2430 2202 2645 Aeleneiletnes befrendet, geht abl
888 2580 2778 2826 Uethlide: Da solitest dich niert verleugnen des,
888 2718 1384 2886 gen,Rroherd.
875 2806 1971 3022 Tioherdi Man muer manchnal.
873 2966 2786 3202 vethiide: Die muer men. Ee glbt keine Angelegen-
855 3094 2786 3380 beit auf der Noltpate sich nicht bereer mit taf-
853 3235 2024 3440 richtigkeit erledigen liesse.
