<?xml version="1.0" encoding="UTF-8" standalone="yes"?>
<PcGts xmlns="http://schema.primaresearch.org/PAGE/gts/pagecontent/2013-07-15" xmlns:xsi="http://www.w3.org/2001/XMLSchema-instance" xsi:schemaLocation="http://schema.primaresearch.org/PAGE/gts/pagecontent/2013-07-15 http://schema.primaresearch.org/PAGE/gts/pagecontent/2013-07-15/pagecontent.xsd">
    <Metadata>
        <Creator>prov=READ-COOP:name=PyLaia@TranskribusPlatform:version=2.7.0:model_id=50870:lm=none:date=22_01_2024_16:32</Creator>
        <Created>2023-09-27T14:32:16.505+02:00</Created>
        <LastChange>2024-01-22T16:32:35.511+01:00</LastChange>
        <TranskribusMetadata docId="1589030" pageId="60121584" pageNr="33" tsid="145624076" status="IN_PROGRESS" userId="40391" imgUrl="https://files.transkribus.eu/Get?id=YJRGDFPBQSOENSBTARAWUBKO&amp;fileType=view" xmlUrl="https://files.transkribus.eu/Get?id=GRMUJYQIUMUESZMUCEEDCXVX" imageId="48546663"/>
    </Metadata>
    <Page imageFilename="1589030_0033.jpg" imageWidth="3240" imageHeight="3608">
        <ReadingOrder>
            <OrderedGroup id="ro_1711794762302" caption="Regions reading order">
                <RegionRefIndexed index="0" regionRef="tr_1"/>
            </OrderedGroup>
        </ReadingOrder>
        <TextRegion orientation="0.0" id="tr_1" custom="readingOrder {index:0;}">
            <Coords points="907,569 907,3275 2932,3275 2932,569"/>
            <TextLine id="tr_1_tl_1" custom="readingOrder {index:0;}">
                <Coords points="2542,628 2586,638 2599,650 2611,645 2621,655 2636,645 2665,670 2690,663 2690,566 2660,559 2648,564 2631,544 2604,559 2594,554 2579,566 2571,561 2542,566"/>
                <Baseline points="2556,630 2584,630 2612,629 2640,627 2668,628 2697,630"/>
                <TextEquiv>
                    <Unicode>276</Unicode>
                </TextEquiv>
            </TextLine>
            <TextLine id="tr_1_tl_2" custom="readingOrder {index:1;}">
                <Coords points="942,846 1165,791 1545,779 1874,816 1958,779 2262,841 2772,779 2925,813 2925,690 2777,653 2344,727 2158,663 2035,700 1877,668 1785,717 1464,665 1029,685 942,645"/>
                <Baseline points="955,761 1053,756 1152,760 1251,758 1350,758 1449,755 1548,758 1646,761 1745,762 1844,761 1943,758 2042,764 2141,764 2240,762 2338,767 2437,764 2536,762 2635,764 2734,762 2833,761 2932,761"/>
                <TextEquiv>
                    <Unicode>Karl Herni Harum eigentlicht Er hat ganz originell</Unicode>
                </TextEquiv>
            </TextLine>
            <TextLine id="tr_1_tl_3" custom="readingOrder {index:2;}">
                <Coords points="949,905 1024,895 1093,915 1118,898 1177,905 1189,890 1236,907 1276,893 1305,920 1343,922 1382,895 1417,898 1414,853 1367,836 1293,841 1165,796 1076,833 977,823 947,836"/>
                <Baseline points="961,890 986,888 1011,887 1037,887 1062,888 1087,889 1113,889 1138,887 1164,889 1189,890 1214,890 1240,890 1265,890 1291,890 1316,890 1341,891 1367,893 1392,893 1418,893"/>
                <TextEquiv>
                    <Unicode>ausgesehen.</Unicode>
                </TextEquiv>
            </TextLine>
            <TextLine id="tr_1_tl_4" custom="readingOrder {index:3;}">
                <Coords points="989,967 1592,964 1654,944 1657,838 1617,858 1540,841 1444,922 1387,895 1281,937 1194,890 1155,925 989,900"/>
                <Baseline points="1003,958 1035,955 1068,952 1101,952 1133,952 1166,952 1199,952 1231,952 1264,953 1297,955 1330,957 1362,956 1395,952 1428,955 1460,951 1493,946 1526,940 1558,938 1591,935 1624,934 1657,934"/>
                <TextEquiv>
                    <Unicode>Oriziuelt. Deteile</Unicode>
                </TextEquiv>
            </TextLine>
            <TextLine id="tr_1_tl_5" custom="readingOrder {index:4;}">
                <Coords points="949,1046 1184,1083 1288,1036 2356,1051 2356,974 2250,937 1889,979 1731,932 1301,977 949,940"/>
                <Baseline points="964,1021 1033,1018 1103,1018 1173,1021 1243,1018 1313,1020 1383,1021 1453,1018 1523,1021 1593,1021 1663,1021 1732,1021 1802,1021 1872,1021 1942,1023 2012,1024 2082,1021 2152,1021 2222,1021 2292,1023 2362,1024"/>
                <TextEquiv>
                    <Unicode>Lyblein: Man hätte eich totgelacht.</Unicode>
                </TextEquiv>
            </TextLine>
            <TextLine id="tr_1_tl_6" custom="readingOrder {index:5;}">
                <Coords points="932,1160 1943,1157 2040,1194 2260,1160 2376,1212 2453,1165 2599,1199 2913,1174 2913,1113 2673,1063 2522,1093 2344,1053 2161,1105 932,1073"/>
                <Baseline points="946,1146 1044,1146 1143,1147 1241,1149 1340,1150 1439,1152 1537,1152 1636,1152 1734,1149 1833,1149 1932,1152 2030,1154 2129,1151 2227,1149 2326,1149 2425,1149 2523,1152 2622,1155 2720,1157 2819,1156 2918,1164"/>
                <TextEquiv>
                    <Unicode>Karl Hern: Wäre vielleicht gar nicht übel gewegen,</Unicode>
                </TextEquiv>
            </TextLine>
            <TextLine id="tr_1_tl_7" custom="readingOrder {index:6;}">
                <Coords points="940,1293 1085,1338 1414,1288 1666,1338 1968,1293 2547,1320 2547,1194 2181,1229 1961,1199 1894,1236 1577,1197 940,1209"/>
                <Baseline points="952,1275 1032,1275 1112,1275 1192,1276 1272,1278 1352,1278 1432,1278 1512,1277 1592,1276 1672,1278 1752,1278 1832,1278 1912,1277 1992,1278 2072,1278 2152,1281 2232,1282 2312,1282 2392,1281 2472,1281 2553,1287"/>
                <TextEquiv>
                    <Unicode>wenn man dem Publikum vor dem tragischen</Unicode>
                </TextEquiv>
            </TextLine>
            <TextLine id="tr_1_tl_8" custom="readingOrder {index:7;}">
                <Coords points="922,1419 2037,1491 2203,1461 2601,1496 2841,1441 2809,1355 2438,1325 2104,1365 2020,1310 1884,1365 1726,1320 1362,1362 1063,1340 996,1296 922,1330"/>
                <Baseline points="937,1406 1032,1406 1127,1406 1223,1407 1318,1406 1414,1409 1509,1409 1605,1412 1700,1412 1796,1412 1891,1412 1986,1412 2082,1412 2177,1409 2273,1411 2368,1412 2464,1412 2559,1411 2655,1415 2750,1417 2846,1412"/>
                <TextEquiv>
                    <Unicode>Schlues ein wenig belegenheit zur Heiterkeit ge-</Unicode>
                </TextEquiv>
            </TextLine>
            <TextLine id="tr_1_tl_9" custom="readingOrder {index:8;}">
                <Coords points="942,1568 1029,1615 1093,1570 1187,1558 1209,1580 1281,1565 1310,1580 1352,1555 1441,1575 1441,1454 1340,1484 1236,1451 1187,1476 1098,1464 1068,1437 1026,1474 942,1469"/>
                <Baseline points="956,1546 981,1545 1007,1543 1033,1540 1059,1538 1085,1538 1111,1538 1137,1538 1163,1538 1189,1538 1214,1538 1240,1538 1266,1538 1292,1539 1318,1541 1344,1541 1370,1542 1396,1543 1422,1546 1448,1550"/>
                <TextEquiv>
                    <Unicode>geben hätte.</Unicode>
                </TextEquiv>
            </TextLine>
            <TextLine id="tr_1_tl_10" custom="readingOrder {index:9;}">
                <Coords points="927,1713 1056,1748 1296,1708 1924,1748 2218,1694 2816,1716 2816,1582 2774,1563 2322,1632 2250,1575 2144,1612 1926,1558 1518,1619 1449,1580 1288,1610 1194,1563 1031,1617 927,1575"/>
                <Baseline points="940,1672 1034,1669 1128,1668 1222,1670 1316,1671 1410,1669 1504,1669 1598,1669 1692,1672 1786,1675 1881,1675 1975,1675 2069,1675 2163,1674 2257,1674 2351,1675 2445,1675 2539,1675 2633,1680 2727,1678 2822,1681"/>
                <TextEquiv>
                    <Unicode>Esplein, Ihr Schluee ist tragleck - dashabe ich</Unicode>
                </TextEquiv>
            </TextLine>
            <TextLine id="tr_1_tl_11" custom="readingOrder {index:10;}">
                <Coords points="930,1847 1073,1827 1226,1859 1335,1830 1397,1857 1639,1825 1639,1743 1563,1718 1367,1738 1187,1713 1078,1748 932,1721"/>
                <Baseline points="946,1806 982,1804 1019,1804 1056,1803 1093,1800 1129,1798 1166,1798 1203,1798 1240,1798 1277,1798 1313,1798 1350,1798 1387,1801 1424,1799 1461,1798 1497,1799 1534,1801 1571,1801 1608,1803 1645,1806"/>
                <TextEquiv>
                    <Unicode>gar nicht bemerkt.</Unicode>
                </TextEquiv>
            </TextLine>
            <TextLine id="tr_1_tl_12" custom="readingOrder {index:11;}">
                <Coords points="932,1976 1266,2005 1669,1938 2074,1941 2732,2000 2757,1842 2628,1884 2418,1830 2235,1879 2124,1844 2050,1887 1988,1852 1780,1882 1446,1837 1301,1879 930,1840"/>
                <Baseline points="946,1926 1036,1926 1127,1926 1218,1926 1309,1929 1400,1929 1490,1929 1581,1929 1672,1932 1763,1933 1854,1934 1944,1932 2035,1932 2126,1933 2217,1935 2308,1934 2398,1935 2489,1935 2580,1936 2671,1939 2762,1944"/>
                <TextEquiv>
                    <Unicode>Karl kerni Sie halten oftenbar nur den Tod für</Unicode>
                </TextEquiv>
            </TextLine>
            <TextLine id="tr_1_tl_13" custom="readingOrder {index:12;}">
                <Coords points="932,2087 1538,2099 1763,2149 1847,2114 2149,2173 2238,2119 2668,2124 2665,2013 2599,2000 930,2005"/>
                <Baseline points="943,2060 1029,2057 1116,2060 1202,2057 1289,2060 1375,2060 1462,2060 1548,2064 1635,2066 1721,2065 1808,2065 1894,2063 1981,2063 2067,2066 2154,2066 2240,2066 2327,2066 2413,2068 2500,2068 2586,2071 2673,2078"/>
                <TextEquiv>
                    <Unicode>eine tregieche Angelegenheit. Ein Vorurteil,</Unicode>
                </TextEquiv>
            </TextLine>
            <TextLine id="tr_1_tl_14" custom="readingOrder {index:13;}">
                <Coords points="917,2198 1024,2213 1123,2188 1276,2248 1328,2208 1365,2225 1459,2205 1459,2134 1409,2141 1352,2104 1318,2136 1271,2112 1105,2097 1078,2124 972,2099 915,2124"/>
                <Baseline points="931,2183 957,2183 984,2184 1010,2185 1037,2187 1064,2189 1090,2187 1117,2186 1143,2186 1170,2187 1197,2189 1223,2189 1250,2189 1276,2191 1303,2191 1330,2189 1356,2190 1383,2192 1409,2192 1436,2193 1463,2195"/>
                <TextEquiv>
                    <Unicode>Herr Löblein.</Unicode>
                </TextEquiv>
            </TextLine>
            <TextLine id="tr_1_tl_15" custom="readingOrder {index:14;}">
                <Coords points="935,2369 2787,2349 2762,2223 2581,2277 2500,2228 2243,2228 2173,2186 1973,2257 1617,2210 1165,2270 935,2215"/>
                <Baseline points="949,2314 1041,2320 1133,2317 1225,2317 1317,2318 1409,2320 1501,2321 1593,2323 1685,2323 1777,2322 1869,2323 1961,2325 2053,2325 2145,2325 2237,2326 2329,2326 2421,2329 2513,2335 2605,2335 2697,2329 2789,2326"/>
                <TextEquiv>
                    <Unicode>Zogelmann: Wie geht dann die Geschichte eigent-</Unicode>
                </TextEquiv>
            </TextLine>
            <TextLine id="tr_1_tl_16" custom="readingOrder {index:15;}">
                <Coords points="917,2468 957,2480 1108,2455 1167,2487 1204,2475 1303,2500 1301,2383 1234,2386 1197,2366 1145,2396 1080,2393 1061,2374 1043,2391 1001,2391 954,2364 915,2374"/>
                <Baseline points="931,2455 956,2453 981,2452 1006,2452 1031,2451 1056,2450 1081,2450 1106,2452 1132,2452 1157,2452 1182,2454 1207,2455 1232,2453 1257,2453 1282,2454 1308,2458"/>
                <TextEquiv>
                    <Unicode>lich ausf</Unicode>
                </TextEquiv>
            </TextLine>
            <TextLine id="tr_1_tl_17" custom="readingOrder {index:16;}">
                <Coords points="907,2628 1434,2626 1501,2584 1951,2653 2020,2611 2245,2646 2376,2596 2789,2618 2787,2532 2668,2500 2532,2537 2346,2495 2245,2537 1980,2515 1869,2470 1491,2522 1231,2485 1182,2522 905,2507"/>
                <Baseline points="919,2580 1012,2580 1106,2580 1200,2583 1294,2583 1388,2583 1481,2583 1575,2583 1669,2588 1763,2584 1857,2589 1950,2589 2044,2589 2138,2589 2232,2592 2326,2594 2419,2595 2513,2595 2607,2596 2701,2595 2795,2601"/>
                <TextEquiv>
                    <Unicode>Karl Berni Was für eine beschichte? Mein Stückt</Unicode>
                </TextEquiv>
            </TextLine>
            <TextLine id="tr_1_tl_18" custom="readingOrder {index:17;}">
                <Coords points="920,2727 1194,2757 1273,2720 1513,2717 1699,2787 1765,2762 1765,2613 1555,2663 1387,2628 1303,2660 1068,2660 994,2606 920,2606"/>
                <Baseline points="934,2714 975,2711 1017,2714 1059,2714 1101,2714 1143,2714 1185,2716 1226,2717 1268,2716 1310,2714 1352,2715 1394,2717 1436,2717 1478,2717 1519,2714 1561,2717 1603,2717 1645,2717 1687,2717 1729,2719 1771,2720"/>
                <TextEquiv>
                    <Unicode>Das wieren Sie nicht?</Unicode>
                </TextEquiv>
            </TextLine>
            <TextLine id="tr_1_tl_19" custom="readingOrder {index:18;}">
                <Coords points="907,2888 1177,2913 1540,2856 1706,2898 1810,2863 1899,2915 2023,2868 2154,2905 2393,2866 2851,2898 2851,2809 2764,2791 2497,2777 2408,2816 2191,2767 2040,2809 1768,2754 1550,2801 1501,2762 1360,2791 907,2749"/>
                <Baseline points="922,2852 1018,2849 1115,2847 1212,2852 1309,2853 1406,2852 1502,2852 1599,2855 1696,2856 1793,2861 1890,2858 1986,2861 2083,2861 2180,2861 2277,2867 2374,2867 2470,2864 2567,2866 2664,2867 2761,2867 2858,2867"/>
                <TextEquiv>
                    <Unicode>Dogelmann: Ich habe ih dritten Akt ja nichte mehr</Unicode>
                </TextEquiv>
            </TextLine>
            <TextLine id="tr_1_tl_20" custom="readingOrder {index:19;}">
                <Coords points="915,3009 1011,2979 1038,2992 1103,2987 1123,3004 1165,2994 1184,3012 1214,2999 1212,2903 1155,2922 1100,2895 1006,2920 954,2898 912,2918"/>
                <Baseline points="928,2977 954,2974 981,2971 1007,2971 1034,2971 1061,2971 1087,2971 1114,2971 1141,2973 1167,2976 1194,2980 1221,2983"/>
                <TextEquiv>
                    <Unicode>zu tun.</Unicode>
                </TextEquiv>
            </TextLine>
            <TextLine id="tr_1_tl_21" custom="readingOrder {index:20;}">
                <Coords points="907,3118 1362,3113 1469,3177 2124,3150 2317,3187 2416,3128 2490,3172 2594,3128 2809,3152 2809,3046 2628,3007 2280,3007 2074,3056 1963,3014 1820,3054 1627,2994 1491,2989 1308,3054 1169,3046 1080,2989 907,3009"/>
                <Baseline points="922,3103 1016,3106 1111,3104 1206,3106 1300,3109 1395,3109 1490,3108 1584,3108 1679,3112 1774,3109 1869,3109 1963,3112 2058,3112 2153,3112 2247,3115 2342,3115 2437,3117 2531,3124 2626,3121 2721,3124 2816,3127"/>
                <TextEquiv>
                    <Unicode>Proguloin, (von rechte, tritt zu bernl dut gehtie.</Unicode>
                </TextEquiv>
            </TextLine>
            <TextLine id="tr_1_tl_22" custom="readingOrder {index:21;}">
                <Coords points="893,3321 1098,3276 1407,3338 1716,3338 1844,3293 2052,3328 2104,3308 2104,3152 1414,3177 1236,3105 890,3138"/>
                <Baseline points="907,3237 967,3235 1027,3237 1087,3237 1147,3236 1208,3234 1268,3237 1328,3237 1388,3239 1448,3240 1509,3237 1569,3237 1629,3240 1689,3238 1749,3240 1810,3240 1870,3240 1930,3240 1990,3240 2050,3243 2111,3246"/>
                <TextEquiv>
                    <Unicode>widerthet sich ladee entforhtl</Unicode>
                </TextEquiv>
            </TextLine>
            <TextEquiv>
                <Unicode></Unicode>
            </TextEquiv>
        </TextRegion>
    </Page>
</PcGts>
