3208 3544
2500 414 2669 595 277
1022 502 1912 674 beilänfig oder falech.
1026 643 2843 831 Dregnletn: Wass erg iet er Ja soch stehte bat
1014 752 2412 972 jedenfalle werkent ete Leat stelte
1012 912 2927 1119 Dregulein: Und wenn Innen die richtigen eingefal-
1357 1012 1753 1100 du de dent
1012 1055 2855 1250 len waren - Se taten eselrecht nicht merken.
995 1167 1603 1326 Dern: Aber 1ch.
1019 1305 1834 1467 rezulein: Wer weire!
1450 1419 1874 1493 bremigle so
983 1424 2838 1619 terl Bern: Jat hätt (nicht ein so schlechtee Ge-
981 1579 1295 1705 wecen.
1405 1588 1793 1748 Estet ansche
979 1695 2827 1869 dregulein: konnen Siel E ist wirklich nicht so
964 1824 1888 2000 erg. Dören te nur zul
995 1957 1712 2100 Farl Bern: Ich hab!
1874 1991 2848 2143 gemuegt - die genze Zeit
1581 2045 2412 2179 H. d.etik nicht farten it
941 2072 2681 2272 über hab iche sa gemusst, Aber inmer wieder
2298 2243 2460 2326 aege
945 2215 2755 2446 schwindelt man sich selber etwae vergand hofft
945 2346 2815 2553 dese die Andern auf den Schrindel hineinfallen.
941 2465 2417 2677 Franzt ilkonnt) Wes let den gesshchent
929 2605 2710 2815 Karl Bern: Nar iet denn geschehent Nieso eind
912 2729 1912 2891 Sie den schon wieder der
922 2858 2688 3077 treguletn: Ee mar sa jetzt nur der harze Auf-
910 2988 1164 3141 tritr.
