3224 3688
2666 650 2815 802 248
1006 741 2811 945 Richardi Ach Gott, Kathilde, wenn das Lebenge
1004 912 1657 1068 einfach wäre ...
997 1037 2813 1213 Hathilde: Ee ist einfach, ganz einfach, Richard,
992 1187 2324 1339 Man muxe nur wiesen, was man will.
992 1308 2846 1481 Kiohard: Glaubet duf lnervde) Was telefeniert
990 1460 1999 1581 sie denn da drin so langt
983 1583 2877 1747 Mathilde1 Das Vernünftigete wäre wohl, du ginget
987 1714 2792 1901 selber ane Belefen,stätt nervde im Zimmer hin
987 1844 1723 2011 und her zu rennen.
983 1965 2853 2143 Richard: Wer sagt dir denn, dase ich nerrde hind
966 2125 2659 2276 Mathilde: Man kann dir ja alles an Gesicht
983 2260 1317 2376 ablesen.
971 2355 2879 2549 Liohardi Kleo, wenn du jetzt irgend etwae anderes
971 2502 2765 2668 in meinem Gesicht lesen kannet, als die Freude
959 2647 2699 2820 wieder einmal mit dir zu plandern, das Glück.
945 2765 2058 2917 dese du überhaupt da biet-
959 2863 2706 3079 Kethilder Ich hab ee gar nicht gern, Richerd.
949 3024 1673 3195 wenn zu se redest.
938 3114 2383 3345 Richerdi Karum denn nicht, Uethilde?
