3208 3688
563 487 926 655 1.6.1830
1601 487 2207 643 S.rt Jhenstb.51
2634 636 2797 767 228
957 702 1537 870 Sechetes Miid.
950 843 2129 1033 Speisezinmer im Hause Fricke.
950 972 2855 1172 Pracident Fricke an Urttagetiach mit seinen Kin-
940 1111 2846 1301 der Relene und Richerd. Schwarzer Kaftee-Pekter
923 1240 1788 1367 Fricke liest Zeitung.
921 1381 2794 1588 Ereherd(trinkt seine Tasre rasch aue und erhebt
906 1518 1440 1674 sichl adzen.
918 1659 2846 1864 Dr. Frickeilvon der Zeltung aufblickendl So elligt
909 1796 2846 1981 Richard: Er iet gleich drei Uhr und ich ordintere
894 1910 2025 2068 Ja heute in Gerolde Wohnung.
894 2020 2802 2232 Fricke: Richtig. Rat der 端berhaupt echen Fraxie?
901 2176 2792 2397 Richard: Jedenfelle hat er ein wirklichee Marte-
887 2314 1194 2414 zimmer.
872 2402 2714 2646 Pricke: Dn reicet, mein Sohn, dese dir der Salon
870 2558 2692 2770 von drei bis f端nf zur Verf端gung steht. Sobald
862 2707 2797 2936 dee halbe tutzend Patienten oder Petientinnen er-
843 2807 2692 3045 reicht ist - ich verspreche ee-dir - solist de
855 2960 1934 3145 deine eigene Wohnung haben.
838 3087 2799 3321 Richerd: Ich f端rchte beinche, das wird noch einige
838 3221 2741 3477 zeit deuern. Ales adten. Aaf Niederschen Rolene.
