3256 3608
2767 492 2920 655 278
1071 507 2918 801 ten air beinahe mein Stück smmpathisch machen.
1076 680 2836 932 Franzi: Sie sind sehr freundlich zu mir. Herr
1080 841 1367 947 vottor.
1053 927 2846 1152 Fr. Kengelitkennt von rechte mit einem Friefl
1046 1073 3021 1318 De sind Roxen in Ihre Gargerobe gekomnen, Praulein
1026 1199 2922 1427 Friesel;der Brief war dabel. Der Hrrr Deglet
1014 1335 2888 1568 hat gewerht, Ich eorr Irergteten Merunter
1016 1474 1375 1612 detagen
1026 1585 2942 1840 Inspiatent:(gibt dem Kiarterspleler eid Zelchen.
1004 1738 2163 1926 derfefort zu splelen aufhört)
1001 1852 2275 2050 (Mili und rr. Kenzel nach rechts)
984 2015 2974 2223 Franzlithet den orief gebfrnet, liest ihn rasch für
957 2146 1199 2270 Dichl
969 2243 2925 2482 dreguletnistritt zu Frenel( We also - er hat eich
957 2379 1713 2532 es doch überlegt-
944 2482 2787 2705 Franzli Sie gleuben doch nicht, dess der srief
940 2631 2787 2866 von iim 1et7 Die Nunen und der Drief, die sind
935 2787 2920 3019 ven ganz nen andern - von einem andern Schuften,
920 2880 1746 3066 von einen graeeeren.
905 3004 2678 3251 Dregulein: Ich kenn nich da nicht recht aus.
