3192 3592
2458 386 2600 521 290
900 558 2188 745 Ansager) Ven vokter Fraun rüfen.
907 633 2565 870 Aneager: Ee iet schen wer um ihn gegangen.
932 798 2719 1024 lndeer dst der Prospekt in die Rohe gegangen.
917 935 2757 1097 so dase also die ganze Szene für den Zuschauer
922 1052 2752 1216 übereehbar ist, Der Vorhang hebt eich wieder.
950 1216 2231 1346 karl Dern: (tritt vor den Vorhang)
947 1296 2836 1478 (Applane veretärkt sich, Karl Dern zurück auf die
940 1478 2016 1672 Ruhne, Vorhang falit wiederl
975 1550 2592 1787 asplzient: Sie müsren noch einmal heraus!
965 1760 1665 1904 ebletn: Aufl Aufl
940 1807 2797 2049 Kerl berni Ja, mas ist denn da xhur geschehent
962 1957 2861 2156 1verhang hebt eich, verztärkter Applane, Karl der
962 2089 2964 2308 nochmele an die Raupe. Der Zuschauerraun iet sieht-
965 2236 2891 2448 var, die welrten Zuechouer stchen setzt,viele ent-
965 2415 1488 2580 fernen sichl.
975 2483 2889 2712 Loblein:lzn den Sohauepielerin) Pitte, meine Herr-
970 2650 2283 2834 echaften, alle noch einnel herausl
992 2749 2799 2949 VVorhang hebt eich langean, Schauppleler treten.
987 2901 2836 3068 wieder noch vorn, Spplaus Haut ab,Vorhang fallt
985 3036 2602 3275 meder recoh, Applaue eistiert voltkonnen)
2139 3255 2904 3440 - ernennen, dass er
