3256 3592
624 391 973 532 18. §. 1930
2419 499 2574 629 274
1041 556 2522 728 Mili, (kommt von rechte, zu Frau Wenzel
1039 662 2753 822 Tr.kenzel: Wer wollen Sio denn da heruntent
1029 761 2744 970 urlii Die Hendeohuh hat der Frauleln Frauzt
1022 900 2461 1067 oben in der Garderobe liegen laezen.
1010 1017 2800 1236 Fretenzel: Machen Sie sich nicht wichtig. Sie
1010 1142 2729 1342 braucht ja gar keine Handschuhe in dem Akt.
987 1279 2781 1465 Hj21: Und grad eind schöne rote Roren für das
987 1413 2638 1601 Fraulein Franzl se de Gerderohe gekdken.
2678 1448 2946 1578 wose
989 1531 2664 1738 Dreguletnistr itt herzul War ist g'schehnt
2722 1717 2972 1804 deem
987 1667 2845 1863 Frau Wenzel: Ke sind Blumen für dae Fraulein in
977 1827 1931 1971 ihre Garderobe gekommen.
961 1919 2249 2122 Pregulein: Iet ein Brief dabeif
947 2044 2708 2268 Hil1: Ich glaub schon, dass einer dabei ist.
940 2202 2694 2395 Tregulein: Ich bitt Sie,Frau Wenzel, bringen
1882 2324 2294 2416 vielleicht
940 2310 2755 2536 Sie ihn herunter, es konntmer Mchtiges eein.
911 2452 1802 2640 Frau Kenzelifrroch abl
900 2579 2793 2777 Dreguletn;(zu 4111) Da konnen Die durchschauen.
918 2708 2499 2937 (weirt ihr einen Piatz an froepekt en.
907 2857 2656 3021 Meit-fecheut durch einen Spalt auf die Zuhnd
902 2941 2777 3182 (dehn in Frack, stwae cherglerte Wacko als lgent
885 3097 1929 3288 verstakz tritt zn Loblein)
