3176 3560
2747 435 2895 603 270
1132 487 2643 716 Franzi: Aleo was wollen Sie denn, Mil1?
1925 638 2295 737 mast isnn
1132 650 2770 885 Wili: Gratulioren het toh notlen, Prandeln
1116 786 1424 890 Franzi.
2227 885 2989 1045 me petotert isuit
1123 913 2820 1123 Tr.Mentiler: Aber um Gottesmillen, vor den
1104 1043 3006 1320 oritren Art. lklopft dreimal auf den Follettol-
1102 1172 1346 1269 tisch)
1770 1252 1916 1363 N
1111 1304 2928 1549 4111: Und von der Mana ausrichten, wie sie sich
1521 1400 2123 1516 het uit uns jetan
1080 1443 2827 1636 freut. Sie mur gern mitgekomnen, der sie ist
1071 1572 1605 1699 so aufgeregt.
1370 1657 1864 1770 die wohe nich nicht
2293 1683 2947 1834 er kein srna ind
1066 1697 2726 1911 kranzl: Ich läst die Mutter schön grüesen.
1379 1791 1763 1885 dis hase jens er
1066 1817 2723 2027 121i Wein, kraufein Franzi, der Schlase vom
1031 1977 2815 2182 zwelten Akt - wie Sie dem Herrn Greger un des
1012 2081 2869 2340 lade gefallen sind,- das mer sa groseartig. Die
1012 2213 2890 2488 leut sind je allet ausger sich. Nur eine Stine
1003 2347 2792 2589 auf der ganzen balerte (Und denken Sie sich
1139 2431 1328 2523 Sen
991 2474 2695 2719 eine hinter uns, die hat sich nicht auereden
979 2606 2662 2832 larren, dasr dieses gar nicht sind, Praulein
998 2723 2335 2937 ranzl, sondern die Frau Roveda.1
960 2857 1612 3027 lingelzeichen)
941 2970 2469 3208 Fr. Mentaler: Seton das sette zeschen.
