3192 3512
2615 476 2790 598 294
1176 499 2713 743 eirt, der Eeschohen ner in Ihrer Hend.
1156 669 2901 875 Frendee Verechulden ist wohl ausgeschloesen.
1174 841 2815 1004 dreguleinifhalt den Brief in der Hand, der
1142 974 2860 1169 ihm abergeben wurde, ebgert, ob er ihn ofren
1147 1090 1391 1231 80111
1142 1197 1756 1346 Lrenrndzer
1126 1296 2926 1555 Deron:(zum Komnizekr) Mae soll geschehen, Herr
1129 1448 1552 1598 Kommies채r?
1110 1595 2869 1797 Kennieckr: Die Leiche ist selbetverst채ndlich
1110 1752 2783 1960 berohlegnehnt. Herr Doktor - -tepricht mit
1108 1849 1575 2015 Ihm weiter)
1133 1981 2858 2176 ovedailkonnt auf die B체hnel Iet er denn reht
1104 2119 2803 2314 (zum Barch hin) Wein innigetes Belleld, Nerr
1101 2244 1335 2368 eren.
1074 2343 2622 2568 daroni Wir haben Rech in dieser Saison.
1076 2491 2903 2724 oredai Der Tod ist ein Klement, gegen das eich
1056 2613 1827 2797 nichte gegen l채est.
1052 2747 2812 2985 Karl Dern:lzu Dreguleial, nach der Bemerkung
1040 2905 2794 3123 des Kenntasarel Teschnanig'schwind geht das!
1042 3010 1403 3177 dernder
