3144 3464
2748 415 2914 602 312
1050 524 2122 747 Dregulein: Gute Nacht. (abl
1062 711 2917 875 Ludwig:(auf Kichard auf, xuuakautxrahxxlaldzx
1067 863 2243 1015 Bahaxx drückt ihm die Hand.)
1081 1003 2559 1136 Hiohard:(Ja, nun ist es doch geschehen.
1065 1100 2748 1252 Ludwig: M Es war ke gewies keine Liebe
1050 1207 2860 1399 mehr,o gewies nicht. Unddochf - Vielleicht hat
1069 1356 2914 1518 sie dich sogar besegr gelieht, ale mich, Aber ich
1769 1480 2597 1553 der ditultetr Kolch
1062 1506 2862 1655 fühle sehr wohl, das teh echid darcn bin. Ihr
1065 1629 2808 1783 Schwur... Für ein Wezen wie 7je - sie war am
1069 1738 2770 1883 ende doch zu stolt,um ihren Schwur nicht zu
1065 1890 2874 2039 halten. Morgen erwarte ich dich. Auf Wiederge-
1710 1997 2416 2165 tie bes sshangt
1069 2020 1458 2172 henl (abl.
1077 2141 2857 2324 Hohardileteht allein, Helene komnt auf ihn zu)
1072 2302 1487 2419 Eichard...
1077 2378 2841 2570 Karl Bernilen Mathilde) in Ihren Handen liegt
1069 2547 2255 2672 jetzt viel - alles vielleicht.
1074 2646 2774 2836 Helene, (zu Richard) Komm, es hat doch keinen
1055 2824 2964 2959 Sinn sich hier - du weiert (ja, wie wir alle dich
1058 2952 1378 3059 lieben.
