3192 3448
754 2173 904 2312 Oe
2646 413 2799 566 318
1027 524 2799 689 ich glaube nein. Das soll kein Trost sein, auch
1011 640 2803 823 keine Groesmut, auch kein Geschenk, faber wenn
1011 793 2873 923 ich in dieser Stunde etwas anderes reden sollte
1011 897 2834 1085 als die reine Wahrheit - das wäre unwürdig und
1009 1023 2759 1190 dumm dazu. Undzwenn du in dieser Stunde mein
997 1157 2785 1333 Herz zurückwiesest, weil du es noch nie so we-
997 1289 2813 1440 nig verdient haet,-ich bringe es dir doch wie-
997 1412 2743 1584 der entgegen, weil du noch nie seiner so sehr
997 1533 1526 1709 bedurft haet.
1491 1651 1813 1732 Ieh iante de
997 1686 2766 1846 Richard: (Nach einer Duege, nach einer Strafe,
990 1799 2813 1971 nach irgend einer Gerechtigkeit sehne ich mich
995 1936 2808 2087 - mehr nach alledem als nach Glück.- Ee stünde
979 2059 2806 2242 nicht andere um mich, auch wenn sie noch lebte.
981 2198 2685 2367 Du fühlet se gut wie lch, dase er das eineig
974 2312 2834 2504 Anständige wäre, wenn ich ein Ende mit mir mach-
967 2444 1111 2583 t0.
962 2560 2752 2748 Kathilder Ich glaube, dese ich dich dann nicht
960 2704 2678 2882 höher achten, aber loh fürchte, daer ich dich
965 2820 2010 2989 dann weniger lieben wurde.
953 2966 2720 3133 Richard: Ich liebe dich nicht. Ich habe auch
