3208 3688
2685 592 2835 774 238
1070 669 2800 858 Helene: (lächelt) Dae ist unlauterer Nettbe-
1070 819 2773 1010 verb, Peter- Und nebetbet - ich bin se nicht
1056 939 2769 1166 gelegterig - Vor allen will ich eine Arbeit
1056 1063 2257 1245 haben, die mir Vergnügen necht.
1053 1211 2845 1452 Fricke:ternethafter, aber mildl Rast du er dir
1032 1333 2248 1493 denn auch gut überlegt, Helener
1032 1450 2826 1715 Helme: Ich rede ntek, bevor ich es wir über-
1015 1586 1440 1727 legt habe.
1003 1713 2816 1980 Fricke: Dokretartn bei
994 1868 2267 2047 eix-Herrn Karl dern.-
982 1973 2157 2162 Helens: Richt der Schlinnete.
989 2126 2845 2348 Pricke: Nar deine Mutter zu all den gesagt hät-
984 2265 1216 2379 te..
960 2382 2802 2618 Refene:(lachendl zu allden - da sprichet wirk-
967 2523 1237 2673 rich-
965 2654 1837 2835 tpringel in Verzinner)
939 2792 2862 3062 Hefene,sharnler! Des dürfte wohl Karl dern sein.
927 2912 2807 3136 Fricke: So - zum Zwecke von Engagementeverhend-
917 3041 1206 3218 Langen.
898 3153 2678 3468 Belese: Er wollte wir die Mllette Areeine
