5059 4631
282 211 734 345 achtendes zu Verelung
906 239 1356 358 The ye 7K wyden.
1145 295 1443 476 Dryedalny.
315 404 1414 578 Frauenarzt und Geburtshelfen.
302 517 1330 728 M. U. Dr Hugo Salus
239 660 1458 817 om. 1. Assistent der deutschen geburtshilflichen Klinik
1204 841 1416 971 Prag,
1060 902 1523 1045 Heinrichsgasse 25.
202 1130 1645 1258 dass die Gesellschaft in welcher Sie sich finden sollen, die denk:
202 1238 1619 1343 bar bette sein soll. Der Verein leidet natürlich stark unter der
226 1330 1599 1445 Concurreux einer autisemitischen Leschalle hier und verdiert
226 1432 1477 1566 es, von dem Leester auxen Zeit gestützt zu werden.
291 1542 1516 1684 Jedem ich die auf das herzlichste grüsse, bin ich Ihr
919 1671 1438 1797 aufrichtig ergebener
1293 1762 1651 1927 Dlugedalung
89 1970 1797 2149 ich habe seit jeher aus den deutschen Reide viel eher ein Echo meiner
96 2114 1768 2240 Perse vernommen, als aus Oesterreich und besonders das Künstlerisch
93 2201 1766 2355 schaffende Oesterreih hat mir selten Anerkennung meines Strebens ge¬
113 2338 1712 2479 zeigt. Umso dankbarer bin ich daher für Ihren gütigen Zu reif, ich
102 2425 1773 2583 werde glücklich sein Ihnen vielleicht wieder begegnen in dürfen und
206 2522 1738 2679 bin – bewnders in diesem Jahre, das mir mein geliebtes Weib,
250 2624 1595 2781 genommen - für echte Freundschaft doppelt verbunden.
1012 2750 1534 2900 Ihr ganz ergebener
1312 2866 1647 3096 Urijo Salus
126 2994 736 3159 Marienbad 8. VIII.1926
76 3250 1799 3413 bend modceere und doch ürmöglich veraltende Komoedie nicht bloss als la=
83 3361 1821 3546 cherde Tragsedie genoßen, sondern auch als Dichting in ihrem beminderns vorher
74 3456 1823 3637 Rechtsgewicht der Ihnen erteilung, in ihrem gegen Ryttmis miterleht habe. Dank,
104 3574 624 3726 wärmte Bewindering!
367 3680 1803 3871 Die Aufführung war in Großen und Ganzen gut. Ein Traund,
65 3767 1773 3932 F der das Stuk in Wien sah. heidtete mir aber, wie glänzend es in
167 3893 1829 4019 Wien dergestellt wurde, wie deutlich jedes Wort dort gehört würde, dagen
165 3997 1821 4154 liessen vele schauspieler es hier fehlen. Als das eine gestern überfülte
165 4086 1790 4256 Kais war in einer berauschten Stimmung und diese Stimmg wird
182 4184 1821 4336 in die ganzen Kultivierten Welt Ihnen D. Bernardi begrifen und be¬
185 4293 1823 4436 glasten! Dank, wdmele hagledsten Dank! Empfelen Sie von Ihrer hoch ver¬
143 4384 1697 4499 dafan gnädige Frau ind. wien da in fris zu Haus begrifet m
2385 3513 3428 3704 Ihr bin mit wiederholten compteren Decke Ihr
3244 3641 3524 3780 tounphine
3532 3706 3765 3913 Myn/ alle
2733 3808 3409 3978 Dr. Hugo Salus
2396 4145 2822 4317 Puyt. Clckonky publ 6
3585 4176 3761 4286 8 iu iqib
