<?xml version="1.0" encoding="UTF-8" standalone="yes"?>
<PcGts xmlns="http://schema.primaresearch.org/PAGE/gts/pagecontent/2013-07-15" xmlns:xsi="http://www.w3.org/2001/XMLSchema-instance" xsi:schemaLocation="http://schema.primaresearch.org/PAGE/gts/pagecontent/2013-07-15 http://schema.primaresearch.org/PAGE/gts/pagecontent/2013-07-15/pagecontent.xsd">
    <Metadata>
        <Creator>prov=READ-COOP:name=TrHtr:version=2.1.0:model_id=51170:date=25_07_2023_23:59</Creator>
        <Created>2023-05-02T07:48:26.119+02:00</Created>
        <LastChange>2023-07-25T23:59:39.127+02:00</LastChange>
        <TranskribusMetadata docId="1416712" pageId="54950792" pageNr="6" tsid="130855513" status="IN_PROGRESS" userId="64420" imgUrl="https://files.transkribus.eu/Get?id=TGFAHMUDDNORXHHYBNLFVKWE&amp;fileType=view" xmlUrl="https://files.transkribus.eu/Get?id=TZQMZSDKMWWDWGBIQRCLZACT" imageId="44454518"/>
    </Metadata>
    <Page imageFilename="1416712_0006.jpg" imageWidth="5816" imageHeight="4713">
        <ReadingOrder>
            <OrderedGroup id="ro_1711828675888" caption="Regions reading order">
                <RegionRefIndexed index="0" regionRef="tr_1"/>
            </OrderedGroup>
        </ReadingOrder>
        <TextRegion id="tr_1" custom="readingOrder {index:0;}">
            <Coords points="184,117 5727,117 5727,4549 184,4549"/>
            <TextLine id="tr_1_tl_1" custom="readingOrder {index:0;}">
                <Coords points="2001,222 2628,115 3229,115 3401,208 3715,201 3731,115 2680,81 2372,93 2248,167 2003,142"/>
                <Baseline points="2016,184 2034,184 2123,184 2213,184 2302,178 2392,178 2481,173 2571,173 2660,167 2750,167 2839,173 2929,167 3018,167 3108,173 3197,173 3287,173 3376,167 3466,173 3555,173 3645,173 3734,173"/>
                <TextEquiv>
                    <Unicode>fis be: dem es ist von keiner Lain Iduispol, er ist</Unicode>
                </TextEquiv>
            </TextLine>
            <TextLine id="tr_1_tl_2" custom="readingOrder {index:1;}">
                <Coords points="2040,310 3073,274 3711,321 3767,206 2040,231"/>
                <Baseline points="2052,280 2141,286 2231,280 2320,280 2410,280 2499,268 2589,262 2678,262 2768,268 2857,262 2947,262 3036,262 3126,268 3215,268 3305,262 3394,268 3484,268 3573,268 3663,268 3752,280 3770,280"/>
                <TextEquiv>
                    <Unicode>Leben, Tatsäderskol, Gegenwart! Und wie die Wien schilden: so ist leider etwas bey. Graz¬</Unicode>
                </TextEquiv>
            </TextLine>
            <TextLine id="tr_1_tl_3" custom="readingOrder {index:2;}">
                <Coords points="190,400 1838,380 1895,371 1897,287 1321,335 911,278 728,337 192,305"/>
                <Baseline points="202,375 292,375 381,381 471,381 560,375 650,375 739,375 829,375 918,369 1008,363 1097,363 1187,363 1276,357 1366,357 1455,351 1545,346 1634,346 1724,346 1813,346 1903,351"/>
                <TextEquiv>
                    <Unicode>Maitcagible doppelt feinfällig! Die bereide is Sie um Pre retuchte opide</Unicode>
                </TextEquiv>
            </TextLine>
            <TextLine id="tr_1_tl_4" custom="readingOrder {index:3;}">
                <Coords points="2051,398 3598,403 3740,382 3740,310 3663,353 3335,292 3046,335 2578,303 2302,366 2051,330"/>
                <Baseline points="2064,375 2153,381 2243,381 2332,381 2422,375 2511,369 2601,363 2690,369 2780,363 2869,363 2959,363 3048,363 3138,369 3227,369 3316,369 3406,369 3495,369 3585,369 3674,369 3746,375"/>
                <TextEquiv>
                    <Unicode>Turbold ging utszalich behußig glaaten, de heim jedes Eor Agicranten hier in der</Unicode>
                </TextEquiv>
            </TextLine>
            <TextLine id="tr_1_tl_5" custom="readingOrder {index:4;}">
                <Coords points="3887,450 4588,470 4690,425 4993,484 5124,430 5479,493 5481,371 5307,314 4859,380 4654,319 4357,380 4163,339 4066,391 3889,382"/>
                <Baseline points="3901,429 3967,429 4056,429 4146,429 4235,429 4325,423 4414,423 4504,417 4593,411 4683,411 4772,411 4862,411 4951,405 5041,405 5130,405 5220,399 5309,405 5399,405 5488,411"/>
                <TextEquiv>
                    <Unicode>setztien. Und wir, The Trager Inchier und feinde, würden sich</Unicode>
                </TextEquiv>
            </TextLine>
            <TextLine id="tr_1_tl_6" custom="readingOrder {index:5;}">
                <Coords points="226,522 1565,461 1804,511 1850,412 1361,371 1228,432 611,400 412,466 228,405"/>
                <Baseline points="238,471 244,471 334,477 423,483 513,483 602,477 692,477 781,477 871,477 960,471 1049,465 1139,459 1228,459 1318,459 1407,453 1497,453 1586,447 1676,453 1765,453 1855,459"/>
                <TextEquiv>
                    <Unicode>Röhe, an Dr Exihlenbehage, die auch auf Poieten bestimmt, indem ich</Unicode>
                </TextEquiv>
            </TextLine>
            <TextLine id="tr_1_tl_7" custom="readingOrder {index:6;}">
                <Coords points="2058,488 3729,491 3729,423 3670,409 3577,455 3184,391 2600,443 2058,403"/>
                <Baseline points="2070,477 2159,471 2249,465 2338,465 2428,465 2517,459 2607,459 2696,453 2786,453 2875,453 2965,453 3054,459 3143,465 3233,465 3322,471 3412,471 3501,471 3591,471 3680,471 3734,477"/>
                <TextEquiv>
                    <Unicode>Fakiltit mit Namen nennen und staat bis jedem Wort, das Jhre "Kalden" spoede</Unicode>
                </TextEquiv>
            </TextLine>
            <TextLine id="tr_1_tl_8" custom="readingOrder {index:7;}">
                <Coords points="3907,595 3941,601 3998,563 4041,581 4100,559 4188,579 4219,563 4253,581 4294,549 4468,590 4593,536 4593,491 4495,470 4466,484 4371,450 4192,457 4136,486 4077,457 4009,500 3982,479 3939,504 3910,493"/>
                <Baseline points="3919,542 3973,542 4062,542 4152,542 4241,536 4331,530 4420,530 4510,524 4599,530"/>
                <TextEquiv>
                    <Unicode>mit Pre-beylahst freien.</Unicode>
                </TextEquiv>
            </TextLine>
            <TextLine id="tr_1_tl_9" custom="readingOrder {index:8;}">
                <Coords points="2065,568 2971,590 3037,549 3188,638 3272,563 3770,588 3770,500 3684,488 3550,534 3426,491 3053,527 2980,477 2065,511"/>
                <Baseline points="2076,560 2165,566 2255,560 2344,554 2434,554 2523,554 2613,554 2702,548 2792,548 2881,548 2970,548 3060,548 3149,554 3239,560 3328,560 3418,560 3507,566 3597,566 3686,566 3776,566"/>
                <TextEquiv>
                    <Unicode>ducher’s mit welcher Sicherheit etc. post dieses Vort, mannigelöst habe: Es ist zum Heinrich</Unicode>
                </TextEquiv>
            </TextLine>
            <TextLine id="tr_1_tl_10" custom="readingOrder {index:9;}">
                <Coords points="235,624 719,633 859,572 1137,629 1293,565 1585,565 1847,633 1875,502 237,534"/>
                <Baseline points="250,578 268,578 357,584 447,584 536,578 626,572 715,572 805,572 894,572 984,572 1073,566 1163,560 1252,560 1342,554 1431,554 1521,560 1610,560 1700,560 1789,560 1879,560"/>
                <TextEquiv>
                    <Unicode>leiten und immer, wieder der hryocher bin, die ein allen: wehleidiges Mitgefähl</Unicode>
                </TextEquiv>
            </TextLine>
            <TextLine id="tr_1_tl_11" custom="readingOrder {index:10;}">
                <Coords points="4217,658 4814,696 4882,663 4968,669 4972,556 4907,554 4866,522 4803,556 4685,525 4622,570 4575,577 4536,547 4452,595 4348,561 4303,586 4219,577"/>
                <Baseline points="4229,656 4259,650 4349,644 4438,638 4528,632 4617,632 4707,626 4796,620 4886,620 4975,620"/>
                <TextEquiv>
                    <Unicode>the bin Ihr egeben’</Unicode>
                </TextEquiv>
            </TextLine>
            <TextLine id="tr_1_tl_12" custom="readingOrder {index:11;}">
                <Coords points="2087,685 3338,649 3711,706 3770,674 3770,595 3521,579 3460,624 3272,561 3184,629 3021,559 2700,629 2331,561 2180,635 2087,608"/>
                <Baseline points="2099,662 2165,662 2255,656 2344,650 2434,650 2523,644 2613,644 2702,644 2792,644 2881,644 2970,650 3060,644 3149,644 3239,644 3328,650 3418,644 3507,650 3597,650 3686,650 3776,656"/>
                <TextEquiv>
                    <Unicode>So wohl für stich mit einer erdiedenden "Aktikalität" und was der Trauripte ist.</Unicode>
                </TextEquiv>
            </TextLine>
            <TextLine id="tr_1_tl_13" custom="readingOrder {index:12;}">
                <Coords points="253,701 493,737 597,692 814,721 1542,660 1836,696 1872,622 1583,568 1420,631 1266,583 1088,638 651,617 592,663 256,667"/>
                <Baseline points="268,686 357,680 447,686 536,686 626,680 715,674 805,668 894,668 984,662 1073,662 1163,662 1252,662 1342,656 1431,656 1521,656 1610,662 1700,662 1789,662 1879,662"/>
                <TextEquiv>
                    <Unicode>mit einer gefriren Helden hat i-d der an der Sprache späterisch herümborselt und</Unicode>
                </TextEquiv>
            </TextLine>
            <TextLine id="tr_1_tl_14" custom="readingOrder {index:13;}">
                <Coords points="2105,760 2682,746 2786,787 2978,739 3758,798 3758,701 3519,663 3175,715 2616,678 2555,724 2105,715"/>
                <Baseline points="2117,751 2207,751 2296,751 2386,745 2475,745 2565,739 2654,739 2744,739 2833,739 2923,739 3012,739 3102,739 3191,745 3281,745 3370,745 3460,751 3549,751 3639,751 3728,757 3764,751"/>
                <TextEquiv>
                    <Unicode>vord leider auch in ländert Jahren in Saturiich aktuell worden! O, wie atrmen.</Unicode>
                </TextEquiv>
            </TextLine>
            <TextLine id="tr_1_tl_15" custom="readingOrder {index:14;}">
                <Coords points="267,787 701,823 882,771 1051,825 1266,767 1486,807 1578,762 1872,780 1872,715 1802,690 1373,742 1110,683 696,755 563,706 409,758 267,699"/>
                <Baseline points="280,775 357,775 447,775 536,781 626,781 715,769 805,763 894,763 984,763 1073,763 1163,757 1252,757 1342,757 1431,757 1521,757 1610,757 1700,757 1789,763 1879,757"/>
                <TextEquiv>
                    <Unicode>darüber die Erzilling als alte vergift. Sie aber stehen ruhig lakend über Pre¬</Unicode>
                </TextEquiv>
            </TextLine>
            <TextLine id="tr_1_tl_16" custom="readingOrder {index:15;}">
                <Coords points="5011,800 5043,800 5086,839 5097,832 5144,855 5237,791 5278,794 5316,771 5370,796 5373,665 5248,622 5151,660 5063,642 5013,615"/>
                <Baseline points="5023,775 5106,775 5196,769 5285,769 5375,769"/>
                <TextEquiv>
                    <Unicode>Ungesalus</Unicode>
                </TextEquiv>
            </TextLine>
            <TextLine id="tr_1_tl_17" custom="readingOrder {index:16;}">
                <Coords points="3964,848 3996,857 4030,834 4104,880 4127,859 4158,864 4208,841 4260,839 4285,819 4301,834 4360,830 4360,787 4301,760 4233,769 4195,755 4106,791 3998,726 3966,724"/>
                <Baseline points="3979,823 4068,829 4158,823 4247,823 4337,823 4366,823"/>
                <TextEquiv>
                    <Unicode>May 1705. W. I.</Unicode>
                </TextEquiv>
            </TextLine>
            <TextLine id="tr_1_tl_18" custom="readingOrder {index:17;}">
                <Coords points="2306,857 2544,895 2971,855 3170,898 3338,859 3722,882 3722,828 3555,776 3139,839 2962,753 2661,823 2546,782 2494,819 2306,798"/>
                <Baseline points="2320,853 2410,859 2499,853 2589,859 2678,853 2768,853 2857,847 2947,847 3036,853 3126,853 3215,859 3305,859 3394,859 3484,859 3573,859 3663,859 3728,865"/>
                <TextEquiv>
                    <Unicode>Dr. drnke Iam in beylobster Bewindeweg zud sol da bitte zum</Unicode>
                </TextEquiv>
            </TextLine>
            <TextLine id="tr_1_tl_19" custom="readingOrder {index:18;}">
                <Coords points="267,882 341,920 1051,871 1465,920 1560,873 1868,884 1888,814 1535,828 1443,773 1180,832 445,807 380,852 269,814"/>
                <Baseline points="280,876 369,876 459,871 548,871 638,871 727,865 817,865 906,865 996,865 1085,859 1175,859 1264,853 1354,859 1443,859 1533,859 1622,859 1712,853 1801,859 1891,859"/>
                <TextEquiv>
                    <Unicode>Figiren, Ihnen ist nichts einwichtig, Sie sind episch! Dep. die Sprabe dabei edel end</Unicode>
                </TextEquiv>
            </TextLine>
            <TextLine id="tr_1_tl_20" custom="readingOrder {index:19;}">
                <Coords points="283,1027 678,970 999,1006 1296,957 1463,1009 1660,954 1899,970 1899,918 1768,900 1420,938 970,882 423,950 285,895"/>
                <Baseline points="298,972 381,972 471,972 560,966 650,966 739,960 829,960 918,960 1008,966 1097,960 1187,954 1276,954 1366,954 1455,960 1545,954 1634,954 1724,948 1813,954 1903,960"/>
                <TextEquiv>
                    <Unicode>vollmalsg bleibt, daß die Natischilderungen der Meister beweinen, auf ich nicht viederholen</Unicode>
                </TextEquiv>
            </TextLine>
            <TextLine id="tr_1_tl_21" custom="readingOrder {index:20;}">
                <Coords points="2141,997 2919,954 3163,995 3288,963 3453,1022 3729,970 3647,889 3019,936 2141,904"/>
                <Baseline points="2153,960 2243,960 2332,960 2422,960 2511,960 2601,960 2690,960 2780,954 2869,954 2959,954 3048,954 3138,960 3227,960 3316,960 3406,960 3495,960 3585,960 3674,960 3734,960"/>
                <TextEquiv>
                    <Unicode>We freindshpt die Kand, ich wieder Sie noch Ihrer verlites für und Ihnen</Unicode>
                </TextEquiv>
            </TextLine>
            <TextLine id="tr_1_tl_22" custom="readingOrder {index:21;}">
                <Coords points="298,1099 739,1058 1572,1094 1868,1065 1868,972 1703,1015 1350,990 975,1038 751,986 606,1047 298,1031"/>
                <Baseline points="310,1073 351,1073 441,1073 530,1067 620,1067 709,1061 799,1055 888,1055 978,1061 1067,1061 1157,1055 1246,1055 1336,1055 1425,1049 1515,1055 1604,1055 1694,1055 1783,1049 1873,1055"/>
                <TextEquiv>
                    <Unicode>dafür bürgt der Jare. Ich darke Ihnen herglicht so den Genicht zud de h.</Unicode>
                </TextEquiv>
            </TextLine>
            <TextLine id="tr_1_tl_23" custom="readingOrder {index:22;}">
                <Coords points="2141,1074 2732,1113 2808,1065 2931,1126 3089,1072 3179,1126 3349,1099 3444,1137 3656,1097 3575,1022 3430,1049 3347,993 2725,1047 2555,981 2501,1033 2139,1011"/>
                <Baseline points="2153,1067 2243,1067 2332,1067 2422,1067 2511,1061 2601,1061 2690,1061 2780,1061 2869,1067 2959,1061 3048,1061 3138,1073 3227,1073 3316,1079 3406,1085 3495,1079 3585,1079 3663,1091"/>
                <TextEquiv>
                    <Unicode>lichen Kindern in Erinnerung zu bringen, und bin ihr ganz ergehener</Unicode>
                </TextEquiv>
            </TextLine>
            <TextLine id="tr_1_tl_24" custom="readingOrder {index:23;}">
                <Coords points="310,1167 432,1212 568,1171 615,1196 803,1167 1217,1174 1217,1137 1135,1106 1099,1131 1072,1103 1038,1124 726,1106 681,1133 570,1108 423,1151 312,1099"/>
                <Baseline points="322,1157 328,1169 417,1169 507,1169 596,1163 686,1163 775,1157 865,1157 954,1151 1044,1151 1133,1151 1222,1151"/>
                <TextEquiv>
                    <Unicode>Rehring und blosbe Ihnen herpfohst verbinden.</Unicode>
                </TextEquiv>
            </TextLine>
            <TextLine id="tr_1_tl_25" custom="readingOrder {index:24;}">
                <Coords points="3372,1237 3412,1232 3494,1262 3573,1232 3607,1232 3625,1219 3654,1230 3652,1167 3589,1144 3534,1101 3444,1137 3394,1103 3369,1108"/>
                <Baseline points="3382,1205 3472,1211 3561,1211 3651,1211 3657,1211"/>
                <TextEquiv>
                    <Unicode>Ungenklei</Unicode>
                </TextEquiv>
            </TextLine>
            <TextLine id="tr_1_tl_26" custom="readingOrder {index:25;}">
                <Coords points="2083,1262 2135,1262 2205,1287 2239,1257 2295,1250 2313,1269 2358,1260 2406,1298 2444,1271 2465,1278 2524,1255 2521,1178 2413,1196 2383,1171 2284,1171 2252,1153 2182,1178 2130,1137 2078,1142"/>
                <Baseline points="2094,1234 2183,1246 2272,1246 2362,1246 2451,1252 2529,1252"/>
                <TextEquiv>
                    <Unicode>TreyF Clakoorkyperk 6</Unicode>
                </TextEquiv>
            </TextLine>
            <TextLine id="tr_1_tl_27" custom="readingOrder {index:26;}">
                <Coords points="565,1260 692,1291 970,1255 1124,1296 1174,1260 1556,1291 1680,1255 1879,1312 1863,1183 1438,1183 1217,1230 1083,1180 565,1212"/>
                <Baseline points="578,1258 632,1258 721,1252 811,1252 900,1252 990,1252 1079,1252 1169,1246 1258,1246 1348,1246 1437,1246 1527,1246 1616,1252 1706,1252 1795,1258 1885,1252"/>
                <TextEquiv>
                    <Unicode>Empfehlen Sie noch bestens Ihnen sch wachsten sein Gemahlin, grüßen</Unicode>
                </TextEquiv>
            </TextLine>
            <TextLine id="tr_1_tl_28" custom="readingOrder {index:27;}">
                <Coords points="2903,1260 2928,1264 2944,1257 2978,1284 3007,1264 3039,1287 3059,1275 3073,1282 3078,1275 3096,1275 3093,1201 3071,1203 3032,1180 3021,1185 3010,1180 3001,1189 2980,1187 2953,1205 2928,1192 2901,1205"/>
                <Baseline points="2917,1252 3006,1252 3096,1258 3102,1258"/>
                <TextEquiv>
                    <Unicode>2. XII. 1912</Unicode>
                </TextEquiv>
            </TextLine>
            <TextLine id="tr_1_tl_29" custom="readingOrder {index:28;}">
                <Coords points="310,1368 904,1339 1040,1370 1185,1332 1275,1379 1524,1345 1635,1382 1694,1359 1694,1280 310,1300"/>
                <Baseline points="322,1342 411,1354 501,1348 590,1348 680,1348 769,1342 859,1342 948,1336 1038,1336 1127,1336 1217,1330 1306,1336 1396,1342 1485,1342 1574,1348 1664,1342 1700,1342"/>
                <TextEquiv>
                    <Unicode>sie Ihre lieben haben und kann die, von frei zu Haus geprüßt</Unicode>
                </TextEquiv>
            </TextLine>
            <TextLine id="tr_1_tl_30" custom="readingOrder {index:29;}">
                <Coords points="2141,1449 2729,1413 2867,1461 3118,1420 3254,1465 3329,1431 3329,1382 3193,1336 3078,1382 2824,1343 2424,1391 2141,1373"/>
                <Baseline points="2153,1419 2171,1419 2261,1425 2350,1425 2440,1425 2529,1419 2618,1419 2708,1413 2797,1407 2887,1413 2976,1413 3066,1407 3155,1407 3245,1407 3334,1401"/>
                <TextEquiv>
                    <Unicode>hergesetzt und bin - mit besten Empfehlungen meiner l. Frau -</Unicode>
                </TextEquiv>
            </TextLine>
            <TextLine id="tr_1_tl_31" custom="readingOrder {index:30;}">
                <Coords points="1698,1454 1714,1447 1752,1463 1798,1443 1825,1456 1847,1456 1861,1443 1911,1456 1947,1449 1931,1266 1827,1343 1721,1336 1710,1348 1689,1348"/>
                <Baseline points="1706,1407 1795,1413 1885,1419 1950,1431"/>
                <TextEquiv>
                    <Unicode>Wm Schön</Unicode>
                </TextEquiv>
            </TextLine>
            <TextLine id="tr_1_tl_32" custom="readingOrder {index:31;}">
                <Coords points="595,1438 674,1470 724,1438 843,1440 891,1472 1526,1463 1526,1379 1465,1366 1201,1370 1124,1400 970,1368 916,1406 880,1382 810,1400 746,1350 683,1397 595,1393"/>
                <Baseline points="608,1437 638,1431 727,1437 817,1437 906,1437 996,1431 1085,1431 1175,1425 1264,1425 1354,1425 1443,1425 1533,1425"/>
                <TextEquiv>
                    <Unicode>Pryb Clikookypuk 6    von Ihrem eychenam</Unicode>
                </TextEquiv>
            </TextLine>
            <TextLine id="tr_1_tl_33" custom="readingOrder {index:32;}">
                <Coords points="172,1449 215,1465 269,1456 285,1463 328,1449 366,1472 384,1454 423,1459 423,1386 355,1370 328,1397 172,1404"/>
                <Baseline points="184,1449 274,1449 363,1449 429,1449"/>
                <TextEquiv>
                    <Unicode>21. Mai 1915</Unicode>
                </TextEquiv>
            </TextLine>
            <TextLine id="tr_1_tl_34" custom="readingOrder {index:33;}">
                <Coords points="2870,1544 2917,1565 3044,1533 3114,1563 3141,1540 3231,1547 3274,1515 3347,1560 3367,1540 3446,1538 3448,1488 3372,1495 3335,1474 3270,1497 3204,1461 3087,1488 3055,1465 2924,1472 2872,1452"/>
                <Baseline points="2881,1533 2917,1527 3006,1527 3096,1527 3185,1521 3275,1515 3364,1515 3454,1521"/>
                <TextEquiv>
                    <Unicode>for teiluchos voll</Unicode>
                </TextEquiv>
            </TextLine>
            <TextLine id="tr_1_tl_35" custom="readingOrder {index:34;}">
                <Coords points="486,1676 500,1673 520,1685 565,1648 620,1694 654,1682 660,1551 572,1553 536,1540 507,1563 493,1558"/>
                <Baseline points="501,1646 572,1646 662,1640"/>
                <TextEquiv>
                    <Unicode>1</Unicode>
                </TextEquiv>
            </TextLine>
            <TextLine id="tr_1_tl_36" custom="readingOrder {index:35;}">
                <Coords points="190,1777 258,1771 278,1789 308,1789 369,1766 409,1782 430,1553 380,1547 344,1556 323,1538 292,1549 276,1531 231,1551 210,1549"/>
                <Baseline points="208,1706 244,1694 334,1688 423,1682"/>
                <TextEquiv>
                    <Unicode>I</Unicode>
                </TextEquiv>
            </TextLine>
            <TextLine id="tr_1_tl_37" custom="readingOrder {index:36;}">
                <Coords points="3367,1710 3435,1737 3462,1730 3480,1746 3509,1721 3537,1728 3616,1691 3643,1707 3645,1637 3571,1624 3512,1563 3469,1592 3453,1581 3426,1587 3369,1574"/>
                <Baseline points="3382,1688 3472,1688 3561,1682 3651,1688"/>
                <TextEquiv>
                    <Unicode>Kopfelin</Unicode>
                </TextEquiv>
            </TextLine>
            <TextLine id="tr_1_tl_38" custom="readingOrder {index:37;}">
                <Coords points="464,1762 507,1746 522,1755 547,1734 563,1743 579,1737 613,1759 620,1752 638,1766 654,1764 651,1685 624,1694 586,1669 565,1685 543,1664 520,1685 504,1680 497,1685 491,1678 479,1687 461,1685"/>
                <Baseline points="477,1736 566,1736 656,1742"/>
                <TextEquiv>
                    <Unicode>- 1</Unicode>
                </TextEquiv>
            </TextLine>
            <TextLine id="tr_1_tl_39" custom="readingOrder {index:38;}">
                <Coords points="335,1866 360,1879 375,1872 421,1879 459,1852 473,1859 509,1845 531,1877 547,1881 563,1762 520,1768 468,1809 432,1816 407,1809 380,1827 369,1818 339,1823"/>
                <Baseline points="346,1861 381,1861 471,1843 560,1837"/>
                <TextEquiv>
                    <Unicode>FJ</Unicode>
                </TextEquiv>
            </TextLine>
            <TextLine id="tr_1_tl_40" custom="readingOrder {index:39;}">
                <Coords points="601,1942 658,1936 724,1970 751,1967 769,1985 794,1972 898,2010 927,2001 929,1795 859,1807 764,1866 674,1893 654,1877 601,1893"/>
                <Baseline points="614,1926 703,1932 793,1926 882,1926 930,1926"/>
                <TextEquiv>
                    <Unicode>Läänistä</Unicode>
                </TextEquiv>
            </TextLine>
            <TextLine id="tr_1_tl_41" custom="readingOrder {index:40;}">
                <Coords points="4565,2022 4599,2033 4744,1994 4801,2019 4927,1985 5031,2010 5038,1936 4959,1908 4911,1929 4871,1911 4801,1929 4735,1906 4622,1942 4572,1938"/>
                <Baseline points="4581,1998 4593,1998 4683,1992 4772,1986 4862,1974 4951,1968 5041,1968"/>
                <TextEquiv>
                    <Unicode>DR. HUGO SALUS</Unicode>
                </TextEquiv>
            </TextLine>
            <TextLine id="tr_1_tl_42" custom="readingOrder {index:41;}">
                <Coords points="337,2024 405,2035 421,2022 441,2037 461,2028 479,2044 502,2040 518,2055 540,2042 527,1915 484,1924 441,1897 393,1908 366,1927 323,1915"/>
                <Baseline points="346,2004 435,2004 524,2022 542,2022"/>
                <TextEquiv>
                    <Unicode>L. I.</Unicode>
                </TextEquiv>
            </TextLine>
            <TextLine id="tr_1_tl_43" custom="readingOrder {index:42;}">
                <Coords points="4154,2191 4251,2157 4484,2184 4660,2126 4984,2141 5065,2098 5171,2139 5474,2096 5520,2128 5556,2019 5481,1992 5248,2065 5095,2008 4977,2069 4823,2024 4672,2062 4586,2031 4513,2080 4161,2071"/>
                <Baseline points="4170,2141 4217,2147 4307,2141 4396,2135 4486,2129 4575,2123 4665,2117 4754,2111 4844,2105 4933,2099 5023,2094 5112,2088 5202,2088 5291,2088 5381,2082 5470,2076 5560,2070"/>
                <TextEquiv>
                    <Unicode>freut sich herzlich über die Entscheidung des Gillparzerpreis-caratois,</Unicode>
                </TextEquiv>
            </TextLine>
            <TextLine id="tr_1_tl_44" custom="readingOrder {index:43;}">
                <Coords points="3582,2184 3656,2157 3704,2175 3731,2200 3779,2191 3770,2076 3724,2096 3706,2083 3681,2094 3672,2087 3665,2096 3645,2080 3629,2087 3604,2071 3575,2076"/>
                <Baseline points="3591,2141 3680,2141 3770,2153 3782,2153"/>
                <TextEquiv>
                    <Unicode>10.IX.1911</Unicode>
                </TextEquiv>
            </TextLine>
            <TextLine id="tr_1_tl_45" custom="readingOrder {index:44;}">
                <Coords points="4158,2257 4932,2250 5070,2200 5169,2245 5287,2184 5477,2180 5479,2123 5119,2112 4943,2162 4760,2137 4161,2198"/>
                <Baseline points="4170,2237 4211,2243 4301,2243 4390,2231 4480,2231 4569,2225 4659,2225 4748,2219 4838,2219 4927,2207 5017,2201 5106,2201 5200,2203 5249,2189 5339,2177 5428,2171 5482,2171"/>
                <TextEquiv>
                    <Unicode>uns und bittet die, hochverchete Kerr, die besten Rückwünsche</Unicode>
                </TextEquiv>
            </TextLine>
            <TextLine id="tr_1_tl_46" custom="readingOrder {index:45;}">
                <Coords points="615,2252 640,2259 667,2241 681,2241 687,2248 694,2243 717,2254 751,2236 758,2243 771,2241 771,2155 755,2155 712,2123 690,2135 649,2098 642,2105 615,2101"/>
                <Baseline points="628,2223 721,2219 775,2225"/>
                <TextEquiv>
                    <Unicode>P.D.</Unicode>
                </TextEquiv>
            </TextLine>
            <TextLine id="tr_1_tl_47" custom="readingOrder {index:46;}">
                <Coords points="2207,2243 2243,2241 2322,2275 2347,2250 2361,2257 2388,2234 2410,2243 2435,2225 2483,2234 2553,2284 2623,2227 2648,2227 2650,2159 2621,2146 2578,2169 2505,2132 2447,2153 2410,2146 2379,2119 2302,2164 2245,2141 2209,2144"/>
                <Baseline points="2219,2219 2308,2225 2398,2225 2487,2219 2577,2219 2654,2219"/>
                <TextEquiv>
                    <Unicode>Clay II Clakouskyrack 6</Unicode>
                </TextEquiv>
            </TextLine>
            <TextLine id="tr_1_tl_48" custom="readingOrder {index:47;}">
                <Coords points="5246,2264 5294,2257 5330,2275 5366,2254 5398,2261 5418,2252 5434,2259 5454,2254 5452,2182 5432,2189 5418,2182 5391,2187 5382,2196 5368,2189 5357,2200 5330,2182 5285,2182 5260,2205 5244,2205"/>
                <Baseline points="5257,2223 5351,2231 5440,2231 5458,2231"/>
                <TextEquiv>
                    <Unicode>17.2.11/8</Unicode>
                </TextEquiv>
            </TextLine>
            <TextLine id="tr_1_tl_49" custom="readingOrder {index:48;}">
                <Coords points="4167,2372 4190,2363 4256,2388 4292,2363 4348,2349 4364,2358 4389,2343 4513,2354 4516,2284 4495,2291 4448,2270 4425,2279 4409,2261 4366,2284 4346,2266 4296,2286 4272,2282 4251,2261 4172,2282"/>
                <Baseline points="4182,2320 4253,2320 4343,2314 4432,2308 4522,2308"/>
                <TextEquiv>
                    <Unicode>entgegen zu nehmen.</Unicode>
                </TextEquiv>
            </TextLine>
            <TextLine id="tr_1_tl_50" custom="readingOrder {index:49;}">
                <Coords points="473,2483 525,2458 543,2467 590,2435 647,2449 717,2417 748,2438 800,2408 841,2442 882,2451 898,2288 852,2270 805,2293 748,2275 712,2291 647,2266 604,2300 491,2297"/>
                <Baseline points="489,2434 536,2428 626,2422 715,2416 805,2404 894,2392"/>
                <TextEquiv>
                    <Unicode>14/13</Unicode>
                </TextEquiv>
            </TextLine>
            <TextLine id="tr_1_tl_51" custom="readingOrder {index:50;}">
                <Coords points="2087,2623 2316,2664 2451,2612 2578,2657 2648,2605 3182,2659 3627,2596 3819,2628 3819,2560 3684,2530 3476,2578 3374,2528 2998,2524 2865,2585 2087,2535"/>
                <Baseline points="2099,2613 2189,2613 2278,2613 2368,2607 2457,2613 2547,2613 2636,2607 2726,2607 2815,2601 2905,2607 2994,2601 3084,2601 3173,2601 3263,2601 3352,2601 3442,2601 3531,2601 3621,2607 3710,2607 3800,2613 3824,2618"/>
                <TextEquiv>
                    <Unicode>erbat, daß ich Sie mit meinem Manuscript belästigte, werden Sie ein</Unicode>
                </TextEquiv>
            </TextLine>
            <TextLine id="tr_1_tl_52" custom="readingOrder {index:51;}">
                <Coords points="4122,2664 4149,2664 4163,2650 4190,2666 4226,2655 4247,2661 4296,2646 4312,2650 4326,2641 4360,2646 4360,2582 4314,2591 4281,2578 4231,2607 4199,2594 4186,2603 4177,2594 4161,2600 4122,2591"/>
                <Baseline points="4134,2636 4223,2642 4313,2636 4366,2642"/>
                <TextEquiv>
                    <Unicode>le dernier</Unicode>
                </TextEquiv>
            </TextLine>
            <TextLine id="tr_1_tl_53" custom="readingOrder {index:52;}">
                <Coords points="2098,2743 3324,2720 3528,2779 3794,2716 3794,2664 3661,2680 3595,2623 3154,2682 2811,2646 2698,2693 2098,2643"/>
                <Baseline points="2111,2714 2201,2708 2290,2708 2380,2714 2469,2708 2559,2708 2648,2708 2738,2708 2827,2708 2917,2708 3006,2708 3096,2708 3185,2708 3275,2702 3364,2708 3454,2708 3543,2708 3633,2708 3722,2708 3800,2714"/>
                <TextEquiv>
                    <Unicode>Mensch ohne Cose, mir nicht nachtragen. Und ich hoffe sie sicher</Unicode>
                </TextEquiv>
            </TextLine>
            <TextLine id="tr_1_tl_54" custom="readingOrder {index:53;}">
                <Coords points="3919,2781 5631,2752 5633,2643 5285,2621 5190,2686 4789,2650 4409,2720 4247,2664 4109,2736 3921,2673"/>
                <Baseline points="3931,2756 3937,2750 4026,2750 4116,2750 4205,2744 4295,2744 4384,2744 4474,2750 4563,2744 4653,2738 4742,2738 4832,2732 4921,2732 5011,2726 5100,2726 5190,2726 5279,2720 5369,2726 5458,2726 5548,2720 5637,2720"/>
                <TextEquiv>
                    <Unicode>betras von 40 Kronen enier armen Rittwe gebe, die es dringend braucht</Unicode>
                </TextEquiv>
            </TextLine>
            <TextLine id="tr_1_tl_55" custom="readingOrder {index:54;}">
                <Coords points="2135,2888 2322,2840 2505,2870 2578,2827 3455,2854 3580,2842 3580,2797 3351,2732 3177,2795 3098,2754 2964,2799 2727,2745 2456,2804 2291,2768 2135,2802"/>
                <Baseline points="2147,2821 2237,2821 2326,2821 2416,2821 2505,2821 2595,2821 2684,2821 2774,2821 2863,2821 2953,2821 3042,2815 3132,2815 3221,2815 3311,2815 3400,2821 3490,2821 3579,2827 3585,2827"/>
                <TextEquiv>
                    <Unicode>mit meinem nächsten Gedichtbude wieder zurückzuerohan.</Unicode>
                </TextEquiv>
            </TextLine>
            <TextLine id="tr_1_tl_56" custom="readingOrder {index:55;}">
                <Coords points="3926,2888 4660,2894 5101,2836 5477,2876 5612,2863 5612,2763 5413,2790 5208,2734 4830,2813 4450,2781 4342,2833 4267,2779 4054,2824 3926,2777"/>
                <Baseline points="3937,2857 4009,2845 4098,2845 4188,2851 4277,2845 4366,2851 4456,2851 4545,2845 4635,2845 4724,2839 4814,2833 4903,2833 4993,2833 5082,2833 5172,2833 5261,2833 5351,2833 5440,2833 5530,2833 5619,2833"/>
                <TextEquiv>
                    <Unicode>I. Sie lesen sich mit jeder Zeile in The Dankharkeit hinein and</Unicode>
                </TextEquiv>
            </TextLine>
            <TextLine id="tr_1_tl_57" custom="readingOrder {index:56;}">
                <Coords points="360,2931 1106,2874 1323,2940 1492,2888 1592,2935 1974,2928 1972,2849 1676,2802 1483,2851 1189,2799 1002,2860 746,2788 357,2806"/>
                <Baseline points="369,2863 459,2863 548,2869 638,2875 727,2875 817,2875 906,2875 996,2875 1085,2875 1175,2875 1264,2875 1354,2881 1443,2881 1533,2881 1622,2881 1712,2887 1801,2887 1891,2887 1980,2899"/>
                <TextEquiv>
                    <Unicode>feindschaftlichen Puhnackt - und Neujedes grüßt auß herzlichte; und</Unicode>
                </TextEquiv>
            </TextLine>
            <TextLine id="tr_1_tl_58" custom="readingOrder {index:57;}">
                <Coords points="3959,2978 4529,2953 4855,3014 4993,2946 5149,3003 5330,2960 5540,2998 5692,2967 5692,2881 5513,2842 5208,2894 5034,2842 4568,2910 3959,2890"/>
                <Baseline points="3973,2953 4062,2953 4152,2953 4241,2953 4331,2953 4420,2947 4510,2947 4599,2947 4689,2947 4778,2947 4868,2941 4957,2941 5047,2941 5136,2941 5226,2947 5315,2947 5405,2947 5494,2953 5584,2953 5673,2959 5697,2959"/>
                <TextEquiv>
                    <Unicode>mir thür Sie damit eine Gefälligkeit. Angeduldig müßen die beim</Unicode>
                </TextEquiv>
            </TextLine>
            <TextLine id="tr_1_tl_59" custom="readingOrder {index:58;}">
                <Coords points="2331,2983 2598,2998 2777,2953 2865,2994 3084,2951 3206,3001 3342,2978 3457,3041 3550,3019 3548,2879 3442,2851 3353,2924 3234,2876 3136,2935 2922,2885 2714,2912 2646,2870 2521,2908 2329,2856"/>
                <Baseline points="2344,2947 2434,2959 2523,2959 2613,2959 2702,2959 2792,2953 2881,2959 2970,2953 3060,2947 3149,2953 3239,2959 3328,2959 3418,2970 3507,2965 3555,2970"/>
                <TextEquiv>
                    <Unicode>Godmals besten Dank und bürgliche Grüße</Unicode>
                </TextEquiv>
            </TextLine>
            <TextLine id="tr_1_tl_60" custom="readingOrder {index:59;}">
                <Coords points="380,2971 726,3035 859,2989 968,3037 1101,2994 1183,3037 1253,2987 2008,3017 2006,2964 1730,2912 1664,2971 1357,2926 1273,2967 1183,2919 798,2955 518,2901 380,2946"/>
                <Baseline points="393,2970 483,2970 572,2970 662,2982 751,2976 841,2982 930,2988 1020,2982 1109,2982 1199,2982 1288,2988 1378,2988 1467,2994 1557,2994 1646,2994 1736,3000 1825,3000 1915,3000 2004,3006 2010,3006"/>
                <TextEquiv>
                    <Unicode>der bitte Sie, Ihrer sonig verworten sein und der lieben Kindern wäre</Unicode>
                </TextEquiv>
            </TextLine>
            <TextLine id="tr_1_tl_61" custom="readingOrder {index:60;}">
                <Coords points="3923,3148 4030,3084 4238,3111 4373,3062 5061,3064 5156,3114 5703,3069 5703,3001 5452,2976 3926,3019"/>
                <Baseline points="3937,3066 4009,3066 4098,3072 4188,3066 4277,3060 4366,3060 4456,3060 4545,3060 4635,3054 4724,3060 4814,3054 4903,3054 4993,3054 5082,3054 5172,3054 5261,3048 5351,3048 5440,3048 5530,3048 5619,3048 5709,3060"/>
                <TextEquiv>
                    <Unicode>Lesen hoffentlich nicht werden, das Manuscript liegt seit mindesten</Unicode>
                </TextEquiv>
            </TextLine>
            <TextLine id="tr_1_tl_62" custom="readingOrder {index:61;}">
                <Coords points="3211,3123 3229,3125 3249,3105 3270,3121 3286,3107 3353,3100 3408,3134 3466,3125 3509,3139 3543,3118 3541,3050 3494,3055 3466,3039 3451,3048 3392,3023 3344,3046 3270,2985 3204,2992"/>
                <Baseline points="3221,3084 3311,3084 3400,3090 3490,3096 3549,3102"/>
                <TextEquiv>
                    <Unicode>This yelem</Unicode>
                </TextEquiv>
            </TextLine>
            <TextLine id="tr_1_tl_63" custom="readingOrder {index:62;}">
                <Coords points="396,3130 800,3098 1621,3182 1669,3139 2013,3166 1954,3062 1553,3048 1395,3096 1287,3037 1029,3082 816,3021 393,3048"/>
                <Baseline points="405,3096 495,3090 584,3090 674,3090 763,3096 853,3096 942,3102 1032,3108 1121,3108 1211,3108 1300,3114 1390,3114 1479,3114 1569,3120 1658,3120 1747,3126 1837,3132 1926,3138 2016,3138"/>
                <TextEquiv>
                    <Unicode>lasten Grüße und Dännte zu übermitteln; als hoffe bestimmt, daß</Unicode>
                </TextEquiv>
            </TextLine>
            <TextLine id="tr_1_tl_64" custom="readingOrder {index:63;}">
                <Coords points="3978,3211 4489,3170 4665,3229 5298,3152 5438,3202 5685,3161 5687,3098 5205,3078 4891,3139 4615,3075 4269,3152 3980,3105"/>
                <Baseline points="3991,3173 4080,3173 4170,3173 4259,3173 4349,3167 4438,3161 4528,3161 4617,3167 4707,3161 4796,3155 4886,3161 4975,3155 5064,3155 5154,3155 5243,3149 5333,3149 5422,3143 5512,3143 5601,3149 5691,3155"/>
                <TextEquiv>
                    <Unicode>einem Jahre in meinem schreibliche und ich eile wirklich nicht</Unicode>
                </TextEquiv>
            </TextLine>
            <TextLine id="tr_1_tl_65" custom="readingOrder {index:64;}">
                <Coords points="416,3243 753,3218 1081,3304 1246,3240 1574,3245 1705,3315 2046,3279 2031,3186 1217,3209 787,3139 726,3193 414,3191"/>
                <Baseline points="429,3215 519,3215 608,3215 698,3215 787,3215 876,3221 966,3227 1055,3233 1145,3227 1234,3227 1324,3227 1413,3233 1503,3239 1592,3239 1682,3245 1771,3251 1861,3251 1950,3257 2040,3263 2052,3263"/>
                <TextEquiv>
                    <Unicode>wir uns in kommenden Jahre irgendwo wiedertreffen, damit wird</Unicode>
                </TextEquiv>
            </TextLine>
            <TextLine id="tr_1_tl_66" custom="readingOrder {index:65;}">
                <Coords points="3910,3358 4048,3295 4134,3342 4305,3281 4737,3270 4934,3320 5488,3272 5644,3320 5644,3222 5380,3245 5273,3182 4970,3256 4853,3191 4627,3243 4520,3186 4342,3249 3912,3238"/>
                <Baseline points="3925,3281 3949,3281 4038,3287 4128,3281 4217,3281 4307,3281 4396,3275 4486,3269 4575,3269 4665,3275 4754,3269 4844,3275 4933,3275 5023,3275 5112,3269 5202,3269 5291,3269 5381,3269 5470,3269 5560,3269 5649,3269"/>
                <TextEquiv>
                    <Unicode>7/7 eine Antwort 75 bekommen. Ich pflege mir im Sommer weniger</Unicode>
                </TextEquiv>
            </TextLine>
            <TextLine id="tr_1_tl_67" custom="readingOrder {index:66;}">
                <Coords points="2171,3286 2193,3295 2202,3290 2232,3310 2286,3310 2322,3335 2356,3326 2395,3335 2395,3247 2345,3229 2322,3240 2293,3229 2282,3236 2214,3204 2198,3215 2169,3213"/>
                <Baseline points="2183,3275 2272,3287 2362,3281 2398,3281"/>
                <TextEquiv>
                    <Unicode>31. T. 1202</Unicode>
                </TextEquiv>
            </TextLine>
            <TextLine id="tr_1_tl_68" custom="readingOrder {index:67;}">
                <Coords points="3426,3349 3505,3338 3561,3313 3623,3338 3654,3322 3679,3342 3706,3344 3706,3175 3670,3163 3607,3188 3577,3170 3482,3215 3451,3247 3426,3238"/>
                <Baseline points="3439,3299 3531,3293 3621,3293 3710,3299"/>
                <TextEquiv>
                    <Unicode>Salm</Unicode>
                </TextEquiv>
            </TextLine>
            <TextLine id="tr_1_tl_69" custom="readingOrder {index:68;}">
                <Coords points="416,3340 479,3369 547,3333 730,3344 864,3387 1255,3347 1422,3417 1676,3351 1653,3263 1413,3331 1253,3245 1097,3331 871,3270 712,3313 651,3281 414,3306"/>
                <Baseline points="429,3328 519,3334 608,3334 698,3334 787,3334 876,3334 966,3340 1055,3346 1145,3346 1234,3340 1324,3346 1413,3346 1503,3346 1592,3346 1682,3352"/>
                <TextEquiv>
                    <Unicode>eine neue Neupheswünsche in Erfüllung gehen!</Unicode>
                </TextEquiv>
            </TextLine>
            <TextLine id="tr_1_tl_70" custom="readingOrder {index:69;}">
                <Coords points="3973,3426 4536,3381 4780,3428 5129,3367 5606,3412 5662,3401 5664,3322 5436,3281 5006,3356 4604,3297 4461,3349 3975,3331"/>
                <Baseline points="3985,3388 4056,3394 4146,3394 4235,3394 4325,3388 4414,3388 4504,3382 4593,3376 4683,3376 4772,3376 4862,3376 4951,3370 5041,3370 5130,3364 5220,3370 5309,3364 5399,3364 5488,3364 5578,3370 5667,3382"/>
                <TextEquiv>
                    <Unicode>durch die Praxis in Anspinde genommen zu sein und da mache</Unicode>
                </TextEquiv>
            </TextLine>
            <TextLine id="tr_1_tl_71" custom="readingOrder {index:70;}">
                <Coords points="3991,3532 4538,3498 4749,3539 5049,3471 5655,3532 5655,3453 5547,3403 5214,3428 5070,3383 4982,3442 4701,3405 4507,3460 4403,3403 4219,3485 3991,3433"/>
                <Baseline points="4003,3501 4050,3495 4140,3495 4229,3501 4319,3501 4408,3490 4498,3490 4587,3484 4677,3484 4766,3484 4856,3478 4945,3472 5035,3472 5124,3472 5214,3472 5303,3472 5393,3478 5482,3478 5572,3478 5661,3478"/>
                <TextEquiv>
                    <Unicode>ich mich gern hinter eine großere Arbeit. Pielleicht kann ich übriges</Unicode>
                </TextEquiv>
            </TextLine>
            <TextLine id="tr_1_tl_72" custom="readingOrder {index:71;}">
                <Coords points="798,3480 1092,3516 1391,3482 1590,3550 1795,3496 1795,3403 1648,3392 1578,3453 1422,3466 1241,3442 1162,3381 970,3439 798,3372"/>
                <Baseline points="811,3478 900,3484 990,3484 1079,3484 1169,3484 1258,3484 1348,3478 1437,3484 1527,3484 1616,3490 1706,3490 1795,3490 1801,3490"/>
                <TextEquiv>
                    <Unicode>(wbe, reiche Ernte im nein Juhc</Unicode>
                </TextEquiv>
            </TextLine>
            <TextLine id="tr_1_tl_73" custom="readingOrder {index:72;}">
                <Coords points="3930,3616 5716,3611 5716,3537 5540,3498 5404,3557 5217,3485 4466,3561 4204,3509 4113,3580 3930,3537"/>
                <Baseline points="3943,3609 4020,3591 4110,3597 4199,3597 4289,3597 4378,3591 4468,3591 4557,3591 4647,3591 4736,3585 4826,3585 4915,3579 5005,3573 5094,3579 5184,3579 5273,3585 5363,3585 5452,3585 5542,3585 5631,3585 5721,3591"/>
                <TextEquiv>
                    <Unicode>in näderten Monate einen Augublick bei Ihnen voropreden, eine Salientia</Unicode>
                </TextEquiv>
            </TextLine>
            <TextLine id="tr_1_tl_74" custom="readingOrder {index:73;}">
                <Coords points="375,3634 669,3636 739,3690 1395,3634 1651,3686 1789,3643 1789,3593 1282,3546 1162,3607 1002,3539 862,3584 719,3546 658,3602 534,3539 373,3537"/>
                <Baseline points="387,3615 477,3615 566,3621 656,3627 745,3633 835,3633 924,3633 1014,3633 1103,3633 1193,3627 1282,3627 1372,3633 1461,3633 1551,3639 1640,3639 1730,3639 1795,3645"/>
                <TextEquiv>
                    <Unicode>Alles Ihöre von Haus zu Haus!  Mr herstahdt ergebener</Unicode>
                </TextEquiv>
            </TextLine>
            <TextLine id="tr_1_tl_75" custom="readingOrder {index:74;}">
                <Coords points="3907,3704 5721,3711 5721,3604 5468,3650 5212,3589 5086,3650 4742,3607 4631,3650 4507,3598 4376,3656 3907,3632"/>
                <Baseline points="3919,3698 3937,3692 4026,3686 4116,3686 4205,3686 4295,3686 4384,3680 4474,3686 4563,3680 4653,3680 4742,3674 4832,3674 4921,3674 5011,3668 5100,3674 5190,3668 5279,3674 5369,3680 5458,3680 5548,3680 5637,3680 5727,3686"/>
                <TextEquiv>
                    <Unicode>6t will ich von meinem feinde Gersinn operieren lassen und wünst mich dabei</Unicode>
                </TextEquiv>
            </TextLine>
            <TextLine id="tr_1_tl_76" custom="readingOrder {index:75;}">
                <Coords points="3030,3772 3136,3806 3202,3776 3256,3794 3299,3760 3344,3788 3505,3760 3668,3806 3668,3641 3650,3636 3582,3661 3460,3645 3333,3686 3236,3661 3182,3695 3030,3672"/>
                <Baseline points="3042,3734 3132,3740 3221,3740 3311,3734 3400,3734 3490,3734 3579,3734 3668,3734 3674,3734"/>
                <TextEquiv>
                    <Unicode>They, Hinridsgane 25. 30/17 mit</Unicode>
                </TextEquiv>
            </TextLine>
            <TextLine id="tr_1_tl_77" custom="readingOrder {index:76;}">
                <Coords points="3953,3815 5413,3772 5513,3819 5671,3776 5673,3697 4893,3677 4753,3733 4362,3690 4113,3747 3957,3704"/>
                <Baseline points="3967,3764 3979,3764 4068,3770 4158,3770 4247,3770 4337,3770 4426,3764 4516,3764 4605,3758 4695,3752 4784,3746 4874,3746 4963,3746 5053,3746 5142,3740 5232,3740 5321,3740 5411,3740 5500,3740 5589,3734 5679,3734"/>
                <TextEquiv>
                    <Unicode>Wenn sie sid’s nie nicht vorher übelegt! Trotzen Dank aus Greifs von nein</Unicode>
                </TextEquiv>
            </TextLine>
            <TextLine id="tr_1_tl_78" custom="readingOrder {index:77;}">
                <Coords points="2273,3799 2325,3812 2440,3801 2463,3822 2546,3774 2569,3794 2695,3783 2698,3711 2675,3720 2614,3704 2587,3720 2557,3704 2501,3713 2463,3695 2429,3720 2406,3711 2365,3727 2311,3693 2275,3693"/>
                <Baseline points="2284,3782 2344,3782 2434,3776 2523,3776 2613,3770 2702,3776"/>
                <TextEquiv>
                    <Unicode>Dr. Hugo Salus.</Unicode>
                </TextEquiv>
            </TextLine>
            <TextLine id="tr_1_tl_79" custom="readingOrder {index:78;}">
                <Coords points="1452,3862 1488,3860 1517,3878 1558,3862 1624,3905 1741,3846 1782,3858 1807,3849 1807,3745 1759,3745 1680,3690 1630,3713 1567,3706 1544,3720 1495,3686 1454,3686"/>
                <Baseline points="1467,3841 1545,3841 1634,3841 1724,3841 1813,3836"/>
                <TextEquiv>
                    <Unicode>Ungefahrt</Unicode>
                </TextEquiv>
            </TextLine>
            <TextLine id="tr_1_tl_80" custom="readingOrder {index:79;}">
                <Coords points="2252,3898 2883,3871 2955,3907 3030,3867 3487,3858 3623,3903 3641,3781 3306,3833 3202,3776 2254,3835"/>
                <Baseline points="2267,3865 2302,3871 2392,3871 2481,3871 2571,3871 2660,3865 2750,3859 2839,3859 2929,3859 3018,3853 3108,3853 3197,3853 3287,3847 3376,3847 3466,3841 3555,3847 3645,3859"/>
                <TextEquiv>
                    <Unicode>Hochverehrter und unter Herr College! Ich habe vor einigen Tagen</Unicode>
                </TextEquiv>
            </TextLine>
            <TextLine id="tr_1_tl_81" custom="readingOrder {index:80;}">
                <Coords points="357,3887 384,3896 452,3883 493,3914 518,3912 559,3941 606,3901 635,3903 629,3792 559,3837 543,3824 513,3840 479,3819 441,3833 423,3819 353,3817"/>
                <Baseline points="369,3865 459,3871 548,3877 638,3877"/>
                <TextEquiv>
                    <Unicode>23.XII. 1911</Unicode>
                </TextEquiv>
            </TextLine>
            <TextLine id="tr_1_tl_82" custom="readingOrder {index:81;}">
                <Coords points="2254,3975 2438,4009 2501,3968 2926,3973 3030,4014 3215,3955 3677,3996 3679,3910 3498,3874 2980,3921 2770,3869 2603,3948 2257,3901"/>
                <Baseline points="2267,3961 2356,3967 2445,3967 2535,3967 2624,3961 2714,3961 2803,3955 2893,3955 2982,3955 3072,3949 3161,3949 3251,3943 3340,3943 3430,3949 3519,3949 3609,3955 3680,3961"/>
                <TextEquiv>
                    <Unicode>durch die Lese der Redenalle d. deutschen Kindester in Prag“ an</Unicode>
                </TextEquiv>
            </TextLine>
            <TextLine id="tr_1_tl_83" custom="readingOrder {index:82;}">
                <Coords points="2266,4082 2487,4075 2598,4118 3356,4061 3634,4113 3636,4009 3537,3978 3320,4025 2790,3987 2510,4048 2268,4009"/>
                <Baseline points="2278,4068 2296,4068 2386,4074 2475,4062 2565,4062 2654,4062 2744,4062 2833,4062 2923,4062 3012,4062 3102,4056 3191,4056 3281,4056 3370,4056 3460,4056 3549,4050 3639,4056"/>
                <TextEquiv>
                    <Unicode>Sie einen stiefruf abgehen lassen, der Sie um einen Beitrag</Unicode>
                </TextEquiv>
            </TextLine>
            <TextLine id="tr_1_tl_84" custom="readingOrder {index:83;}">
                <Coords points="2291,4210 2472,4174 2582,4224 2872,4165 3356,4206 3487,4158 3555,4199 3681,4154 3681,4084 3618,4111 3494,4070 3344,4127 3177,4073 2994,4127 2897,4082 2643,4140 2492,4077 2291,4115"/>
                <Baseline points="2302,4158 2344,4164 2434,4158 2523,4158 2613,4158 2702,4158 2792,4158 2881,4158 2970,4152 3060,4152 3149,4152 3239,4158 3328,4152 3418,4152 3507,4146 3597,4146 3686,4146"/>
                <TextEquiv>
                    <Unicode>für ein Festblatt zum 50. Gründungsfeste bestet; nun komme ich</Unicode>
                </TextEquiv>
            </TextLine>
            <TextLine id="tr_1_tl_85" custom="readingOrder {index:84;}">
                <Coords points="2266,4287 3519,4281 3677,4253 3679,4183 3324,4222 3017,4222 2962,4179 2266,4206"/>
                <Baseline points="2278,4253 2338,4259 2428,4259 2517,4259 2607,4259 2696,4253 2786,4253 2875,4253 2965,4253 3054,4253 3143,4247 3233,4253 3322,4253 3412,4247 3501,4247 3591,4241 3680,4241"/>
                <TextEquiv>
                    <Unicode>heite, diesen pathetischer Aufruf durch eine ge schlichte Worte</Unicode>
                </TextEquiv>
            </TextLine>
            <TextLine id="tr_1_tl_86" custom="readingOrder {index:85;}">
                <Coords points="2277,4382 2533,4369 2594,4407 2786,4357 2928,4407 3229,4355 3385,4391 3688,4360 3690,4262 3372,4317 3247,4281 2277,4303"/>
                <Baseline points="2290,4366 2350,4366 2440,4355 2529,4349 2618,4355 2708,4355 2797,4349 2887,4349 2976,4349 3066,4349 3155,4349 3245,4349 3334,4349 3424,4343 3513,4343 3603,4343 3692,4349"/>
                <TextEquiv>
                    <Unicode>zu Unterstützer und die zu bitten, nie irgend eine Sen¬</Unicode>
                </TextEquiv>
            </TextLine>
            <TextLine id="tr_1_tl_87" custom="readingOrder {index:86;}">
                <Coords points="2291,4484 2756,4439 2953,4477 3191,4446 3326,4493 3523,4443 3650,4468 3652,4360 3360,4409 3229,4355 2811,4416 2535,4369 2293,4394"/>
                <Baseline points="2302,4444 2314,4444 2404,4450 2493,4444 2583,4444 2672,4444 2762,4438 2851,4438 2941,4432 3030,4438 3120,4432 3209,4432 3299,4438 3388,4432 3478,4432 3567,4432 3657,4432"/>
                <TextEquiv>
                    <Unicode>kop. Slipze oder was immer Sie wollen für dienen Junck</Unicode>
                </TextEquiv>
            </TextLine>
            <TextLine id="tr_1_tl_88" custom="readingOrder {index:87;}">
                <Coords points="2277,4565 3636,4532 3668,4468 3331,4493 3075,4446 2766,4500 2628,4448 2383,4509 2279,4477"/>
                <Baseline points="2290,4534 2326,4539 2416,4539 2505,4539 2595,4539 2684,4539 2774,4534 2863,4528 2953,4522 3042,4522 3132,4522 3221,4516 3311,4516 3400,4516 3490,4516 3579,4510 3668,4516"/>
                <TextEquiv>
                    <Unicode>abzutreten, da ich gern ums Slatt auch mit Herr Namen</Unicode>
                </TextEquiv>
            </TextLine>
        </TextRegion>
    </Page>
</PcGts>
