5059 4631
227 167 1588 287 Hochamlites Herr College! Ich nehme, um dieses Collegae nicht
238 240 1611 381 unbescheiden zu gebreuchen, eine Visitkarte mit „Firma“, deren
249 345 1558 467 In unter mögen, dass ich gleich Ihnen Medicis und Poerie
268 433 1620 585 in einer Herrn vereinige und ich hätte sie das beiliegende,
272 508 1581 645 und feierlich entgegennehmen zu wollen als einen Truß
274 608 1570 763 aus Prag, das Sie ja in nächsten Feil mit Freunde
3265 619 3844 750 gebrachen, und doch hätte
1896 653 2284 823 folgenden langweilen
287 709 1564 842 erfrennen werden. Ich hoffe dann gewiss das Vergnügen, u
3246 707 3908 855 von vom Unfalle verkält.
1913 776 2316 893 regne Sie der fim
296 799 1534 934 haben, sie, hochsenbeter Herr, persönlich kennen 7te lernen.
3263 810 3951 956 feindschaftlich die mit ihm
1988 816 3038 979 Von mir ist Verbrachten ein Neues-Prod "Gedit"
381 887 1643 1041 Iudere ech sie auf das beste grüsse, bis ich mit der Verbreibung
3244 908 3981 1061 mir der Gedanke ist, welche M.
1898 928 3055 1069 erhieren, er ist in Wien natürlich nicht in einem
3257 994 4032 1172 haben; hoffentlich und die Ho¬
1885 1013 3096 1155 Glate erwähnt worden, in Deutschland aber j übelnd und
1112 1071 1558 1204 Pray, Heinrichxam 25.
214 1095 651 1226 Dr. Hugo Salus.
1885 1108 3044 1275 mit als Zynüler bestimmend. Es ist aus verkauft,
3269 1121 4111 1283 so gering, daß Sie den dersel schl.
182 1211 1558 1345 Hochverehrter und lieber Herr Doctor, The bedenken bezüglich der
3267 1196 4197 1384 fälligen April frühling gern in der St.
1900 1202 3100 1350 Langen ist aber bei dem Tapiermangel aufrer Stande.
214 1311 1575 1410 deschalle ried, wie ich Ihren verlichen kann, vollkommen ich
3267 1313 4405 1463 Krankenzimmers verbringen, falls Ihre Verletzung
1898 1294 3068 1442 er neu aufzulegen. Eine Hettogentichte, die Geschän ist
1920 1390 3019 1555 bei C. Gerth Wien-Leipzig erntieren, eheme hinter dem
212 1431 1564 1530 begründet. Sieser grone Studentenverein ist absolut libaal,
3280 1412 4399 1573 dies mitig macht. Ich wünsche Ihnen herzlichst
225 1515 1564 1620 ich selbst, ein Jüde wie Sie, war Obmann und nehme mich
1913 1485 3081 1652 Aufm Dantschwesterreides, Prag eingeschloßen, in Deutsch,
3261 1491 4347 1686 baldige völlige Wiederherstellung empfangen die
225 1600 1570 1703 derhalb des Vereines 10 waren an, weil er ein freisinniger
1920 1590 3092 1746 land aber fast aus verkauft. Ein Bück für den
3280 1598 4324 1836 die herzlichsten Grüße. Dies ganz ergebenen
229 1697 1575 1836 ist und unsere Ideale theilt. Und gerade darum möchte ich
1930 1684 3079 1866 Herbet, Segenden, hat der Flemmingverlag in Berlin.
236 1783 1528 1894 gern auch Sie in dem fortbliche haben, mit einer Schipze¬
1930 1785 3062 1975 Was fordern Sie für ein But von etwa 180 Seiten?
3302 1815 3565 1954 23. IV. 1920
4049 1802 4289 1982 liche Raths
251 1873 1611 1993 einem Sprüche oder zweit etwas Klägerin, und verspreche haben.
1427 2089 1774 2202 PR. HUGO SALUS
206 2065 1433 2267 Innig verehter, bicher Herr D'Arthur Schnitzler
1427 2175 1821 2262 C. S.
2342 2140 3092 2327 Innigstverückter Herr Schnitzler,
3640 2198 3921 2310 R.R.HUGO SALUS
548 2222 1821 2367 Unter den viden, vielen Glückwunsch briefen, die mir
3638 2286 4006 2382 A.A.S.
199 2292 1894 2464 hicher nach Marienbad, wo ich meinen Urlaub verlebe, nachgeschickt wür¬
2811 2307 4019 2490 heute, vierzehn Tage nach ihrer Absendung nach Johl,
2352 2402 4028 2605 Kommt meine Denkkarte als unbestellbar wieder in meine Räude! Da ich
201 2393 1892 2580 den, hat Keiner auf mich einen so starken, beglückenden Eindröck gemacht,
2374 2526 3976 2736 fürdten muss, dass Sie mich als undankbar ansehen müßten, da ich
191 2520 1870 2708 wie Ihr mich auszeichnender Schreiben, dessen ich mich wahrhaftig nie
184 2629 1808 2811 für würdig gehalten habe. Ich verehre seit vielen Jahren in Ihnen
2374 2635 4004 2832 wheribar für Ihre große, meh so innig erfreiende, mach ausgeschnende
176 2721 1808 2916 den grossen oosterreichischen Dichter und war daher beim Leser Ihrer
2400 2730 3964 2920 Güte nicht gedaakt habe, lege ich meine Karte bei und bitte Sie,
191 2832 1840 3008 so herzlichen Worte der Zuneigung zu meiner besteidenen Lyrik gerübet
2415 2865 3957 3057 beite, da der grosse Festtrubel glücklich überstanden ist, erst recht in
184 2935 1845 3109 und begeistert und werde mir diesen Brief immer für Stunden
2415 2952 4000 3182 aller Ruhe, meinen herglübsten, innigsten, aufrichtigsten Dank entgegen
206 3047 1858 3209 Künstlenider Bedrückung aufbevahren, damit sie mir Trost und Auf¬
2425 3092 3782 3291 nebmen zu wollen. Ich bin so verehrungsvoll angehenen
201 3152 1883 3317 munterung gebähren. Seien Sie dafür aus ganzen Herzer bedankt,
2320 3177 2813 3327 Pray   Oelckoorky pak 6
3062 3242 3312 3411 25. VIII. 1916
3659 3224 3940 3415 Wm Salm
238 3325 928 3488 Innigst verehrter Yen Doktor.
1521 3351 1862 3447 DR-HUGO SALUS
1519 3432 1862 3520 S. A
478 3469 1892 3642 ich habe Briefe von Ihnen, in denen Sie mich fremd
259 3595 1984 3784 reuen, als habe einen entzäckenden Brief für grädgen fern Gesch¬
2541 3593 3949 3762 Ingereichter Herr Doctor, er ist eine bemüdere Eingerdung für nicht,
279 3694 1911 3871 lin an den lieben Alusch, ich habe Ihnen wohl früher und unter der
2552 3724 3916 3876 difs Sie und für voll rehnen sind und bei meinem W. Achtstagt
2565 3797 3929 3953 durch einen Geführung ein zeichnen: dafür dankte ich Ihnen mehrhaffen
259 3794 1898 3966 Anrede „Perchtes Freiud“ gedrichen: aber heute, da ich noch unter
2577 3910 3964 4054 nicht nie in großen allgemeinen Dankabstetten an all die vielen Kindert
270 3927 1967 4118 der Nachrichung des berichten Doktor Remardi stehe, den wir gestern
2575 4002 3929 4144 die und in dem Tage mit ihm Güte geht und gerührt haben.
289 4060 1954 4251 yschen haben, treie ich mich wirklich nicht, heute schreibe ich Ihnen einen Brief
2588 4075 3957 4266 ihn denke Ihnen als einem von mir Nachrichten, der deteratur Augen¬
242 4135 1948 4354 wärzte Verleitung und Bewörderung, einen Brief, wie ich ihre mandmal
2582 4189 3959 4347 törgen und bitte die inständig, meine bedeodenen, kleinen Dienst und
302 4242 1939 4422 am schwärnenden Ziegfreien und lyrisde Dilettanten bekennen. Ihr aber
2573 4279 3499 4405 für dahin ihr durchs Wohlmollen zu erhalten.
279 4364 1945 4536 weiss, dass ich, der stryk und Didter, gestern Ihre Klapisch tiefe dürfende, hogen,
