5816 4697
2298 81 2516 186 Salv
2232 152 2708 321 Johachter von Dotter,
3484 133 3745 259 PR-HUGO SA
3482 237 3745 318 S
449 207 701 336 Salus
1550 246 1815 353 PR-HUGO SAV
2569 271 3927 436 Sie vorher, welche grosse, innige freude, in die Ferendung des
1545 340 1813 430 H
278 291 866 462 Hobrechtes, liebes Freund,
4117 306 4692 462 Werk rechter Herr Doctor,
5126 340 5558 545 DR-HUGO SALUS
2276 383 3939 554 Professu Jersherdi nahen nichste, ich empfande Ihr Heingedanken als eine große
633 413 1979 549 es war ein sehr freindlicher Einfall Ihres guten Huyers, dass Sie
4318 428 5594 577 die literarische Section der Lase- und Redehalle dertschen
346 509 1971 678 mir sei Beite und ihren Sohn durch Fischip zu stödten, ließen, ich habe,
2289 515 3927 690 Auszeichnung auf so erfüllt mehr, der ich hier ganz einsam lite sind tödte.
4128 528 5611 697 Midenten in Prag” billet mich, ihre Erlebung zu einer Vor¬
380 611 1984 757 Ihre xxx wohl eine in der „Meinen Rändschein“ – gegen meinen Gerkmatt
2319 637 3974 778 auf einem tolgen Gefühl des Zu unserbungs mit zamen großen, deutschen Schrift.
4121 675 5626 838 leitung zu intastitzen und schafft mit davon in freundlicher
383 727 2031 870 in Fortsetzungen,- gelesen, aber ich bette aus vorgerommen, nach dre Vollendig
2323 761 3670 902 täm. Seien die, hochverehrter Herr Doktor, dafür samget bedankt.
4136 772 5677 936 Überdätzung meines Einflusses eine günstige Erledigung ihnen
404 812 2022 988 die ganze Erzübling noch einmal vorzunehmen, in den starken Eindruck der
2550 846 3944 1005 Denn i bisher Jhre Stelle bewiedert hibe, 10 fange den jetzt nach
4117 881 5671 1043 Tünster. Die deren.- Reichalle ist ein großer städentischer Verein¬
430 934 2001 1054 tiefkösfenden Poydologie zu sammenzufaßen. De Kam Jhr sehr gut ausschender
2330 960 3967 1131 dem Seven des Zeubord: an Sie zu lieben, ich bedaure nur, daß ich Ihnen
4130 996 5637 1131 der einer regen Unterstützung seiten des deutschen Trags gewiss
440 1037 2016 1173 Gib und die tale er gleden sehr einmal gelesen und viel dabei ge¬
2360 1079 3967 1218 diener übergiellende Gefühl des Dankes des Ihr neues, großes Werk nicht persön¬
4115 1101 5611 1263 ist. Ihre Zusage wäre ein gröner Triuauf für die literarische
440 1135 2016 1244 lant; denn in bin aber mit den Verbaartungen in einer reine Novelle
2373 1178 3980 1347 Ich myen kann! Der dies Stadt in Parteresch verauffeber ist, ist ein Rühreststel nach
455 1223 2043 1357 beschäftigt und in solcher Jeden bei ite für allerhand Feilaten immer
2447 1334 2975 1479 Sehr verbeter Herr Doktor,
3738 1342 3950 1458 DR-HUGO SE
2749 1451 4172 1627 er geschickt mir oft, daß ich in einem Unterlawisstrein beigeine ohne,
2497 1560 4213 1695 die fern von mir eingetreten sind: so habe ich vorgestern inner werden an Sie
477 1592 1340 1785 D'Auge Sabri Thegl. Clekerstry porte 6
2509 1674 4196 1815 und das befanden Ihrer reichten drei deme denken innen und hatte das Gefehl,
526 1755 1400 1922 Yorrichite Heer Doktor id 5. V. 3.3.50
2509 1789 4207 1909 Kop ich Ihnen doch nicht zweilen dürfe, da inderen vielleicht des Maarige Eusgeweis
1276 1834 1436 1913 P.
4769 1870 5228 1979 DR. HUGO SALUS
2539 1872 3997 2003 eingetreten sein Könnte: das die Glätter mit heute als Tatsache melden.
646 1868 1351 2031 vor Osten hilie ich mir
4331 1941 5718 2110 heit sich herzlich über die Entscheidung des Gillparzerpreis – Caratois
2958 1973 4175 2093 Ich habe Ihr und Ihre verehrungswürdige, liebe Frau in den
566 1999 1381 2159 die Freiheit genommen, Ihnen mein
4331 2090 5662 2217 uns und bittet die, bohverchete Kar, die bster Güchwünsche
2539 2086 4177 2197 Schmernig wochen u lieben gelernt, daß it Ihren Zeider heute vom und in
579 2105 1364 2229 neues Novellertr. de „ Zeelen und Sinne“,
1494 2078 2052 2268 D'Arthür Schnitzler
5320 2174 5662 2308 Purg, 17.5.1951
4343 2172 4685 2296 entgegen zu nehmen.
2531 2193 4200 2285 jungen Anteilachne die Kände drücken derf, und ich resp., daß Sie von der Ehr¬
586 2208 1387 2358 in wticken and komne eut heite
2533 2272 4147 2437 tidkeit meiner Gefülle überzeugt sind. Ich grüßte den Leiben König und die rehre Eili
586 2317 1291 2469 duqui, die zu bitten, der Grüde
1439 2306 2214 2537 Wien XVIII. Sternwartestrafe 7
596 2437 1315 2561 freindlicht anzunehmen. Möge er
601 2522 1387 2646 Ihnen und ihrer sehr verboten sein
3384 2537 3696 2653 JOR HUGO SALUS
3382 2627 3732 2745 Touta
2150 2597 2811 2757 Hochnachster Herr Schnitzler,
3954 2685 4521 2862 Perclutester Her Schnitzler.
4839 2725 5044 2875 15.7.1902
2313 2719 3830 2877 ich danke Thuer aufichtigst für die Mühe, die Ihnen
5211 2796 5489 2903 DR-HUGO SA
1415 2777 1682 2903 DR HUGO SAL
160 2781 780 2948 Worwerckter Freund Schustjler
5211 2873 5637 2990 Touta
4068 2849 5696 3080 Ich schicke Ihnen das Manningal der Konsedie mit einem Umstlängswaldig
1413 2896 1684 3001 T
2170 2843 3807 2997 mein Manuskript gemacht bat, und f die überstelligen Worte
3978 2926 5679 3168 der Ihnen gewiss recht sein wird; ich halte das Höch jetzt nur für ein
489 2935 1840 3082 pre lide Karte mit dem bereidenswert dønen Kästglehause und
2185 2965 3809 3129 Thees Briefes; für mich ist damit dieser dramatische Persède
3961 3031 5673 3287 Sl1770, – wie Goethe in einem Briefe an Herder nlecht - : "und unter¬
227 3040 1864 3202 der nur so lieben "Steffage" – frei Olya möge mit diere remektore bezeichni¬
2185 3067 3756 3219 natürlich endgiftig erledigt und, ein heveis mehr für die
3963 3151 5628 3405 sehn’ ich keine Peränderung, bis ich Ihre Hinne höre, denn ich reif¬
250 3193 1875 3324 verzeihen! - hat mir meine von Olga eben mit der recht verblichen be¬
2199 3174 3888 3347 Ridtigkeit das Urtheiles, ohne sonderlichen Riß in meinem Innang
3980 3264 5634 3514 doch, daß alsdann radicale Niedergebürt geschehen muss, wenn es zum
267 3292 1836 3426 nerking überhadt: „Redt geschicht Dir!“, denn der Aube ihr gestern
2223 3277 3809 3458 Ihr töeffe halt nichts Dranatisches, ich bin eben der Lyriks¬
3980 3367 5652 3627 Leben eingehen soll. Und dennen bitte ich Sie, das Manuscript stet
286 3407 1868 3553 beim Nachnachtskaeten versenden gesagt, als nächte Schützler gern einen
2234 3433 3824 3563 und dagegen läßt sich nichts machen! Man Kann ja sich
3980 3471 5628 3724 der gewünschten Schreibmaschinencopie zu lesen, da es mir wider die
2217 3514 3884 3651 damit zufrieden sein. Dass ich von Ihnen die Bestätigung dieser Diagmore
304 3533 1610 3677 Habnachtsgruss senden, wenn es nicht zudrügeln wäre.
3978 3565 5679 3822 Seele geht, den Entwurf vervielfältigen zu lassen; ich bin überzeugt,
652 3640 1913 3794 Ich lehre mich aber in meiner gewiß übertriebenen Angst.
3959 3709 5671 3954 dass ich in dem Sinne hande, wenn ich den dafür etwa entfallenden
2313 3713 3713 3858 schmücken möchte. Ich habe vor einiger Zeit mit Bergmann
323 3717 1879 3899 lakkod gam von Ihnen beschämen und erwidere also Ihre lieben, guten
2328 3811 3749 3952 in Berlin, mehrevenale über Sie correspondiert, da er ja den
2343 3920 3700 4053 Artikel in Nord und Sich über die schrieb und an ein¬
2343 3999 3743 4140 allerhand bethelfe wünschte; ich bin begang zu sehen, wie er
2360 4100 3409 4260 wch einer dankbaren täfgabe ertledigt hat.
2358 4183 3760 4350 Jeden ich Sie auf das herzlichste grüx und nochmals im
2366 4273 3146 4442 Zu feierliche Unterstitzung bitte.
2854 4380 3719 4519 bin ich in prichfach collegiale Verdennung
3166 4482 3704 4579 The egebercie Bligeditz
