3400 4104
647 507 2963 709 mental en Worten ausliess. Da fand ich jene merk¬
650 634 3019 864 würdige Stelle in ihrem Herzen, die man auch in den
644 802 2966 992 verworfensten entdeckt - das Hetmoch nach der Un
647 973 2928 1144 schuld. Denn es gibt ja auch ein Hetmoch für die
637 1135 2826 1287 Heimatlosen und vielleicht empfinden die es am
650 1250 3012 1467 schmerzlichsten von allen. Dass man eine Hetmat il
653 1433 3137 1610 berhaupt hat ist schon einwenig Trost, der aber fehlt
2459 1570 2702 1704 G.C.H.F.P.
2098 1589 2213 1763 P.S.
656 1598 1166 1775 den andern.
634 1732 2916 1937 Nun aber geschah etwas seltsames. Sie begann den
637 1862 3078 2074 Bräutigam, der ihr anfangs nur Mittel zum Zweche be-
637 2049 3131 2241 deutet hatte ernstlich zu lieben. Anfangs wollte sie
637 2210 3084 2397 sichs selbst nicht glauben, aber sie musste es end-
634 2328 2910 2543 lich, den wie anders war es zu erklären, dass sie
640 2499 2956 2683 sich plötzlich ihrer früheren Vorsütze zu schämen
628 2689 3028 2851 anfing — so, heftig und schmerzlich, wie vielleicht
628 2820 2910 2981 keine Sünderin der Tat, sich der Vergangenheit zu
631 2972 2997 3155 schämen vermag — dass sie bereutet Sie wollte ihm
628 3118 2988 3292 eine brave Gattin werden, treu und ergeben. Sie wur
628 3283 2975 3466 de ruhtger. Ihre Empfindungen bekamen jenen eigen-
619 3457 2972 3612 tümlichen Hauch von Frieden und Keuschheit und sie
1974 3594 2092 3724 P.S.
