<?xml version="1.0" encoding="UTF-8" standalone="yes"?>
<PcGts xmlns="http://schema.primaresearch.org/PAGE/gts/pagecontent/2013-07-15" xmlns:xsi="http://www.w3.org/2001/XMLSchema-instance" xsi:schemaLocation="http://schema.primaresearch.org/PAGE/gts/pagecontent/2013-07-15 http://schema.primaresearch.org/PAGE/gts/pagecontent/2013-07-15/pagecontent.xsd">
    <Metadata>
        <Creator>prov=READ-COOP:name=TrHtr:version=2.1.0:model_id=51170:date=14_08_2023_18:45</Creator>
        <Created>2023-05-10T14:44:05.522+02:00</Created>
        <LastChange>2023-08-14T18:45:34.806+02:00</LastChange>
        <TranskribusMetadata docId="1428653" pageId="55424197" pageNr="5" tsid="132821639" status="IN_PROGRESS" userId="64420" imgUrl="https://files.transkribus.eu/Get?id=HCYISQRTUWBYQRCZEUGVDSYV&amp;fileType=view" xmlUrl="https://files.transkribus.eu/Get?id=ZEBONQWNCDNMMQXLOWLXFWNL" imageId="44698275"/>
    </Metadata>
    <Page imageFilename="1428653_0005.jpg" imageWidth="3416" imageHeight="4152">
        <ReadingOrder>
            <OrderedGroup id="ro_1711814648852" caption="Regions reading order">
                <RegionRefIndexed index="0" regionRef="tr_1"/>
                <RegionRefIndexed index="1" regionRef="tr_2"/>
            </OrderedGroup>
        </ReadingOrder>
        <TextRegion id="tr_1" custom="readingOrder {index:0;}">
            <Coords points="486,445 3172,445 3172,1633 486,1633"/>
            <TextLine id="tr_1_tl_1" custom="readingOrder {index:0;}">
                <Coords points="2866,530 2887,526 2890,530 2911,520 2924,533 2938,526 2948,533 2965,533 2965,401 2924,397 2917,404 2904,391 2883,411 2866,411"/>
                <Baseline points="2886,495 2931,498 2975,495"/>
                <TextEquiv>
                    <Unicode>2</Unicode>
                </TextEquiv>
            </TextLine>
            <TextLine id="tr_1_tl_2" custom="readingOrder {index:1;}">
                <Coords points="469,710 3002,649 3114,727 3148,560 1494,622 472,537"/>
                <Baseline points="486,695 510,695 555,698 599,698 644,698 689,698 734,698 779,698 823,698 868,698 913,695 958,692 1002,692 1047,692 1092,689 1137,686 1182,689 1226,683 1271,683 1316,683 1361,680 1405,680 1450,680 1495,680 1540,677 1584,677 1629,677 1674,674 1719,674 1764,674 1808,671 1853,671 1898,671 1943,671 1987,671 2032,665 2077,665 2122,662 2167,659 2211,659 2256,659 2301,656 2346,659 2390,659 2435,659 2480,659 2525,656 2570,659 2614,656 2659,653 2704,653 2749,653 2793,653 2838,650 2883,650 2928,647 2972,647 3017,647 3062,644 3107,641 3152,644"/>
                <TextEquiv>
                    <Unicode>denn eigentlich dahin mit ihnen gekommen. Von dieser aber</Unicode>
                </TextEquiv>
            </TextLine>
            <TextLine id="tr_1_tl_3" custom="readingOrder {index:2;}">
                <Coords points="475,951 1097,849 2880,852 3057,740 479,798"/>
                <Baseline points="495,859 513,856 558,853 602,853 647,850 692,850 737,853 782,853 826,853 871,850 916,850 961,847 1005,847 1050,844 1095,844 1140,844 1185,841 1229,841 1274,844 1319,841 1364,841 1408,838 1453,835 1498,835 1543,832 1587,832 1632,829 1677,829 1722,829 1767,826 1811,826 1856,826 1901,823 1946,823 1990,823 2035,820 2080,820 2125,820 2170,817 2214,817 2259,814 2304,814 2349,817 2393,814 2438,811 2483,811 2528,811 2572,811 2617,808 2662,808 2707,808 2752,808 2796,808 2841,805 2886,805 2931,802 2975,799 3020,796 3065,799"/>
                <TextEquiv>
                    <Unicode>mit den klugen Augen vermutete ich etwas anderes zu ver</Unicode>
                </TextEquiv>
            </TextLine>
            <TextLine id="tr_1_tl_4" custom="readingOrder {index:3;}">
                <Coords points="472,1012 2540,992 2544,903 2398,829 1219,849 1094,937 472,975"/>
                <Baseline points="492,1011 534,1008 579,1008 623,1005 668,1005 713,1002 758,999 802,996 847,996 892,996 937,993 982,990 1026,993 1071,990 1116,990 1161,988 1205,988 1250,988 1295,985 1340,985 1384,982 1429,979 1474,979 1519,979 1564,979 1608,979 1653,976 1698,976 1743,973 1787,973 1832,973 1877,970 1922,970 1967,967 2011,967 2056,967 2101,967 2146,964 2190,964 2235,964 2280,961 2325,961 2370,961 2414,961 2459,961 2504,961 2549,964"/>
                <TextEquiv>
                    <Unicode>nehmen und darum blieb ich mit ihr zusammen.</Unicode>
                </TextEquiv>
            </TextLine>
            <TextLine id="tr_1_tl_5" custom="readingOrder {index:4;}">
                <Coords points="469,1250 3097,1243 3101,1036 472,1097"/>
                <Baseline points="486,1164 510,1161 555,1164 599,1161 644,1164 689,1161 734,1164 779,1164 823,1161 868,1158 913,1158 958,1155 1002,1155 1047,1152 1092,1149 1137,1146 1182,1146 1226,1143 1271,1143 1316,1143 1361,1143 1405,1140 1450,1140 1495,1140 1540,1137 1584,1137 1629,1137 1674,1137 1719,1137 1764,1134 1808,1134 1853,1131 1898,1131 1943,1131 1987,1131 2032,1128 2077,1128 2122,1128 2167,1125 2211,1125 2256,1122 2301,1122 2346,1119 2390,1119 2435,1122 2480,1119 2525,1119 2570,1119 2614,1119 2659,1119 2704,1116 2749,1113 2793,1113 2838,1113 2883,1113 2928,1110 2972,1107 3017,1104 3062,1104 3107,1101"/>
                <TextEquiv>
                    <Unicode>Es ging gegen den Morgen zu, als wir vom Champagner ein¬</Unicode>
                </TextEquiv>
            </TextLine>
            <TextLine id="tr_1_tl_6" custom="readingOrder {index:5;}">
                <Coords points="486,1325 839,1409 1970,1304 2843,1338 2968,1314 2972,1202 489,1250"/>
                <Baseline points="504,1316 519,1316 564,1316 608,1319 653,1319 698,1319 743,1319 788,1319 832,1316 877,1316 922,1313 967,1310 1011,1307 1056,1307 1101,1307 1146,1304 1190,1304 1235,1304 1280,1301 1325,1301 1370,1298 1414,1298 1459,1298 1504,1298 1549,1295 1593,1295 1638,1295 1683,1295 1728,1292 1773,1292 1817,1292 1862,1289 1907,1286 1952,1286 1996,1286 2041,1283 2086,1283 2131,1280 2175,1280 2220,1280 2265,1280 2310,1280 2355,1277 2399,1277 2444,1277 2489,1274 2534,1274 2578,1274 2623,1274 2668,1271 2713,1271 2758,1271 2802,1271 2847,1268 2892,1268 2937,1265 2981,1265"/>
                <TextEquiv>
                    <Unicode>wenig angeduselt einen Wagen nahmen und in den Prater</Unicode>
                </TextEquiv>
            </TextLine>
            <TextLine id="tr_1_tl_7" custom="readingOrder {index:6;}">
                <Coords points="492,1552 886,1464 2979,1447 3108,1426 3111,1328 496,1403"/>
                <Baseline points="513,1471 519,1474 564,1465 608,1465 653,1465 698,1462 743,1462 788,1462 832,1462 877,1462 922,1459 967,1459 1011,1456 1056,1453 1101,1450 1146,1450 1190,1450 1235,1447 1280,1447 1325,1444 1370,1444 1414,1441 1459,1441 1504,1438 1549,1438 1593,1438 1638,1438 1683,1438 1728,1435 1773,1435 1817,1435 1862,1432 1907,1432 1952,1432 1996,1429 2041,1429 2086,1426 2131,1426 2175,1426 2220,1426 2265,1426 2310,1423 2355,1423 2399,1423 2444,1423 2489,1420 2534,1417 2578,1420 2623,1417 2668,1417 2713,1417 2758,1417 2802,1417 2847,1414 2892,1414 2937,1411 2981,1408 3026,1408 3071,1405 3116,1396"/>
                <TextEquiv>
                    <Unicode>führen. Es war im März, eine merkwürdig linde Nacht. Mo -</Unicode>
                </TextEquiv>
            </TextLine>
            <TextLine id="tr_1_tl_8" custom="readingOrder {index:7;}">
                <Coords points="482,1708 1131,1705 1274,1606 3135,1627 3165,1484 486,1569"/>
                <Baseline points="501,1623 531,1623 576,1620 620,1620 665,1617 710,1617 755,1617 799,1620 844,1617 889,1617 934,1617 979,1617 1023,1614 1068,1614 1113,1611 1158,1611 1202,1608 1247,1608 1292,1605 1337,1605 1382,1605 1426,1602 1471,1602 1516,1599 1561,1599 1605,1599 1650,1599 1695,1599 1740,1599 1784,1596 1829,1596 1874,1593 1919,1596 1964,1596 2008,1596 2053,1593 2098,1593 2143,1590 2187,1590 2232,1587 2277,1584 2322,1584 2367,1584 2411,1584 2456,1584 2501,1581 2546,1581 2590,1581 2635,1581 2680,1581 2725,1579 2769,1579 2814,1576 2859,1576 2904,1573 2949,1573 2993,1573 3038,1573 3083,1570 3128,1567 3172,1567"/>
                <TextEquiv>
                    <Unicode>mente lang hatte ich das Gefühl, als wenn da ein Wesen an</Unicode>
                </TextEquiv>
            </TextLine>
        </TextRegion>
        <TextRegion id="tr_2" custom="readingOrder {index:1;}">
            <Coords points="501,1675 3220,1675 3220,3636 501,3636"/>
            <TextLine id="tr_2_tl_1" custom="readingOrder {index:0;}">
                <Coords points="482,1854 3138,1820 3220,1644 486,1712"/>
                <Baseline points="504,1784 534,1781 579,1781 623,1779 668,1779 713,1779 758,1779 802,1776 847,1776 892,1773 937,1773 982,1773 1026,1773 1071,1773 1116,1770 1161,1767 1205,1767 1250,1767 1295,1764 1340,1761 1384,1764 1429,1761 1474,1761 1519,1761 1564,1761 1608,1761 1653,1758 1698,1755 1743,1755 1787,1755 1832,1755 1877,1755 1922,1752 1967,1752 2011,1752 2056,1752 2101,1752 2146,1752 2190,1749 2235,1749 2280,1752 2325,1749 2370,1749 2414,1746 2459,1746 2504,1746 2549,1743 2593,1743 2638,1740 2683,1740 2728,1740 2772,1737 2817,1737 2862,1737 2907,1737 2952,1734 2996,1731 3041,1731 3086,1728 3131,1728 3175,1725 3220,1725"/>
                <TextEquiv>
                    <Unicode>meiner Seite lehnte, das ich schon lange, lange kannte und</Unicode>
                </TextEquiv>
            </TextLine>
            <TextLine id="tr_2_tl_2" custom="readingOrder {index:1;}">
                <Coords points="496,2021 3104,1895 3128,1814 496,1878"/>
                <Baseline points="516,1931 537,1931 582,1931 626,1928 671,1928 716,1928 761,1925 805,1925 850,1922 895,1922 940,1922 985,1922 1029,1919 1074,1919 1119,1919 1164,1919 1208,1919 1253,1916 1298,1916 1343,1913 1387,1913 1432,1913 1477,1910 1522,1910 1567,1907 1611,1904 1656,1907 1701,1904 1746,1901 1790,1901 1835,1901 1880,1901 1925,1901 1970,1901 2014,1898 2059,1898 2104,1898 2149,1898 2193,1895 2238,1892 2283,1892 2328,1892 2372,1892 2417,1889 2462,1886 2507,1886 2552,1886 2596,1883 2641,1883 2686,1883 2731,1883 2775,1883 2820,1880 2865,1880 2910,1877 2955,1877 2999,1874 3044,1874 3089,1871 3134,1868"/>
                <TextEquiv>
                    <Unicode>sehr lieb hätte. Mir war sehr wohl neben ihr und geraume</Unicode>
                </TextEquiv>
            </TextLine>
            <TextLine id="tr_2_tl_3" custom="readingOrder {index:2;}">
                <Coords points="489,2180 1532,2150 1664,2065 3125,2079 3128,1973 492,2021"/>
                <Baseline points="510,2086 540,2086 585,2086 629,2083 674,2086 719,2086 764,2086 808,2083 853,2083 898,2080 943,2080 988,2077 1032,2074 1077,2074 1122,2074 1167,2074 1211,2074 1256,2074 1301,2074 1346,2071 1390,2068 1435,2068 1480,2068 1525,2065 1570,2065 1614,2062 1659,2059 1704,2062 1749,2059 1793,2059 1838,2059 1883,2056 1928,2056 1973,2053 2017,2050 2062,2050 2107,2050 2152,2050 2196,2047 2241,2047 2286,2047 2331,2047 2375,2047 2420,2047 2465,2044 2510,2044 2555,2041 2599,2041 2644,2041 2689,2041 2734,2041 2778,2038 2823,2038 2868,2038 2913,2035 2958,2035 3002,2032 3047,2029 3092,2029 3137,2023"/>
                <TextEquiv>
                    <Unicode>Zett sprachen wir gar nichts. Ich konnte mich nicht ent¬</Unicode>
                </TextEquiv>
            </TextLine>
            <TextLine id="tr_2_tl_4" custom="readingOrder {index:3;}">
                <Coords points="496,2313 2123,2299 2269,2211 3209,2208 3213,2109 499,2163"/>
                <Baseline points="516,2244 534,2241 579,2238 623,2238 668,2238 713,2238 758,2235 802,2235 847,2235 892,2232 937,2232 982,2232 1026,2229 1071,2229 1116,2229 1161,2229 1205,2226 1250,2226 1295,2226 1340,2223 1384,2223 1429,2220 1474,2220 1519,2217 1564,2217 1608,2214 1653,2214 1698,2214 1743,2214 1787,2214 1832,2211 1877,2211 1922,2214 1967,2211 2011,2211 2056,2208 2101,2208 2146,2208 2190,2205 2235,2205 2280,2205 2325,2202 2370,2202 2414,2202 2459,2202 2504,2199 2549,2199 2593,2199 2638,2199 2683,2196 2728,2196 2772,2196 2817,2196 2862,2196 2907,2193 2952,2193 2996,2193 3041,2193 3086,2190 3131,2190 3175,2187 3220,2190"/>
                <TextEquiv>
                    <Unicode>schliessen sie schlechthin als das Weib zu nehmen, das den</Unicode>
                </TextEquiv>
            </TextLine>
            <TextLine id="tr_2_tl_5" custom="readingOrder {index:4;}">
                <Coords points="482,2483 1077,2483 1233,2381 1406,2469 3060,2435 3097,2289 486,2316"/>
                <Baseline points="501,2396 507,2396 552,2393 596,2393 641,2390 686,2390 731,2387 776,2387 820,2387 865,2384 910,2384 955,2381 999,2381 1044,2381 1089,2381 1134,2381 1179,2378 1223,2378 1268,2378 1313,2378 1358,2378 1402,2375 1447,2375 1492,2375 1537,2372 1581,2372 1626,2372 1671,2370 1716,2370 1761,2370 1805,2367 1850,2367 1895,2367 1940,2364 1984,2364 2029,2361 2074,2361 2119,2361 2164,2361 2208,2361 2253,2358 2298,2361 2343,2358 2387,2358 2432,2358 2477,2361 2522,2358 2567,2358 2611,2355 2656,2355 2701,2352 2746,2352 2790,2349 2835,2349 2880,2349 2925,2352 2969,2349 3014,2346 3059,2343 3104,2346"/>
                <TextEquiv>
                    <Unicode>Abschluss einer lustigen Nacht bedeutet, ich wollte sie</Unicode>
                </TextEquiv>
            </TextLine>
            <TextLine id="tr_2_tl_6" custom="readingOrder {index:5;}">
                <Coords points="496,2625 2890,2527 3043,2506 3043,2422 499,2476"/>
                <Baseline points="519,2543 546,2543 591,2543 635,2543 680,2543 725,2540 770,2540 814,2537 859,2537 904,2537 949,2537 993,2534 1038,2534 1083,2534 1128,2534 1173,2531 1217,2534 1262,2531 1307,2528 1352,2525 1396,2525 1441,2525 1486,2525 1531,2522 1576,2522 1620,2519 1665,2519 1710,2519 1755,2519 1799,2516 1844,2516 1889,2516 1934,2516 1978,2516 2023,2513 2068,2513 2113,2510 2158,2513 2202,2510 2247,2510 2292,2510 2337,2510 2381,2510 2426,2507 2471,2507 2516,2504 2561,2504 2605,2501 2650,2501 2695,2501 2740,2501 2784,2501 2829,2501 2874,2501 2919,2501 2964,2498 3008,2495 3053,2501"/>
                <TextEquiv>
                    <Unicode>kennen lernen. Von ihrem Leben wollte ich wissen, von</Unicode>
                </TextEquiv>
            </TextLine>
            <TextLine id="tr_2_tl_7" custom="readingOrder {index:6;}">
                <Coords points="503,2792 1321,2683 3175,2714 3179,2585 503,2639"/>
                <Baseline points="522,2701 543,2701 588,2698 632,2695 677,2692 722,2692 767,2692 811,2692 856,2692 901,2692 946,2689 990,2689 1035,2689 1080,2689 1125,2686 1170,2689 1214,2689 1259,2686 1304,2686 1349,2683 1393,2683 1438,2683 1483,2680 1528,2680 1573,2677 1617,2677 1662,2677 1707,2674 1752,2674 1796,2671 1841,2674 1886,2671 1931,2671 1976,2671 2020,2671 2065,2671 2110,2668 2155,2668 2199,2668 2244,2668 2289,2668 2334,2668 2378,2668 2423,2665 2468,2665 2513,2665 2558,2662 2602,2662 2647,2662 2692,2659 2737,2659 2781,2662 2826,2659 2871,2659 2916,2659 2961,2659 3005,2656 3050,2656 3095,2656 3140,2656 3184,2656"/>
                <TextEquiv>
                    <Unicode>ihrer Jugend, von den Männern, die sie geliebt, bevor sie</Unicode>
                </TextEquiv>
            </TextLine>
            <TextLine id="tr_2_tl_8" custom="readingOrder {index:7;}">
                <Coords points="2184,2754 2208,2758 2218,2751 2225,2758 2242,2748 2262,2751 2269,2758 2286,2748 2306,2748 2309,2680 2279,2676 2262,2686 2235,2680 2225,2686 2221,2683 2204,2697 2187,2697"/>
                <Baseline points="2202,2740 2226,2740 2271,2737 2316,2737"/>
                <TextEquiv>
                    <Unicode>we</Unicode>
                </TextEquiv>
            </TextLine>
            <TextLine id="tr_2_tl_9" custom="readingOrder {index:8;}">
                <Coords points="492,2924 1617,2829 1814,2921 2619,2911 2697,2897 2700,2748 496,2799"/>
                <Baseline points="510,2850 516,2850 561,2850 605,2850 650,2847 695,2850 740,2847 785,2847 829,2847 874,2844 919,2841 964,2844 1008,2844 1053,2844 1098,2841 1143,2841 1187,2841 1232,2838 1277,2838 1322,2838 1367,2835 1411,2835 1456,2835 1501,2835 1546,2832 1590,2832 1635,2829 1680,2826 1725,2829 1770,2826 1814,2826 1859,2826 1904,2826 1949,2826 1993,2826 2038,2823 2083,2823 2128,2823 2173,2823 2217,2823 2262,2823 2307,2823 2352,2820 2396,2820 2441,2817 2486,2817 2531,2814 2575,2814 2620,2814 2665,2814 2710,2811"/>
                <TextEquiv>
                    <Unicode>sich entschloss alle ku lieben, die es wollten.</Unicode>
                </TextEquiv>
            </TextLine>
            <TextLine id="tr_2_tl_10" custom="readingOrder {index:9;}">
                <Coords points="486,3002 1175,3084 1552,2989 3043,2992 3097,2897 486,2924"/>
                <Baseline points="504,3002 507,3002 552,2999 596,2999 641,2999 686,2999 731,2999 776,2999 820,2996 865,2996 910,2996 955,2996 999,2993 1044,2996 1089,2996 1134,2993 1179,2993 1223,2990 1268,2990 1313,2987 1358,2987 1402,2987 1447,2984 1492,2984 1537,2984 1581,2981 1626,2981 1671,2981 1716,2978 1761,2978 1805,2978 1850,2978 1895,2975 1940,2978 1984,2975 2029,2975 2074,2975 2119,2972 2164,2972 2208,2972 2253,2972 2298,2969 2343,2969 2387,2969 2432,2969 2477,2969 2522,2969 2567,2966 2611,2966 2656,2964 2701,2964 2746,2966 2790,2966 2835,2966 2880,2966 2925,2966 2969,2966 3014,2964 3059,2964 3104,2966"/>
                <TextEquiv>
                    <Unicode>Hier gab es ein Schicksal zu entdecken und endlich, wie</Unicode>
                </TextEquiv>
            </TextLine>
            <TextLine id="tr_2_tl_11" custom="readingOrder {index:10;}">
                <Coords points="496,3250 2765,3226 3162,3138 3162,3029 499,3104"/>
                <Baseline points="519,3163 531,3163 576,3161 620,3158 665,3158 710,3158 755,3155 799,3155 844,3155 889,3155 934,3152 979,3152 1023,3152 1068,3152 1113,3149 1158,3149 1202,3149 1247,3149 1292,3146 1337,3146 1382,3146 1426,3146 1471,3146 1516,3146 1561,3143 1605,3140 1650,3140 1695,3140 1740,3140 1784,3140 1829,3140 1874,3140 1919,3140 1964,3137 2008,3134 2053,3134 2098,3134 2143,3134 2187,3134 2232,3134 2277,3131 2322,3131 2367,3131 2411,3128 2456,3128 2501,3128 2546,3128 2590,3125 2635,3128 2680,3128 2725,3125 2769,3125 2814,3125 2859,3125 2904,3122 2949,3122 2993,3122 3038,3122 3083,3122 3128,3119 3172,3119"/>
                <TextEquiv>
                    <Unicode>wir schon wett unten im Prater waren, nach langem Schwet¬</Unicode>
                </TextEquiv>
            </TextLine>
            <TextLine id="tr_2_tl_12" custom="readingOrder {index:11;}">
                <Coords points="509,3403 812,3315 3060,3328 3060,3206 2945,3196 513,3243"/>
                <Baseline points="531,3325 561,3319 605,3316 650,3313 695,3313 740,3313 785,3310 829,3310 874,3310 919,3307 964,3307 1008,3307 1053,3307 1098,3304 1143,3304 1187,3304 1232,3301 1277,3301 1322,3301 1367,3301 1411,3301 1456,3301 1501,3298 1546,3298 1590,3298 1635,3298 1680,3295 1725,3295 1770,3295 1814,3292 1859,3295 1904,3292 1949,3292 1993,3289 2038,3289 2083,3289 2128,3289 2173,3289 2217,3286 2262,3286 2307,3286 2352,3286 2396,3283 2441,3283 2486,3283 2531,3283 2575,3283 2620,3283 2665,3283 2710,3283 2755,3283 2799,3280 2844,3280 2889,3280 2934,3277 2978,3277 3023,3277 3068,3277"/>
                <TextEquiv>
                    <Unicode>gen fragte ich sie. Sie liess sich nicht mange um eine</Unicode>
                </TextEquiv>
            </TextLine>
            <TextLine id="tr_2_tl_13" custom="readingOrder {index:12;}">
                <Coords points="496,3549 1623,3552 1865,3447 2058,3542 3036,3535 3182,3505 3186,3349 496,3410"/>
                <Baseline points="516,3468 549,3465 593,3468 638,3465 683,3462 728,3462 773,3462 817,3462 862,3459 907,3459 952,3459 996,3456 1041,3456 1086,3453 1131,3453 1176,3453 1220,3453 1265,3453 1310,3453 1355,3450 1399,3453 1444,3450 1489,3450 1534,3447 1579,3447 1623,3447 1668,3447 1713,3444 1758,3444 1802,3444 1847,3444 1892,3444 1937,3444 1981,3444 2026,3444 2071,3441 2116,3438 2161,3438 2205,3438 2250,3438 2295,3438 2340,3438 2384,3438 2429,3438 2474,3438 2519,3435 2564,3435 2608,3435 2653,3435 2698,3435 2743,3435 2787,3432 2832,3432 2877,3432 2922,3432 2966,3432 3011,3432 3056,3432 3101,3432 3146,3429 3190,3426"/>
                <TextEquiv>
                    <Unicode>Antwort bitten. Freilich hab ich nun die Worte, mit denen</Unicode>
                </TextEquiv>
            </TextLine>
            <TextLine id="tr_2_tl_14" custom="readingOrder {index:13;}">
                <Coords points="526,3699 3019,3692 3159,3641 3159,3512 526,3569"/>
                <Baseline points="546,3626 570,3623 614,3623 659,3623 704,3623 749,3623 793,3620 838,3620 883,3617 928,3617 973,3614 1017,3614 1062,3614 1107,3611 1152,3611 1196,3611 1241,3611 1286,3611 1331,3608 1376,3608 1420,3608 1465,3608 1510,3605 1555,3605 1599,3602 1644,3602 1689,3602 1734,3602 1779,3602 1823,3602 1868,3602 1913,3602 1958,3602 2002,3602 2047,3599 2092,3599 2137,3596 2181,3596 2226,3596 2271,3596 2316,3596 2361,3593 2405,3596 2450,3593 2495,3593 2540,3593 2584,3593 2629,3590 2674,3590 2719,3590 2764,3590 2808,3590 2853,3590 2898,3590 2943,3590 2987,3590 3032,3590 3077,3590 3122,3584 3166,3587"/>
                <TextEquiv>
                    <Unicode>ste mir schlicht und berettwillig ihr Behenntnis ablegte</Unicode>
                </TextEquiv>
            </TextLine>
        </TextRegion>
    </Page>
</PcGts>
