3400 4104
2898 359 2983 543 6
612 537 2955 764 alle. Sie fühlte, dass es unabänderlich vorbei war
643 714 3048 889 mit ihrer einen, acht mit Ihrer Liebe überhaupt. Es
665 892 3126 1030 war wieder Trieb geworden, willender, durstiger Trieb,
658 1026 2952 1182 der den Mann wollte, einfach den Mann, nicht ihn,
658 1186 2967 1351 den einen! Etwas war dennoch von ihrer tiefen Nei
658 1323 3073 1519 gungn zurückgeblieben: sie war dem Mann, der sie un
674 1501 2942 1650 endlich Hohes hatte empfinden lassen, der sie aus
661 1654 3045 1810 der Dumpfheit fieberndes Verlangens für einige Zeit
658 1813 3123 1966 zurusschönen Heiterkeit der Liebe hinaufgehoben hatte,
652 1950 3154 2122 diesem Mann war sie etwas schuldig geworden. Wahrheit
683 2134 2842 2315 ... Es wihlte in ihr, esi liess sie nicht ruhn.
649 2253 2945 2462 See musste sich ihm entdecken. Sie wusste, was es
2278 2368 2671 2471 wünschte
646 2430 2992 2558 für ein Ende nehmen musste. Darum wollte sie ihn
1410 2518 2028 2633 frei zu erhalten
649 2558 3048 2724 ### von Schmagh und Gram. Sie war nicht geschaffen
646 2702 3101 2892 zum braven Weib, aber sie wollte auch nicht das sei
640 2842 3086 3073 ne werden, denu sie vielleicht schon nach der ersten
621 3017 3033 3189 Nacht hätte betrügen müssen — und der sie dann — das
640 3182 3039 3395 schwebte ihr wohl auch dunkel vor - am nächsten Ta-
627 3360 3005 3522 ge davon gejagt hätte. Der Gedanke, dass er ihr am
624 3498 2942 3691 Ende genügen, dass mit seinem Besitz ihr Wahnsinn
