3432 4104
2840 655 2934 782 G.F.P.
571 608 2750 888 ben konnte, den sie hasste, der sie anwiderte.
564 776 2974 1047 Der Hauch, der von seinem Munde kam, die trockenen,
574 951 2902 1210 heissen Hände, das weit offene starre Auge, seine
577 1113 3080 1337 Stimme, die etwas klirrendes und weinendes hatte, all
602 1269 2918 1518 das ward ihr innerhalb eines Augenblickes so unsag
595 1394 2862 1649 bar unterträglich, dass sie von ihm fort muaste,
592 1534 3052 1783 rasch, zu einem andern, zum andern zu irgend wem
605 1708 3068 1917 der ein Mann und nicht er war. Und noch in derselben
602 1892 3040 2076 Nacht ferliess sie das Haus ihrer Eltern, in der -
614 2033 2993 2263 selben Nacht irrte sie durch die schwillen Strassen
624 2179 3086 2388 der Stadt, in derselben Nacht noch trug sie sich ir-
624 2313 3046 2559 gend einem auf der Strasse an, der eben vor ihr her
630 2519 2987 2694 spazierte und dessen Gang leicht und vergnügt war
630 2644 2996 2824 und den sie früher nie gesehen hatte. Und der nahm
630 2815 3080 3008 sie und jagte sie wieder fort und das war ihrnerster
2463 2921 2665 3139 cette
627 2987 1135 3177 Liebhaber!
627 3099 2955 3308 Sie schwieg nachdem sie mir das gesagt, ohne dass
645 3264 3021 3470 ste Näheres über diesen Mann mitgeteilt hätte. Ich
648 3404 3136 3623 war neugierig geworden und wollte mehr wissen. Wer er
661 3585 2906 3819 war, ob sie ihn geliebt, ob so ihm nachgeweint
