3400 4104
2803 424 2896 582 9
659 560 3103 773 mehr wiederkehren sollte. Was ihr eigenes Los anbe -
665 814 2945 950 langt, so stand ihr Plan fest. Morgen noch, viel
665 959 2880 1095 leicht heute Nacht auf und davon, mit einemmale
674 1123 3112 1324 verschwunden aus dem Kreise der Ihren, weg von allen
681 1278 3066 1482 diesen Menschen, die ruhig und zufrieden und gesund
674 1451 3013 1624 waren und zu denen sie nicht gehört, fort von hier
674 1522 2976 1767 und toll hineingajubelt in ein Leben ungezügleten
668 1702 3156 1872 Lust, für das sie nun einmal bestimmt war, in das ste
671 1890 3072 2094 hinein musste, wenn sie nicht verrückt werden,
681 2054 2215 2237 sie nicht zu Grunde gehen sollte.
671 2172 3112 2395 Wie er, der Bräutigam sie so reden hörte, musste sie
684 2357 3094 2549 ihm wohl von wilderer und flammenderer Schönheit er
684 2506 3131 2688 schienen sein, als je. Und der klagende Ausdruck sei
668 2658 2883 2784 ner Augen wandelte sich allmählich in den Glanz
644 2778 2936 3001 gebenden Begehrens, das heftiger und beftiger da
674 2967 1491 3156 raus hervorbrach.
662 3115 3050 3304 Er stand dicht neben ihr und eben noch bittend, be¬
671 3276 3084 3465 schwörend, hatte er ihre beiden Hände gefasst - und
653 3431 2917 3623 noch klangen ihr seine gramvollen Worte im Ohr:
