3384 4200
1958 1154 2684 1504 ut eingeführ.
266 1187 1917 1578 Sie Mädche wird erst als Frei¬
205 1470 2755 1702 den Tag vor der Hochzeit füllt sie, war für ein
145 1658 2704 2005 wilde sielichen Weib sie ist. Die heiratet
182 1867 2708 2210 nicht. Auf mich, ich bin eine Canaille
188 2082 2893 2398 So.. Auch so will ich, den Brautigam wenigsten
185 2321 2829 2688 der erste sein.  Pfei. Und sie leicht
219 2563 2768 2926 auf die Straße und gibt sich dem erstbeste
360 2866 528 3085 Sir
1012 2967 1827 3286 in your
592 3078 975 3377 Gulle.
1487 3243 2180 3670 he braut
1346 3381 1483 3680 9
