3384 4136
412 559 3032 827 vergessen, aber die Geschichte selbst steht mir eigent-
398 813 3063 998 lich klarer vor Augen, als in der Stunde, da ich sie ver¬
408 926 3039 1122 nahm. Uebergänge haben sich für mich gefunden, frücken,
408 1053 3066 1334 welche sie im Erzählen liess habe ich unbewusst im Beden-
405 1211 1722 1406 ken, im Erinnern ausgefüllt.
394 1375 2998 1557 Sie war aus seiner guten Familie, aus einer sehr geachte
415 1495 3036 1770 ten und bekannten behauptete sie sogar und man hatte ste
412 1701 3138 1869 zu Hause streng erzogen. Aber ihre Sinne erwachten früh und
412 1873 3108 2027 in heftigem Verlangen. In den einsamen Nächten ihrer früh¬
408 1972 2991 2192 reifen Mädchenzeit hatte sie viele Qualen zu überstehen
408 2120 2950 2315 und ein seltsamer Vorsatz bildete sich in ihr, aus un
405 2319 3135 2490 klaren Wünschen zu immerer festerer Gestaltung. Sie wollte
405 2418 2998 2624 warten bis sich der Gatte gefunden, denn das musste sie
405 2638 2981 2837 wohl, dann aber, wenn die Gefahr vorüber wollte stes ich
412 2795 3053 2946 freimütig den ursprünglichen und wilden Trieben ihrer Na
1005 2888 1369 3008 wollte
412 2926 3008 3149 tur hingehen stoh jedem hinschleudern, der ihr gefiel.
391 3101 2943 3307 Männerschönheit und Männerstärke gentessen wo sie sich
405 3269 611 3430 bot.
384 3303 3135 3612 Mit siebzehn Jahren verlobte sie sich und nun kam in ihrem
388 3519 2974 3752 Leben eine kurze Zett, über die sie sich in fast senti
