3400 4104
2802 506 2945 665 13
579 696 2973 881 der Erfüllung für sie verloren gingen, wir, mit der
582 805 2929 1005 ganzen Majestät unseres Ich und wie unsre gleich
585 989 2948 1170 giltige Persönlichkeit nur mehr das allmächtige Ge
582 1132 2967 1348 setz bedeutete, zu dessen zufälligen Vertretern wir
591 1320 1313 1476 bestellt waren.
576 1418 2919 1603 Und wenn sie aus ihrem höchsten Rausch langsam er
595 1606 2932 1759 wachen, sehen wir nicht, wie sie mit einem unheim
591 1768 3056 1956 lichen Staunen uns ansehen, nein, wie sie uns wieder
576 1918 2948 2131 sehen, um sich an uns zu erinnern, weil wir gerade
591 2061 3145 2255 in dem Momente ihrer herrlichsten Entzückung mit allen
601 2223 2868 2382 unsern höchst eigenen Eigenschaften, mit unserem
601 2356 2916 2522 Geht und unserer Schönheit, mit all den Tugenden
604 2484 2964 2662 und all den Lestern, womit wir sie gewannen, so un
598 2681 2954 2830 beschreiblich überflüssig geworden sind, gegenüber
604 2776 3072 3027 dem wigen Prinzip, das in der Maske eines Individu
2449 2913 2643 3021 ren
601 2932 3018 3151 ums erscheinen muss, um walten zu dürfen; der kurze
601 3091 2868 3304 und bewusstlose Augenblick, in welchem die Natur
614 3269 2878 3457 ihren Zweck durchzusetzen weiss, braucht nur den
591 3434 2967 3590 Mann und das Weib und wenn wir auchsein Vorher und
607 3558 2900 3749 Nachher so erfindungsreich von den tausend Lich
