3400 4104
2775 490 2885 621 5
731 530 3007 822 Liebte ihn tief. Ein paar Monate, oder waren ee
740 822 3028 932 nur Wochen, ich weiss es nicht mehr - dauerte die
752 902 3086 1151 ser Zustand an. Der Tag der Hochzeit rückte näher.
728 1084 3153 1304 Da regte sich allmählich wieder die alte Raseret in
755 1194 3001 1374 ihr. Vielleicht lag da ein besonderer Grund vor,
746 1346 3159 1605 über den sie sich selbst nicht klar war, vielleicht
759 1526 3199 1746 war es nur der natürliche Gang und die kurze Periode
765 1666 3043 1843 der Beruhigung nahm ihr Ende, uil das eben in dem
759 1834 3089 2071 Temperament des Mädchens lag. Es kam in etner ent-
762 2032 3040 2227 setzlichen Weise über sie. Zehnmal war ste daran
765 2224 3058 2385 nicht sich ihrem Verlobten hinzugeben-nein...
768 2330 3174 2483 ihn zu nehmen, selbst zu nahmen, mit sich zu ziehen
771 2446 3214 2672 in das dunkel-Zimmer neben dem Salon, - oder dorthin
774 2583 3168 2848 in die Nische - oder dort....Aber die Umstände filg
768 2736 3220 2994 ten es nicht, sie war nie allein mit ihm. Vielleicht
759 2918 3180 3156 auch verliess sie der Mut, wenn die Gelegenheit kam
771 3098 3135 3287 und bald begann sie auch Neder zu merken wie ihre
768 3199 3080 3436 Glut ins Allgemeine ging, wie er eigentlich nicht
765 3375 3071 3546 mähr der Geliebte war. Ja, sie wollte ihn - frei
771 3506 3150 3747 lich — aber auch den — und jenen — und Jenen - und
