3400 4104
649 615 2903 804 gemildert, gestillt sein könnte war ihr zu einer
640 776 3097 955 kindischen Erinnerung geworden, aber gestehen wollte
600 906 2965 1125 stes ihm, ihm sagen: Ich bin nicht geschaffen Det
637 1023 2696 1274 ne brave Hausfrau zu werden, lass mich frei.
628 1252 3101 1425 Die Zeit rückte vor. Die ruhigen uns festen Grenzen
643 1388 3042 1546 ihrer Liebe zu dem einen, verwischten sich mehr und
631 1471 3008 1719 mehr und flessen aus einander zu den zitternden Li
637 1697 2937 1852 nien einer schmerzlichen, ungestellten, kaum mehr
634 1849 2417 2012 zu zügelnden Sehnsucht nach dem Manne.
646 2003 2992 2176 Und eines Abends - sie schilderte mir die Stimmung
637 2158 2986 2331 Jenes Abends mit pfrappierender Kraft, wie sie nur
646 2306 3033 2495 das sichere Bewusstsein von der Bedeutsamkeit eines
621 2467 2977 2658 Erlebnisses besitzt - eines Abends, im Hause ihrer
628 2606 2943 2785 Eltern, im Salon, der in das Halbdunkel von matten
628 2785 2949 2958 färbigen Lampen getaucht war, während sie mit ihm
634 2915 2937 3101 an dem offenen Fenster stand, das auf eine retche
628 3070 3042 3249 und helle Strasse hinausführte, da gestand sies ihm
628 3224 3107 3437 ein. Alles. Die brennenden Wünsche ihrer kaum erwach¬
624 3403 3079 3558 ten Jugend, die kurze Zeit ihrer stillen erwachenden
621 3555 3107 3756 Glüchseligheit und endlich das rasche Untergehen die
