3400 4104
2732 419 2866 569 10
495 511 2923 725 ste missverstehe sich selbst und er verzethe ihr al
495 741 2904 943 les und sie solle nur bei ihm bleiben, ### mit einem
479 834 3048 1077 Mal wurde der Druck seiner Hände, fester, heisser und
498 987 2850 1208 das Zittern der Verzweiflung in###seiner Stimme ward
495 1189 2856 1383 zum Zittern des Verlangens und seine Worte klangen
505 1288 2818 1454 anders mit einemmale, ganz anders, bös es ihr end
498 1441 2933 1665 lich frech, schrill, brutal an ihr Ohr klang, dass er
486 1588 2917 1824 mit seinen Lippen berührte: wenn es schon sein muss
502 1738 2847 1981 wenn Dit schon fort willst, wenn Du schon die brave
486 1904 2808 2083 Hausfrau nicht sein kannst, wenn Du allen gehören
495 2054 2872 2268 willst, die Dich wollen, so gehöre doch zuerst mir,
495 2211 2895 2460 der Dich will wie kein anderer, mir, den Du geliebt
479 2367 2396 2534 hast, mir.. mir.. mtr, der Dich anbetet.
476 2508 2936 2713 Da aber fuhrt sie zurück und mit Ekel stiess sie ihn
454 2671 2086 2876 zurück und entriss ihm ihre Hände.
473 2802 2936 3013 Er begriff anfangs nicht, versuchte noch ungeschickt
476 2994 2844 3221 und flehend ihr klar zu machen, dass es ja nun das
479 3173 2984 3355 Gescheideteste wäre, was sie tun könnte. Ihr aber war
476 3281 2891 3521 dieser Mann, den sie so sehr geliebt hatte, mit et
473 3447 2965 3655 nemmal der einzige geworden, den sie nicht mehr lie-
