3400 4088
2831 442 2972 620 12
658 623 3000 877 was sie empfunden als er sie nahm und wie ihr war,
686 795 2984 1015 als sie das erstemal verlassen wurde. Da aber sah
683 943 2978 1140 sie mich mit grossen Augen an. Und dann, als wäre
686 1087 3028 1296 das etwas ganz selbstverständliches, in einem Tone
689 1249 3072 1490 der Bestimmtheit, der mir jetzt noch im Ohr klingt
695 1378 3037 1613 sagte sie: " das ist ja vollkommen gleichgültig. "
695 1547 3100 1785 Ich verstand sie nicht gleich, aber wie ich sie nun
720 1675 3159 1913 eine Weile anschaute, dieses Antlitz mit dem ruhigen
705 1863 3109 2060 Aufdruck der Glücklichen, welche ihren wahren Beruf
730 2029 3119 2204 gefunden, unbekümmert um die Meinung der andern, da
730 2148 2993 2386 fiel es mit einemmal hell in meine Seele und ich
733 2330 3144 2521 konnte begreifen, was ste gemeint. Ja es var gleich
742 2439 3181 2699 gültig wer jener Mann gewesen, mit dem sie die erste
736 2621 3147 2818 Nacht durchlebt, gleichgiltig wer nach ihm gekommen
758 2790 3275 2978 und gleichgiltig war es auch, ob ich oder ein anderer
758 2890 3213 3138 da neben ihr im Wagen lehnte. Nicht weil sie das war
758 3100 3075 3322 was wir so leichthin eine Verworfene nennen. Denn
773 3216 3103 3473 haben wirs nicht alle an den Frauen, von denen wir
767 3426 3119 3639 wahrhaft geliebt wurden, schaudernd und in stummer
780 3566 3091 3817 Verauflung hundertmal erlebt, wie wir im Moment
