3464 4200
2872 578 2960 825 1
1143 869 1986 1113 D E O Braut.
2347 1187 2706 1397 Studte.
1140 1502 3149 1701 Auf einem Maskenball lernte ich sie kennen
453 1644 3166 1843 nach Mitternacht. Ihre klugen und ruhigen Augen hatten mit
457 1816 3125 2009 gefallen und das dunkelblaue Kletd das sie trug. Sie war
443 1989 3004 2178 nicht machiert und machte durchaus kein Hehl aus ihrer
446 2131 3136 2358 wahren Person. Sie gehörte zur Kategorte dera-ufrichtigen
433 2297 3004 2517 Dirnen, und hatte selbst in dem Maskentrubel, der alle
450 2405 3139 2665 Frauen so sehr dazu reizt, durchaus kein Bedürfnis Komödte
446 2588 3142 2797 zu spielen. Das erfrischte mich, da ich mich von all den
450 2753 3085 2963 trivialen Faschingslügen, die mich umschwirrten recht er
450 2933 1772 3115 müdet und angewidert fühlte.
433 2997 3092 3281 Sie war ungewöhnlich intelligent, man hörte es thren Re
457 3247 3142 3389 den und sah es thren Bewegungen an, dass sie aus besseren
426 3379 3088 3562 Kretsen herham. Bet ihr lag die Frage besondere nah, die
433 3511 3102 3734 man sooft an Weiber ihrer Art stellt, um schliesslich im
433 3714 3041 3880 mer dieselbe abgedproschenen Geschichte zu hören, wie es
