3400 4120
2824 392 2914 501 8
662 479 3045 706 ses Traumes. Er war wie erstarrt. Nie hatte er ähn
638 675 3020 880 liches in dem braven Mädchen aus gutem Hause vermu
650 802 2858 1017 tet, das er mit der freudigen Zustimmung seiner
638 977 3014 1141 Eltern zur Frau nehmen wollte, sind in dem er wahr
650 1148 2917 1316 scheinlich auch das zu finden hoffte, was wir ja
647 1281 3082 1468 alle von unserm künftigen Weibe erwarten: den wunder
650 1452 2986 1611 samen, heiligenk, tugendhaften Kontrast zu den tol
644 1577 3104 1810 len Leidenschaftlichkeit unserer Jugendliebeleien.
644 1751 2899 1925 Er versuchte ihr zu widersprechen. Er wollte ihn
647 1910 3063 2071 klar machen, dass sie sich über sich selber täusche
653 2049 3091 2252 dass sie ein natürliches und im Grunde schönes, für
662 2214 3070 2373 ihn sogar möglicherweise schmeichelhaftes Verlangen
644 2357 2992 2519 heruntersetze und entwethe, weil sie sich in ihrer
650 2522 2948 2681 stolzen Jungfräulichkeit desselben schäme. Es war
653 2687 2982 2836 vergebens. Je eindringlicher er sie über ihren Zu
644 2805 3057 3014 stand beruhigen wollte, mit umso heftigern und deut
638 2961 3110 3166 lichern und frechern Worten liess sie ihn in das Zit
644 3088 3144 3293 tern und Glühen ihrer tiefsten Seele schauen. Und sie
650 3293 3098 3483 erklärte ihm, dass sie ihr*Wort zurücknehme, ihm das
644 3418 3088 3651 seine zurückgebe. Sie flehte ihn an, dass er sie ih
644 3611 2961 3850 rem Schicksal überlassen und in dieses Haus nicht
