6744 4312
998 401 3212 708 so sein...  hi uit will en
1074 610 3004 1014 or went deshe...  She is
1096 859 2843 1166 diesen Aveillick.
1147 1099 3184 1444 Genie Jc. de Last ett. nu
1071 1361 3133 1620 it. at said at dict vie se
1102 1516 3263 1867 use. Der ich nicht zugleich
1071 1725 3149 2154 dp is [illegible] Faischen
1046 1933 3231 2331 int. 4pctum Tausd
1064 2243 3216 2641 Slu Wip. has teben int
1071 2634 1674 2852 je so.
1153 2688 3228 2991 Otto. Wie aus an rehmerzlichst
1106 2916 3140 3314 rit - - dat die nicht... dass
1134 3146 3149 3471 es om der werk klingt.
1162 3418 3127 3727 P.S. We voll ut mitsg
1131 3705 3190 3939 Rein Reindort with man.
1222 3895 3206 4170 Jursie. Nennst du vichs
6021 164 6336 556 230
3490 256 5841 594 sein - aber doch klagt, als fühlles
3503 534 5146 840 de dul.. ne ermidert...
3478 720 5894 1118 Jean. Ermeidet ne.Cbe ist après
3519 960 6074 1377 "it in the die ander"    all  .  "  Gem
3696 1213 5771 1504 Wie wenig brautte.. si-ci
3513 1314 6002 1725 is a dein...    Une dort sel (:d
3579 1557 5980 2053 "it a deur Aige elva me stel".
3535 1769 5600 2208 worauf: hat sich ein Weib.
3522 1977 5746 2416 Ich liege ich heutele ich
3554 2186 5856 2672 lasse da tevel neitet offe
3560 2435 5818 2871 ich stelle mit esste heu ehe
3550 2647 5961 3146 anders at it is... if
3525 2979 5863 3440 spiele dein will im Roll
3547 3203 5938 3626 wie wir wie jet. er get. der
3576 3475 5938 3857 ne voll abst..., il serd
3604 3794 6005 4027 auch zu trechtigt spiel, remplie
