3315 4184
654 669 2430 855 Verwittwete Mutter mit heranwachsendem
624 858 2847 1059 Mit innerm Grauen merkt sie das Erwachen seiner
618 966 2703 1188 lickeit. Sie möchte ihn rein erhalten. Grimm
618 1158 1998 1290 Frau, die ihn verführen will.
609 1290 2997 1503 Er hat einen Freund, jungen Burschen, der heranwächte
603 1452 2919 1623 gleich ihm, die Mutter verliebt sich in ihn, ganz
1182 1593 1347 1755 G.H.F.P.
1395 1638 1515 1761 G.F.P.
609 1596 1122 1770 unbewusst.
651 1731 2388 1926 Sommernacht, in der sie ihm angehört.
597 1893 1677 2088 Glücksgefühl.
639 2052 2766 2271 Wie sie dann hört  direkt? dass der Bursch
642 2226 3057 2448 rühmt dieses Erlebnisses zusammen mit andern schmut
588 2352 813 2517 gen.
582 2514 2988 2748 Tragisch zu enden. Vielleicht dass sie mit dem Sohn
582 2667 1770 2898 zusammen in den Tod geht.
