3331 4200
440 521 2172 770 Spielt eventuell an eine KärntnerSee.
2220 573 2560 735 e e e
437 731 3039 926 Frau von ungefähr 35 Jahren, seit drat oder vor Jahren
2437 799 2557 880 G.F.P.
1806 812 1951 896 G.C.F.P.
440 854 2841 1078 Witwe, in behaglich ruhigen Verhältnissen. Einziger
2369 974 2479 1061 G.F.P.
437 1039 1537 1204 Sohn ungefähr sechzehn.
2149 1055 2362 1194 G.C.F.P.
434 1133 2851 1382 Der Beginnetwa: sie geht zu der Frau/ Witwe, Schau
1550 1282 1663 1362 G.H.F.P.
460 1278 2715 1440 spielerin, wirkliche Kokotte, vielleicht einfach
437 1434 2900 1663 nicht ganz junge Frau von schlechtem Ruf/ und bittet
450 1612 2990 1748 sie ihre Netze doch lieber nach jemandem andern auszu
447 1748 2871 1961 werfen, als nach ihrem Sohn. Es entwickelt sich ein
450 1906 2951 2123 Gespräch, in dem die Besuchte nicht ohne Rührung über
498 2068 3052 2214 die Mutter lächelt, die sich einbildet ihren Sohn rein
460 2210 2854 2414 erhalten zu können, ihr vielleicht sogar verepricht
375 2330 469 2463 De
463 2395 3016 2612 sich nicht weiter um ihn zu kümmern. Das Gespräch könn
456 2550 2964 2754 to auch weiter und tiefer gehn, in die fernere Vergan
453 2706 3045 2926 genheit beider Frauen., so dass die Mutter schon mit ei
450 2871 2945 3087 ner Ahnung eines vielleicht doch nicht wirklich ausge¬
453 3029 2120 3230 kosteten Lebens die andre verlässt.
2495 3074 2644 3181 G.H.F.P
450 3162 2780 3379 Sie kommt nach Hause in die kleine Villa, die sie
456 3324 2951 3502 mit ihrem Sohn bewohnt! Indes ist dort überraschender
1330 3427 1505 3521 End
453 3485 2822 3709 Wetse ein Freund des Sohns Bertram ungefähr gleich
