3347 4168
164 237 974 496 d'ai l. Capitel.
201 411 2154 593 Aller ist gut... Ant Beyl... de Rk.
219 608 2331 834 Eine mit. Zeit der Höhe, der Früsse
225 761 2291 992 herrled:- And the ministers out.
265 964 1956 1214 Nacht. -  In Nartur to.. -
2160 955 2881 1138 Badthunde.
2218 1101 2921 1250 hiltschwiesen
283 1126 1932 1339 jegen ait über. der Schauquel.
2270 1193 2997 1357 dortein etc hielt zi
2346 1333 2553 1530 ad
228 1314 1968 1552 he hadt tregan mihs...
289 1488 1214 1661 - Es kamen nele
262 1667 2224 1838 Eure Pap, un gérieile en et
228 1813 2315 1984 ont de Terosse, en deut icitman.
216 1999 2130 2172 ptilisten, den - Ocherleit Consistisch.
210 2160 2650 2397 wahrheft, mein Geld und weiche Hausverzeiten
201 2355 1783 2565 Abe es kundt nicht davon..
234 2510 2306 2741 to all une Reise allein marter..
268 2690 1543 2924 -der Regis tat huert ne...
353 3033 2258 3274 eas ich der! - Mohn kommt ich!
560 3262 2480 3490 Vorlch, weil Hüpfort – Rund sie den
593 3438 2038 3645 Sie alhie, und wirn j. liess
447 3581 1683 3788 Sie meine seit 2 Fr. Schl.! -
