3339 4168
344 580 2843 777 altrig zu Besuch gehommen. Die Mutter ist sehr froh,
351 725 2764 934 denn sie hofft, dass die Gesellschaft des Kameraden
348 925 2833 1082 Ihren Sohn Hugavon den andern Gefahren ablenken wird.
348 1069 2702 1249 Gemeinschaftliches Sommerleben, Segelpartien usw.
348 1164 2816 1416 Im Laufe dieser Tage, steigende Neigung der Mutter zu
357 1390 2944 1577 dem Kameraden des Sohns, die sie sich nicht gesteht, ja
367 1518 2905 1698 sie ist geneigt eine gewisse innere Unruhe nur auf das
2387 1659 2492 1830 G.F.P.
354 1695 2321 1879 Gespräch mit jener andern zurückzuführen.
364 1803 2961 1997 In etner Nacht kommt Bertram plötzlich zu ihr ins Zim-
377 1971 2728 2193 der Ihr erster Gedanke: Gottes Willen
370 2167 616 2351 hört.
364 2259 2833 2489 Da brauchen Sie keine Angst zu haben. Hugo ist nicht
377 2462 2328 2662 zu Hause er tst bei Frau x/ jener andern
377 2616 1852 2797 Er kommt nun jede Nacht zu ihr.
384 2734 2902 2925 Innerer Widerstreit. Sie beginnt zu filhlen, dass sie
393 2889 2853 3115 zu streng gewesen. Will ihr Leben geniessen. Glaubt
403 3072 2820 3243 sich einverstanden. dass auch Hugo eine Geliebte
407 3184 2869 3380 hat, gesteht sich nicht die deutlichen Veränderungen
420 3357 3056 3554 im Wesen Hugos ein. Endlich tröstet sie sich damit, dass
410 3528 2882 3767 das ganze eine Art von Sommertraum ist. Im Herbst in
