3347 4168
142 324 2210 676 Auch jener dritt mit sehr abgewiesen sein
172 642 2169 916 auf eine Tug, der Fischner.“ im hat jaar
199 808 2260 1047 nigt würdich – schon viel nachgemacht – ein
264 1051 858 1203 ihr kann.
331 1176 1939 1399 damit ihn irgend man zerrissen...
362 1335 2281 1581 Fleser Kneent - je! a ich weit I.
362 1473 3081 1774 - Gebracht. - Die Paul keinich? - Wohrgeheit sei? - In ein Herrenheim
1950 1574 2808 1767 I - in her doubt to...
412 1706 2581 1916 Was er jetzt dort gekommen wäre, daß sie das
321 1892 1666 2102 hatt sie seit sofort eingetraut
436 2051 1247 2240 die Rücksehen zehn.
432 2183 1487 2379 Ihr liegt bei alhier:
422 2281 2416 2585 - Endes steht sie auf - : moch: «. altei Gazier
395 2490 1433 2750 miese fort. mit höge.
473 2646 2392 2858 aber wie soll sie’s ihm lagen! - Von:
460 2730 2612 3010 man in myn.. I went to her befernde to
2750 2855 3159 3058 Mepri ant:
409 3031 963 3223 Obiten.
510 3061 2673 3358 [illegible] in Jager Bimuen.  Mis lodt las a et
564 3315 1419 3534 man – men jap dt...
595 3416 2575 3679 Ruf? Kann das doch! Mollt ich Gazien gehen.
585 3629 2608 3862 Sie erhen... Rasen kein, we lass im Weiten¬
