3288 4024
368 436 2903 697 der Stadt wird alles anders werden. / irgend etwas kon
375 681 2773 846 hretes wäre zu finden/  eine Beschäftigung, die in
349 852 2799 982 Aussicht steht, vielleicht kommt auch ein Besuch aus
358 991 2896 1140 jener andern ihr jetzt ganz versinkenden bürgerlichen
872 1101 2874 1250 Vielleicht kommt in diese seit Herr Wilhelms!“, auf einer Be¬
662 1169 2606 1317 lour - belendgt, daß er ehe Knuß + verkennet.
358 1159 591 1317 Welt.
349 1275 2735 1466 Eines schwillen Nachmittags liegt sie wieder mild in
365 1443 2848 1611 ihrem Zimmer, hört Stimmen unten., die Bertrans und
368 1572 2945 1802 eine ihr fremde. Nachdem sie einige Wort gehört, sieht
371 1763 2712 1921 sie durch die Ritzen der grünen Jalousten hinunter
352 1899 2945 2112 Es ist ein andrer Kamerad ihres Sohns, den sie nur ganz
375 2053 2719 2244 flüchtig kennt. Die Burschen erzählen erst harmlos
378 2241 2719 2386 vom Sommertreiben, Studtenplan usw..Endl t-ch kommt
371 2386 2874 2551 intimeres zur Sprache, der neu angekommene Max er -
368 2541 2870 2735 sählt ein sehr enivches Abenteuer überdeutlich, buten
368 2648 2954 2854 haft und dringt xxx in den andern ihm doch auch nicht
358 2835 2812 3041 zu verschwetgen was zer erlöbte. Der lässt sich zuerst
371 2954 2812 3161 bitten, endlich aber in knabenhaftem Stolz berichtet
371 3122 2635 3300 er sein Abenteuer, will zuerst diskret den Namen
365 3293 2877 3500 nicht nennen, verrät sich aber natürlicherweise durch
368 3448 982 3668 Einzelheiten.
1053 3474 1140 3607 1.
