3323 4168
150 254 1521 576 Inunter. Weg. Kühler.
134 469 1456 733 Fr. Geben von de Bebn.
130 681 2195 928 pouzes Herr  erheut ils au foup ont.
199 834 2820 1094 (hat bei ihre verkehrt). (Naistat ihn zur gehabt.
1990 983 2778 1228 Grosse Vertre m.
153 1035 1583 1371 etwas kreis et elegant -
182 1221 1013 1443 Et vu Hotel...
306 1283 2905 1661 dits voll ein Unsine jetzt zu Tortücke - (Derge¬
280 1589 1202 1797 Baden lieber.
283 1667 2475 1983 Yy’d has macht neerroter - "futost.
270 1863 2530 2191 - Au Balkon : - Tertinata, n'en jœur
257 2042 2130 2371 (mit der nigester in Bad i a) -
374 2204 2833 2546 Gemait. - Jeune vulant un d. (harmon).
2335 2387 2963 2589 No sch cuit.
218 2400 2257 2739 Becte fallt der schwerfliche für auf¬
225 2628 2507 2957 Sie fühlt (diesen Versun gegennte) sehr
231 2820 2556 3093 slach ihre. Bericht. Eher billige Seife,
267 3009 2419 3299 [illegible] faill hi eis - and terdiand hatte
257 3149 2768 3461 zugeblich ein Verk mit ihr —: —. un zweck
335 3377 2377 3569 Also - & it have in wegen meine Tobales
329 3507 2185 3790 Flacht. Ich weis doch nach sehr
