<?xml version="1.0" encoding="UTF-8" standalone="yes"?>
<PcGts xmlns="http://schema.primaresearch.org/PAGE/gts/pagecontent/2013-07-15" xmlns:xsi="http://www.w3.org/2001/XMLSchema-instance" xsi:schemaLocation="http://schema.primaresearch.org/PAGE/gts/pagecontent/2013-07-15 http://schema.primaresearch.org/PAGE/gts/pagecontent/2013-07-15/pagecontent.xsd">
    <Metadata>
        <Creator>prov=READ-COOP:name=TrHtr:version=2.1.0:model_id=51170:date=14_08_2023_09:38</Creator>
        <Created>2023-05-10T14:07:21.131+02:00</Created>
        <LastChange>2023-08-14T09:38:38.704+02:00</LastChange>
        <TranskribusMetadata docId="1428604" pageId="55416426" pageNr="16" tsid="132787478" status="IN_PROGRESS" userId="64420" imgUrl="https://files.transkribus.eu/Get?id=JAPRBFGRKQVVIUXQFXYCUANX&amp;fileType=view" xmlUrl="https://files.transkribus.eu/Get?id=YLZOBYBKJURCFBCLFNZILMXT" imageId="44690532"/>
    </Metadata>
    <Page imageFilename="1428604_0016.jpg" imageWidth="3339" imageHeight="4168">
        <ReadingOrder>
            <OrderedGroup id="ro_1711788609264" caption="Regions reading order">
                <RegionRefIndexed index="0" regionRef="tr_1"/>
            </OrderedGroup>
        </ReadingOrder>
        <TextRegion id="tr_1" custom="readingOrder {index:0;}">
            <Coords points="203,367 2982,367 2982,1750 203,1750"/>
            <TextLine id="tr_1_tl_1" custom="readingOrder {index:0;}">
                <Coords points="186,488 767,438 1010,509 1187,429 1575,426 1994,481 1976,311 1786,388 1491,301 1289,348 1112,270 525,339 186,258"/>
                <Baseline points="203,426 211,426 256,423 301,423 346,423 391,423 435,423 480,420 525,423 570,426 615,423 659,423 704,420 749,420 794,420 838,420 883,417 928,417 973,420 1018,423 1062,423 1107,423 1152,420 1197,420 1242,423 1286,423 1331,420 1376,420 1421,420 1465,420 1510,420 1555,426 1600,423 1645,420 1689,426 1734,426 1779,429 1824,429 1869,432 1913,432 1958,426 2003,420"/>
                <TextEquiv>
                    <Unicode>Uurute. In sein (Heip's premier E.</Unicode>
                </TextEquiv>
            </TextLine>
            <TextLine id="tr_1_tl_2" custom="readingOrder {index:1;}">
                <Coords points="2541,584 2619,609 2730,553 2755,562 2845,531 2867,544 2926,534 2935,441 2898,450 2814,416 2730,438 2693,413 2647,435 2634,419 2612,435 2560,429"/>
                <Baseline points="2561,570 2576,555 2621,552 2666,552 2710,546 2755,540 2800,534 2845,528 2890,525 2934,522"/>
                <TextEquiv>
                    <Unicode>cemeur,</Unicode>
                </TextEquiv>
            </TextLine>
            <TextLine id="tr_1_tl_3" custom="readingOrder {index:2;}">
                <Coords points="196,612 600,587 904,671 1053,615 1215,640 1320,575 1528,621 1528,497 1333,469 901,519 537,444 404,519 317,463 196,481"/>
                <Baseline points="214,582 235,585 280,582 325,579 370,582 415,582 459,582 504,579 549,579 594,582 638,579 683,576 728,576 773,573 818,576 862,576 907,576 952,576 997,579 1042,573 1086,573 1131,573 1176,573 1221,573 1265,573 1310,573 1355,573 1400,573 1445,570 1489,567 1534,567"/>
                <TextEquiv>
                    <Unicode>Bei Tortivate : - finit. -</Unicode>
                </TextEquiv>
            </TextLine>
            <TextLine id="tr_1_tl_4" custom="readingOrder {index:3;}">
                <Coords points="2320,721 2345,733 2457,677 2538,696 2637,665 2970,708 2982,553 2820,537 2690,609 2640,590 2463,615 2370,556 2330,565"/>
                <Baseline points="2340,683 2355,683 2400,677 2445,677 2490,674 2534,674 2579,668 2624,665 2669,662 2713,656 2758,653 2803,653 2848,647 2893,644 2937,641 2982,647"/>
                <TextEquiv>
                    <Unicode>zweit und thun.</Unicode>
                </TextEquiv>
            </TextLine>
            <TextLine id="tr_1_tl_5" custom="readingOrder {index:4;}">
                <Coords points="224,749 488,826 789,736 2177,733 2140,652 1665,600 1460,680 224,655"/>
                <Baseline points="241,722 256,722 301,719 346,719 391,719 435,722 480,722 525,722 570,722 615,722 659,722 704,722 749,722 794,719 838,719 883,719 928,719 973,719 1018,716 1062,716 1107,716 1152,713 1197,713 1242,713 1286,713 1331,713 1376,710 1421,710 1465,707 1510,707 1555,707 1600,707 1645,707 1689,707 1734,707 1779,707 1824,707 1869,710 1913,710 1958,710 2003,710 2048,707 2092,704 2137,704 2182,710"/>
                <TextEquiv>
                    <Unicode>nur jetzt kommt - sei. - Bechau! -</Unicode>
                </TextEquiv>
            </TextLine>
            <TextLine id="tr_1_tl_6" custom="readingOrder {index:5;}">
                <Coords points="2330,777 2398,786 2420,770 2491,792 2519,770 2553,767 2575,786 2674,755 2783,758 2786,690 2724,674 2650,686 2625,665 2538,699 2485,668 2333,730"/>
                <Baseline points="2346,767 2388,767 2433,761 2478,758 2522,758 2567,761 2612,755 2657,749 2702,746 2746,740 2791,737"/>
                <TextEquiv>
                    <Unicode>der hat...</Unicode>
                </TextEquiv>
            </TextLine>
            <TextLine id="tr_1_tl_7" custom="readingOrder {index:6;}">
                <Coords points="2473,851 2563,864 2588,842 2615,860 2668,832 2721,870 2895,832 2901,733 2820,727 2724,767 2678,755 2594,780 2560,761 2479,783"/>
                <Baseline points="2490,833 2501,833 2546,833 2591,830 2636,830 2681,824 2725,818 2770,815 2815,812 2860,809 2905,803"/>
                <TextEquiv>
                    <Unicode>Ma ist!</Unicode>
                </TextEquiv>
            </TextLine>
            <TextLine id="tr_1_tl_8" custom="readingOrder {index:7;}">
                <Coords points="242,888 1283,941 1457,870 1547,926 1705,860 2078,867 2081,733 1951,718 1789,820 1528,761 1407,832 1013,836 795,733 466,857 245,761"/>
                <Baseline points="259,877 295,880 340,880 385,880 429,880 474,880 519,880 564,880 609,880 653,880 698,880 743,880 788,883 833,880 877,880 922,880 967,883 1012,886 1056,886 1101,880 1146,880 1191,880 1236,877 1280,874 1325,871 1370,871 1415,871 1459,868 1504,868 1549,871 1594,871 1639,871 1683,862 1728,859 1773,847 1818,838 1863,835 1907,835 1952,830 1997,827 2042,827 2086,824"/>
                <TextEquiv>
                    <Unicode>hem in follemille.. Tit - Laus</Unicode>
                </TextEquiv>
            </TextLine>
            <TextLine id="tr_1_tl_9" custom="readingOrder {index:8;}">
                <Coords points="224,1047 2482,1016 2718,982 2724,851 752,988 230,932"/>
                <Baseline points="244,1015 265,1018 310,1021 355,1021 400,1024 444,1024 489,1024 534,1024 579,1024 624,1027 668,1027 713,1030 758,1033 803,1033 847,1036 892,1036 937,1039 982,1033 1027,1027 1071,1024 1116,1018 1161,1018 1206,1012 1250,1012 1295,1006 1340,1003 1385,1000 1430,994 1474,994 1519,994 1564,994 1609,991 1654,988 1698,988 1743,985 1788,982 1833,982 1877,979 1922,976 1967,976 2012,973 2057,970 2101,967 2146,964 2191,958 2236,955 2281,955 2325,955 2370,952 2415,949 2460,946 2504,943 2549,937 2594,934 2639,931 2684,928 2728,922"/>
                <TextEquiv>
                    <Unicode>I am his cold... - her plotst it was in: es m jste.</Unicode>
                </TextEquiv>
            </TextLine>
            <TextLine id="tr_1_tl_10" custom="readingOrder {index:9;}">
                <Coords points="230,1224 1019,1205 1311,1283 1690,1143 2174,1183 2177,1010 1854,1078 1171,1034 907,1124 233,1050"/>
                <Baseline points="247,1164 259,1167 304,1167 349,1167 394,1164 438,1167 483,1167 528,1167 573,1167 618,1167 662,1161 707,1164 752,1164 797,1161 841,1164 886,1164 931,1161 976,1158 1021,1155 1065,1155 1110,1152 1155,1149 1200,1146 1245,1146 1289,1146 1334,1146 1379,1143 1424,1140 1468,1140 1513,1140 1558,1137 1603,1140 1648,1140 1692,1137 1737,1137 1782,1137 1827,1137 1872,1140 1916,1137 1961,1137 2006,1137 2051,1137 2095,1137 2140,1137 2185,1137"/>
                <TextEquiv>
                    <Unicode>He ist will d. A [illegible]</Unicode>
                </TextEquiv>
            </TextLine>
            <TextLine id="tr_1_tl_11" custom="readingOrder {index:10;}">
                <Coords points="227,1348 258,1354 308,1333 329,1351 404,1323 547,1364 584,1329 659,1333 662,1255 587,1289 351,1218 311,1236 230,1224"/>
                <Baseline points="244,1319 259,1316 304,1316 349,1316 394,1319 438,1319 483,1319 528,1316 573,1310 618,1307 662,1310"/>
                <TextEquiv>
                    <Unicode>könne...</Unicode>
                </TextEquiv>
            </TextLine>
            <TextLine id="tr_1_tl_12" custom="readingOrder {index:11;}">
                <Coords points="233,1494 335,1475 513,1507 643,1444 742,1432 817,1463 864,1423 969,1423 972,1367 882,1351 761,1388 665,1320 631,1339 606,1320 540,1367 426,1323 239,1351"/>
                <Baseline points="250,1451 259,1451 304,1454 349,1451 394,1454 438,1448 483,1448 528,1445 573,1442 618,1436 662,1433 707,1430 752,1430 797,1430 841,1427 886,1421 931,1421 976,1421"/>
                <TextEquiv>
                    <Unicode>M u Heys.</Unicode>
                </TextEquiv>
            </TextLine>
            <TextLine id="tr_1_tl_13" custom="readingOrder {index:12;}">
                <Coords points="221,1597 2059,1566 2128,1460 1774,1373 1236,1513 733,1448 572,1522 224,1488"/>
                <Baseline points="238,1588 250,1588 295,1585 340,1585 385,1585 429,1588 474,1585 519,1582 564,1582 609,1579 653,1579 698,1573 743,1573 788,1570 833,1567 877,1567 922,1564 967,1558 1012,1555 1056,1552 1101,1546 1146,1540 1191,1540 1236,1534 1280,1534 1325,1528 1370,1528 1415,1528 1459,1528 1504,1525 1549,1522 1594,1522 1639,1525 1683,1522 1728,1525 1773,1525 1818,1528 1863,1528 1907,1531 1952,1531 1997,1534 2042,1534 2086,1537 2131,1543"/>
                <TextEquiv>
                    <Unicode>unser héiouill. Bei Fortinunle</Unicode>
                </TextEquiv>
            </TextLine>
            <TextLine id="tr_1_tl_14" custom="readingOrder {index:13;}">
                <Coords points="202,1740 1137,1811 1659,1699 1969,1708 1972,1603 1416,1649 972,1597 634,1677 205,1587"/>
                <Baseline points="220,1725 232,1728 277,1725 322,1728 367,1731 412,1734 456,1740 501,1740 546,1740 591,1737 635,1737 680,1734 725,1728 770,1728 815,1722 859,1719 904,1716 949,1716 994,1710 1039,1710 1083,1710 1128,1707 1173,1707 1218,1710 1262,1707 1307,1707 1352,1710 1397,1710 1442,1707 1486,1704 1531,1701 1576,1698 1621,1698 1666,1695 1710,1695 1755,1695 1800,1692 1845,1695 1889,1692 1934,1689 1979,1689"/>
                <TextEquiv>
                    <Unicode>Nein, cit jet nicht - id. get nicht.</Unicode>
                </TextEquiv>
            </TextLine>
        </TextRegion>
    </Page>
</PcGts>
