3384 4088
333 349 1955 695 Jas Nov. Mutter & Hof
523 721 872 1034 Aly
523 914 2333 1196 Müll und Sohn auf idem ihr Sohn
504 1137 2504 1393 Hählt der Geschichte. Mitweissenden
443 1335 2475 1535 keit, sind weil er sich in einem
436 1535 2430 1751 Auch das möglich.“ Je diese Einsinn
459 1780 1079 1948 verleiten sie
320 2003 2915 2381 Begon. Frau K. in Hofzeich mit einer Freunde
465 2259 2763 2546 der willst hat. Ich das ihr heute ein. Ich nieher
504 2488 2844 2701 ihn nicht fort – Ich hat genug –  Ich will auch hier ausrechnen,
620 2692 1105 2821 les glaisent.
401 2795 1816 2966 Mier wird Frau L. Hinsentl —
401 2918 1819 3105 Mukommen hat gestern. Bad.
407 3008 2827 3260 durch hare Anlese. Aber bei der ganz kommen Sie, lass
1364 3215 1638 3331 ter haben,
410 3241 1102 3380 Nie ihn in Freude.
465 3264 2918 3432 Uni lann:...  v/h. – – M. dann heft ich wissen müßen.
488 3422 2091 3564 Ich weit sie denke nach Bosen, eben ein
527 3567 902 3667 men etc.
553 3674 662 3751 It
575 3648 2294 3845 das erklärte sich dr. h. volgemehrt
611 3826 3050 3916 der Inhutete sie, - nicht weh, er soll das noch an Könne
