3323 4168
97 399 1348 675 Ein Buit m Teitman
119 523 2115 800 Auf seinen Büroupapier. Geschäftbchen¬
100 758 1515 1007 von nicht immerkeit nach ei¬
128 852 2215 1205 Alumese.. Boumeisters - Hup. Trit. - Neate
183 1071 1829 1351 der Hopatrohr mes seine Schulstes;
1366 1177 2145 1397 Josuks
161 1235 1190 1473 Man auf sich auf
164 1378 1999 1613 Des Stund ia mongevoire.
180 1494 2248 1762 Soune... Man witte onwth Wein, Kalk
204 1722 694 1895 Fleisch. -
189 1804 1546 2054 Nacht liegt ue heim¬
176 1886 1795 2175 Beate durelt. Mede in Rind
204 1993 2346 2340 or Hopilsoh legt it nahe.. to reditugen
776 2215 1254 2413 (widerlich)
176 2318 499 2449 etc as...
222 2361 1174 2592 Oiti, Cassen Sie...
265 2331 2002 2690 Tausant de Wiere.. Tnt pfeift...
240 2510 2683 2833 was and do für Tage. Schön ihr - Licht'.
262 2747 2318 2994 Abe die große Tins und sie nicht in Anwahlen...
