5800 4744
2309 342 3293 579 Das Tage-Buch
1908 475 3698 657 Erscheint jeden Sonnabend. Herausgeber: Stefan Großmann
1682 683 3950 850 Ernst Kowohlt Verlag. Berlin W 35
1552 802 4080 969 PorsDAMER STRASSE 1238. AN DER POTSTAMER BROCKE
5220 787 5454 910 88.3.58
1533 891 4117 1043 TELEGRAMM-ADRESSE: T deserbuch BENSPRECHER: AMT LÜTZÖW NR. 4931
4763 846 5457 1040 Jahannes
2157 969 3479 1140 SPRECHSTUNDE DER REDAKTION: 12-1 UHR
4956 1014 5472 1140 8.
1518 1010 1827 1233 Gr/Sch
2283 1084 2989 1259 10. Februar 1921
4336 1028 4496 1192 Gt
4748 1177 5446 1336 xxx St*pea Soe: e
1544 1199 1953 1362 BEDAKTION
4782 1262 5450 1448 ripereur S20:9
1745 1526 2001 1719 Herrn
2023 1559 3441 1867 Dr.med. Arthur Schnitzler
3505 1697 3839 1871 Wien
3312 1834 3835 1927 ......................... ̃-
3352 1893 4058 2001 Sternwartstr. 71
1964 1960 3482 2183 Verehrter lieber Herr Dr. Schnitzler!
1723 2060 4448 2343 Ich übersende Ihnen heute einige Nummern des „Tage-Buch“, in denen
1563 2283 4396 2450 ich die etwas heuchlerische Hetze gegen den „Reigen“ satyrisch behan¬
1570 2365 4500 2584 delt habe. Es ist mir bekannt, dass Sie niemals zu Ihrem Schaffen selbst
1567 2528 4552 2736 das Wort nehmen wollten. Wenn Sie aber bedenken, in wie unangenehmer Form
5275 2550 5450 2695 G.C.F.P.
1611 2677 4373 2862 Harden jetzt gegen die „Reigen"-Aufführung geschrieben hat, wäre es
5231 2688 5450 2836 sse."S
1582 2777 4540 3018 vielleicht doch von Wert und Nutzen, wenn Sie sich entschliessen könnten,
4670 2788 5101 3007 P.T. GUTωSTB
5220 2833 5465 2996 838.9
1582 2918 4425 3118 im „Tage-Buch“ selbst das Wort zu ergreifen und sich zur öffentlichen
5235 2951 5506 3111 P.S.
1582 3067 4526 3267 Aufführung des „Reiegn“ zu äussern. Jedenfalls bitte ich Sie, über meine
4748 3063 5487 3278 et aruta soe'ee.
1589 3196 4384 3382 Zeitschrift zu verfügen. Das „Tage-Buch“ hat sich in den fünfviertel
4748 3222 5476 3401 T###epl Juf S20’2
1593 3278 4470 3486 Jahren seines Bestehens in Deutschland vollkommen durchgesetzt und Sie
1611 3449 4492 3675 sprechen durch mein „Tage-Buch“ zu dem gebildeten "eutschland, das ehe-
1600 3557 4522 3779 dem die Zukunft gelesen hat. Ich würde mich freuen und das Gefühl haben,
1615 3698 4440 3876 einer gerechten Sache zu dienen, wenn Sie sich entschliessen wollten,
1615 3880 3011 4043 durch das „Tage-Buch“ zu sprechen.
2480 3965 3430 4154 Mit herzlichen Grüssen
3430 3946 4555 4399 Wifner immer
2554 4106 3308 4284 Ihr sehr ergebener
