3525 4731
300 855 2859 1028 Wenn die es wünschen – die nöthigen Aufklärungen über
283 1035 3038 1193 das Detail des Wortens mitzutheilen. Soviel sei betont¬
266 1152 3021 1414 Daß wir Mustervorstellungen zu machen gedenken
283 1366 2980 1559 und daß uns vor Allen eine Conventerung des Hielstand
283 1538 3049 1724 der W. Bühnen, die ja fast durchwegs im Familienstück
286 1697 1949 1852 zugründergehen, unerlährlich erscheint.
852 1983 2862 2259 Die Freie Vollesbühne wurde es sich zur Ehre
245 2224 2697 2383 rechnen, Ihren Namen unter den Begründern dieser
245 2435 2038 2683 die Unternehmens nennen zu dürfen
755 2693 2469 2931 Ihren freundlichen Antwort gewärtig
1435 3094 2569 3321 mit allen Hochschütz
1435 3300 1662 3532 .1.
1655 3414 2721 3818 Wefan Grossmann
1652 3811 2635 4087 Wien I. Garban 29
