3525 4731
205 873 2872 1118 Die Statuten des Vereines hat die Karpner bereits aus gearbeitet
789 1155 2985 1385 Dem Comité läge nun sehr viel daran
186 1381 3069 1575 wenn sie, sehr geehrter Herr, dem Ausschüsse beiträten
201 1597 3022 1739 wollten. Wir glauben, daß unser Unternehmen, an dessen
186 1761 3113 1940 Bestand und Wirksamkeit (vom Herbst an) nicht mehr zu rückeln
183 1940 3018 2134 sein wird, auch Ihrer Wünschen und Hoffnungen für das
212 2130 2886 2404 Theaterwesenk Wiens entsprechen wird und würden
2419 2130 2857 2306 us al
194 2353 2974 2638 Ehre und auch als große Freude empfinden, wenn Sie
197 2547 1403 2755 unsrem schönen Beginnen.
1801 2572 2298 2781 freundliche
1520 2550 1721 2740 Wm.
2386 2580 2846 2784 Mithilfe
212 2744 884 2960 widmen wollten.
599 2974 2930 3263 Eine constituirende Versammlung des Ausschusser
179 3182 2974 3460 soll Dienstag abends (gegen 10) stattfinden. Wenn
164 3398 2974 3635 sie daran theilnehmen wollten, würden sie uns zu großem
124 3643 3058 3928 Dank verpflichten. Auch ist der Unterzeichnete zum Gereit, Ihnen
