5746 4952
3807 487 4132 670 new
2159 477 3113 688 Das Tage-Buch
1054 418 1600 833 posting
1724 632 3538 777 Erscheint jeden Sonnabend ‘ Herausgeber: Stefan Großmann
5186 746 5379 878 G.C.P
1517 774 3769 985 Ernst Kowohlt Verlag. Berlin W 35
1382 840 3911 1085 POTSPAMERSTRASSE 1238 AN DER POTSTAMER BRÜCKE
5151 878 5373 1036 sss '8
1372 954 3925 1171 TELEGRAMM-ADRESSE: TAGÈBUCH BERLIN  FERNSPRÉCHER: AMT LÜTZÖW Nk. 4931
5165 1009 5386 1137 G.C.F.P.
2028 1075 3313 1192 SPRECHSTUNDE DER REDAKTION: 12-1 UHR
4937 1154 5421 1303 ...
1624 1164 1956 1323 Gr/Sch
2211 1164 2819 1320 26. April 1922
5148 1268 5376 1413 G.C.H.F.F:H:H.H:F:F.H
1375 1306 1783 1489 BEDAKTION
5151 1392 5376 1541 820:3
4827 1365 5103 1520 G.C.F.K.P.
1686 1945 1942 2111 Herrn
1976 1907 3251 2246 Dr. Arthur Schnitzler
3369 2083 3714 2222 Wien
1959 2270 3047 2539 Verehrter Herr v. Schnitzler!
1759 2391 4222 2612 Sie wissen vielleicht, dass ich mich in Wien nie so sehr als
1572 2519 4236 2754 Österreicher gefühlt habe, wie ich es in Norddeutschland tue. Das
1569 2671 4277 2906 hat mein ganzes Verhältnis zur Heimat wesentlich geändert. Deshalb
1575 2764 4357 3033 glaube ich keine Fehlbitte zu tun, wenn ich Ihnen mitteile, dass wir
5172 2819 5397 2964 sse:8
1579 2944 4143 3151 Mitte Mai ein Heft des „Tage-Buch“ herausgeben wollen, das ein
4578 2816 5051 3127 C.P.T.K.K:B
5172 2940 5414 3082 838.9
1607 2995 4371 3289 österreichisches Heft, ein Schnitzlerheft werden soll. Ich habe auch
5155 3082 5438 3244 844.64
1600 3189 4212 3410 heute dieserhalb an Felix Salten geschrieben, und ich wäre Ihnen
1679 3206 2781 3341 de la rivre de lʼauteur ses mêmesme oùcripe.
4675 3151 5431 3338 Kirje, että saa! ee
1603 3303 4232 3528 zu Dank verpflichtet, wenn Sie mir dafür eine Ihrer ungedruckten
4688 3341 5411 3521 Leipel 1737 S20.2
2615 3407 4457 3669 phorismen oder eine anders ungerecht verschol-
1610 3514 2636 3700 Arbeiten, seien es nur A
1852 3604 2633 3728 3.0
1620 3569 4402 3870 lene Arbeit aus früheren Zeiten, überlassen wollten. Ich sende Ihnen
1638 3652 4319 3935 die letzten Nummern des „Tage-Buch“, aus denen Sie ersehen wollen,
1634 3859 4398 4067 dass die Zeitschrift die besten deutschen Autoren zu ihrem Mitarbei-
1648 3980 3462 4250 tern hat, sodass sie sich sehen lassen kann.
