7352 4680
281 376 3522 622 Ensuite elle lave les mains et le
246 609 3669 869 visage et met une robe de chambre
251 735 3664 977 On sonne à la porte d'entrée, elle entend
285 899 3556 1124 la femme de chambre traverser l'
251 1072 3526 1296 antichambre et ouvrir. Elle entend
281 1232 3634 1482 la voix de son mari elle entend com¬
238 1387 3651 1655 me il posé la canne. Elle sent qu'
268 1620 3638 1824 il faut qu'elle soit forte à présent
220 1763 3556 2027 sinon, tout vains efforts. Elle se hâte
264 1901 3500 2195 d'aller à la salle à manger si bien
259 2079 3587 2385 qu'elle entre a en même temps que
285 2256 3656 2459 son mari. - Ah tu es à la mai¬
272 2424 1616 2632 son? Dit-il.
506 2571 3608 2830 Certainement, depuis longtemps.
346 2779 3651 2947 On ne t'a pas une venir évidemment.
225 2947 3522 3116 Elle sourit sans être obligée de se con
281 3111 3522 3358 traindre. Mais cela la fortigne de
341 3245 3409 3448 devoir sourire. Il la baise au
367 3440 1106 3656 front.
225 3556 3690 3798 Le petit est à table. il a dû attendre
298 3742 3621 3980 longtemps il s'est endormi. Le livre
268 3928 3660 4205 est dans l'assiette; son visage repase
302 4084 3487 4373 dans le livre ouvert. Elle s'assied
3863 320 6888 648 près de lin, son mari vis à vis, il
3855 532 7018 791 prend un journal en main y
3820 691 7044 981 jette un regard fugitif. Puis le
3833 851 6953 1089 mettant de côté dit : les autres
3816 1046 7044 1223 sont ensemble et discutent encore
4049 1193 6663 1417 Sur quoi? demande-t-elle
3820 1344 6983 1577 Il commence à parler beaucoup et
3777 1543 7169 1772 bien longtemps de la séance. Emma
3803 1672 6992 2005 fait comme si elle écoute, parfois,
3855 1849 7173 2061 elle approuve de la tête. Mais elle
3764 2031 7178 2234 n'entend elle ne sait rien de ce qu'il
3807 2191 7108 2459 dit, elle est comme quelqu'un qui
3738 2368 6983 2636 vient d'échapper d'une manière
3755 2588 7234 2800 miraculeuse au plus terrible danger.
3811 2727 7169 2934 elle ne sent rien que: je suis sauvée
3798 2861 7204 3133 je suis chez moi? Pendant que son
3777 3029 7139 3250 mari continue son récit, elle recule
3798 3224 7087 3496 la chaise près de son enfant prend
3820 3418 7238 3595 sa petite tête et la serre sur son sein
3837 3548 7251 3747 Une fatigue indiscible l'accable - elle
3777 3712 7039 4014 ne peut pas se maîtriser elle sent
3807 3863 6823 4174 l'assaupissement la gagner, elle
3850 4040 6439 4386 ferme les yeux. Cont à coup,
