3599 4680
77 425 3239 662 Si, c’était elle, en l’apércevant elle presse le pas
202 580 1517 812 En viens a pied?
159 722 2526 1001 J'ai renvoyé la voiture devant le
2565 722 3274 937 Carithéâtre
103 894 2389 1164 je crois avoir déjà en ce cocher
271 1057 3295 1328 Un monsieur en passant, jette sur la
103 1229 3450 1482 jeune femme un coup d'œil furtif. Le regard
112 1413 3398 1645 perçant presque menaçant du Cenne homme
129 1542 3454 1839 lui fit hâter sa course. La dame se tourna
163 1736 1512 1976 pour le regarder.
185 1882 3149 2054 qui était-ce? Demanda-t-elle avec andiété
0 2079 3454 2307 - je ne sais pas. Mais n'aie pas peur, aucune
107 2294 3351 2475 connaissance ne viendra pas ici. Viens
150 2427 1435 2586 vite. montons
189 2578 2079 2831 Est-ce là ta voiture.
206 2728 1804 2904 Om c'est la mienne
176 2917 2011 3145 Quverte par ce temps?
163 3055 3175 3355 Il faisait si beau il y a une heure
103 3248 3441 3441 Ils hâterent le pas, la jeune femme monte
64 3476 3317 3673 la première, Franz appelle le cocher il ne
69 3570 971 3849 répond pas.
90 3772 3471 3944 On peut-il être maintenant dit Emme
142 3914 3381 4172 Franz regarde autour de lui. C'est incroyable
150 4107 2453 4374 ce manant n'est pas à voir
