7320 4696
208 365 3463 642 Pas loin d'ici, Madame nous sommes tout
204 573 3437 877 près de Franz gosifsland.. Nous verrions les
256 733 3563 1085 maisons, s'il y avait de la lumière en cinq
256 911 1831 1141 minutes on y serait,
243 1059 3607 1354 - Allez-y l'attendrai votre retour et ramenez
221 1241 1858 1450 du monde avec vous.
278 1367 3554 1697 - Oui, mais je crois que je ferais mieux de
286 1571 3650 1792 rester là, il n'y a plus longtemps à attendre
286 1749 3576 2035 Que quelqu'un vienne c'est pourtant la
378 1910 1745 2140 Preichstrasse et
434 2044 3637 2335 Ce serait trop tard qui trop tord. Il nous
243 2248 1745 2522 fant un médecin
317 2409 3572 2621 Le cocher porta ses yent sur le corps ina
282 2617 3663 2864 nimé puis regarda Emma en seconant la tête.
417 2760 3611 2956 Vous ne pouvez pas savoir, s'écria t-elle
252 2903 1771 3194 ni moi non plus.
404 3064 3620 3290 Oui om, vous avez raison Madame, mais
243 3281 3481 3520 on trouver un médecin à Franz Josefsland?
252 3398 3615 3650 De là-bas,on enverra en ville, si ça ne va
273 3594 1814 3845 pas autrement, et
282 3732 3633 4010 -Ecoutez Madame, il me vient à l'idée, qu'on
239 3975 3563 4114 aura peut-être un téléphon. Nous pourrions
252 4075 3524 4379 téléphonner à la société de Bon-Secours.
3854 247 6914 642 C'est ce qu'il y a de mient! Allez de grâce,
6349 512 7148 729 et... s'il
3719 529 6267 812 courez! Ramenez du monde... Et
6362 699 7031 916 encore?
3724 690 6310 968 vous plaît, courées, qu'attenderz-vous
3745 859 6263 1137 Le cocher regarda le visage pâle
6345 842 7200 1098 qui main
3728 1068 7204 1324 tenant reposait sur les genons de la jeune
3763 1207 7126 1484 femme. Société de Bon-Secours, médecin
3745 1384 6393 1645 tout cela n'aidera plus à rien.
3780 1532 6293 1844 -Allez donc, enfin! Allez vite!
3845 1732 7074 1949 Je cours si seulement, la peur ne vous
3715 1871 7204 2088 suisit pas la dans ces ténèbres. Il marchait
3741 2031 7122 2313 vite le long du chemin en murmurant,
3728 2192 6948 2491 ce n'est pas ma faute sur mon âme
3767 2296 7230 2660 ce n'est pas ma faute - Aussi, une idée
3789 2517 7109 2760 d'aller au milieu de la nuit dans la
3884 2708 5264 2943 Peichstrasse..
3841 2864 7035 3073 Emma seule avec le blessé dans cette
3815 3021 7183 3342 obscurité, ne savait que pensée devenue
3850 3203 6623 3489 Que faire a ce n'est pas possible
3828 3381 7144 3689 toujours ces mêmes paroles revenoient
3806 3572 6953 3758 à ses lèvres.. ce n'est pas possible
3819 3754 7074 3958 un instant, elle croit entendre respirer
3780 3932 7248 4123 tout près. Elle se baisse jusqu'aux livres
3806 4097 7213 4388 pâles. Non, de là, pas le plus petit souffle
