7352 4696
222 409 3588 774 et elle effraycée. Les rones de la voiture s’étaient
244 618 3579 861 engagées dans les rails du tramway, et quand le
213 809 3540 1035 cocher voulut s'en tirer la voiture pencha et
239 987 3627 1270 faillit être renversée. Franz saisit le cacher
265 1139 3579 1431 par le manteau. Arretéz-vous lui cria-t-il
261 1283 3653 1496 vivement. Vous avez trop bu, vous êtes voiré.
274 1500 3666 1748 Le cocher força avec peine les chevant a s'arrêter
265 1648 1679 1853 - Mais M'sieur
257 1766 3257 1996 - Viens Emma, quittons la voiture
352 1970 1900 2253 Qui sommes - nous?
270 2153 3662 2418 Pris du pont, le vent semble calme marchons un
204 2248 3605 2566 pen, on n'entend pas bien ce qu'on dit en voiture.
261 2448 3014 2661 Emma baissa sa voilette et le suivit
209 2614 3679 2866 En mettant pied à terre, le vent lui coupa la parole
257 2757 2948 3070 Au dis qu'il n'y a plus de vent?
278 2975 3562 3244 Il prit son bras. - Suivez-nous dit Franz
274 3148 3623 3331 au cocher. Ils marchèrent en avant. Aussi
274 3270 3644 3570 longtemps qu'ils parcoururent la montée du
300 3431 3640 3770 pont ils gardèrent le silence, mais lorsqu'ils
283 3644 3709 3883 entendirent le murmure de l'eau d'un commun
257 3805 3723 4070 accord tous deux s'arrêtèrent. Une profonde obscurité
230 3931 3601 4231 les entaurait. Le large fleuve gris s'étendait
287 4110 3605 4462 à une frontière infime, dans le lointain,
3788 357 7210 635 ils voyaient des lueurs ronges qui semblaient se
3753 526 6932 748 balancer sur l'eau et s'y mirer dedans.
3775 683 7145 935 Du bord qu'ils venaient de quitter, des rais
3775 909 7236 1096 de lumière tremblante s'enfonçaient dans l'eau.
3740 1070 7236 1331 mais de l'autre côté, le fleuve allait se perdre
3788 1209 7145 1470 dans la sombre plaine. Ren à peu, un rou
3762 1357 7184 1618 lement lointain se faisait entendre qui
3788 1583 7219 1822 se rapprochait, involontairement les gens
3792 1718 7119 1996 des jeunes gens se portèrent du côté an les
3775 1948 7062 2144 flammes ronges séintillaient un train
3801 2027 7241 2231 ant glaces éclairées passait derrière des arches
3805 2179 7080 2448 defer qui semblait sartir tout à coup de
3762 2353 7067 2674 la nuit pour s'y enfoncer encore. Le
3770 2522 7193 2805 noulement se perdit peu à peu tout devin
3805 2735 6719 2948 tranquille aux alentours; seul le vent
3836 2909 5427 3140 soufflait sans cesse.
3779 3088 7058 3335 Aphès un long silence, Franz dit - Nous
3801 3240 5653 3444 devrions nous en aller.
3840 3405 6814 3605 C'est vrai, ajoute-1-elle à voix basse
3896 3544 7202 3775 Partir dit Frang vivement, partir tout
3918 3736 5627 4010 à fait, je veux dire
3831 3892 6862 4101 Ca ne va pas, ce n'est pas possible
3901 4062 7162 4344 Parce que nous n'en avons pas le courage
