3073 4680
430 421 2811 561 reverbéres Amtaient. Une demi-heure
460 595 2793 790 je m'en irai! Ah! - de son haiterais
409 726 2665 991 elle fut écoulée. Aucun de la
387 915 2808 1137 ta. De ce point la vue avait une
470 1064 2607 1296 les dent rues d'où elle pouvait
497 1241 2729 1396 elle viendra aujourd'hui se dit-il
387 1390 2768 1622 hapeau que le vent menaçait d'em
381 1588 2698 1848 Vendredi-séance des professeurs
393 1756 2784 1945 pas de s'éloigner et même de rester
384 1896 2573 2061 1... Il entendit le tintement
515 2088 2707 2284 et en même temps les cloches
387 2250 2604 2494 à St Jean Népomne. La rue
381 2442 2619 2643 hen a peu, quelques personnes
366 2601 2787 2814 evant lui, la plupart commis
369 2756 2774 3015 et qui se ferment à sept heures
384 2939 2518 3073 allaient vite et semblaient
351 3094 2750 3296 le vent qui rendait leur marche
360 3271 2808 3515 isonne ne faisait attention à lui
366 3448 2604 3564 êtes seulement lui jetaient en
351 3561 2735 3802 n'coup d'œil à la dérobée. Tout à
396 3783 2741 3921 venir vers lui avec vitesse une
345 3924 2616 4079 me. Il court à sa rencontre
354 4098 2692 4329 —? Ce n'est peut-être pas elle.
