<?xml version="1.0" encoding="UTF-8" standalone="yes"?>
<PcGts xmlns="http://schema.primaresearch.org/PAGE/gts/pagecontent/2013-07-15" xmlns:xsi="http://www.w3.org/2001/XMLSchema-instance" xsi:schemaLocation="http://schema.primaresearch.org/PAGE/gts/pagecontent/2013-07-15 http://schema.primaresearch.org/PAGE/gts/pagecontent/2013-07-15/pagecontent.xsd">
    <Metadata>
        <Creator>prov=READ-COOP:name=TrHtr:version=2.1.0:model_id=51170:date=15_08_2023_09:13</Creator>
        <Created>2023-05-10T15:32:19.028+02:00</Created>
        <LastChange>2023-08-15T09:13:57.487+02:00</LastChange>
        <TranskribusMetadata docId="1429076" pageId="55436890" pageNr="23" tsid="132844142" status="IN_PROGRESS" userId="64420" imgUrl="https://files.transkribus.eu/Get?id=XWROYMKUFUKHWXXPQZPYSCYE&amp;fileType=view" xmlUrl="https://files.transkribus.eu/Get?id=EGDUDYQJQDRLOTBFTTXFRDWI" imageId="44710879"/>
    </Metadata>
    <Page imageFilename="1429076_0023.jpg" imageWidth="7384" imageHeight="4760">
        <ReadingOrder>
            <OrderedGroup id="ro_1711796920901" caption="Regions reading order">
                <RegionRefIndexed index="0" regionRef="tr_2"/>
                <RegionRefIndexed index="1" regionRef="tr_1"/>
            </OrderedGroup>
        </ReadingOrder>
        <TextRegion id="tr_2" custom="readingOrder {index:0;}">
            <Coords points="250,540 3734,540 3734,4376 250,4376"/>
            <TextLine id="tr_2_tl_1" custom="readingOrder {index:0;}">
                <Coords points="223,728 1700,651 2162,771 2359,642 3361,595 3665,728 3673,471 3391,364 2629,539 2124,450 227,544"/>
                <Baseline points="250,680 274,680 363,685 453,680 542,680 632,674 721,668 811,668 900,662 990,656 1079,656 1169,650 1258,650 1348,644 1437,644 1527,638 1616,638 1705,632 1795,626 1884,626 1974,626 2063,626 2153,626 2242,626 2332,620 2421,620 2511,614 2600,614 2690,614 2779,608 2869,602 2958,596 3048,596 3137,596 3227,596 3316,596 3405,596 3495,590 3584,596 3674,590"/>
                <TextEquiv>
                    <Unicode>Son mari la regarde longuement - sais-tu</Unicode>
                </TextEquiv>
            </TextLine>
            <TextLine id="tr_2_tl_2" custom="readingOrder {index:1;}">
                <Coords points="270,955 741,835 1267,890 1593,813 1764,916 2098,822 2273,873 2406,826 2410,668 278,736"/>
                <Baseline points="298,882 357,864 447,864 536,852 626,847 715,841 805,835 894,829 984,823 1073,823 1163,817 1252,817 1342,817 1431,817 1521,811 1610,805 1700,799 1789,799 1878,793 1968,793 2057,793 2147,787 2236,787 2326,781 2415,769"/>
                <TextEquiv>
                    <Unicode>que tu t'es assanpie et</Unicode>
                </TextEquiv>
            </TextLine>
            <TextLine id="tr_2_tl_3" custom="readingOrder {index:2;}">
                <Coords points="531,1105 638,1113 728,1049 831,1049 895,1117 1130,993 1284,1028 1331,998 1567,1015 1576,843 1490,835 1404,886 1314,852 1194,920 1143,878 1066,912 946,869 788,890 741,848 544,865"/>
                <Baseline points="560,990 596,996 685,996 775,996 864,996 954,990 1043,990 1133,984 1222,978 1312,972 1401,966 1491,960 1580,960"/>
                <TextEquiv>
                    <Unicode>Et quoi?</Unicode>
                </TextEquiv>
            </TextLine>
            <TextLine id="tr_2_tl_4" custom="readingOrder {index:3;}">
                <Coords points="428,1229 578,1173 664,1212 1379,1156 1584,1207 1995,1164 2004,985 1922,1028 1751,989 1554,1066 1169,1075 1092,1028 903,1113 681,1010 432,1019"/>
                <Baseline points="453,1163 489,1163 578,1163 668,1163 757,1157 847,1163 936,1163 1025,1157 1115,1151 1204,1145 1294,1139 1383,1139 1473,1139 1562,1133 1652,1133 1741,1133 1831,1127 1920,1127 2010,1127"/>
                <TextEquiv>
                    <Unicode>Puis tu as crié</Unicode>
                </TextEquiv>
            </TextLine>
            <TextLine id="tr_2_tl_5" custom="readingOrder {index:4;}">
                <Coords points="257,1349 642,1383 702,1344 916,1370 1002,1331 1156,1387 1430,1331 1434,1173 1310,1229 878,1160 394,1216 257,1272"/>
                <Baseline points="280,1330 363,1324 453,1324 542,1330 632,1330 721,1324 811,1324 900,1318 990,1312 1079,1312 1169,1312 1258,1306 1348,1300 1437,1306"/>
                <TextEquiv>
                    <Unicode>- Nraiment</Unicode>
                </TextEquiv>
            </TextLine>
            <TextLine id="tr_2_tl_6" custom="readingOrder {index:5;}">
                <Coords points="364,1520 2916,1443 3091,1537 3618,1486 3622,1374 1892,1302 1507,1417 1032,1340 364,1443"/>
                <Baseline points="387,1491 411,1497 501,1503 590,1503 680,1497 769,1497 858,1491 948,1485 1037,1485 1127,1479 1216,1473 1306,1473 1395,1473 1485,1467 1574,1467 1664,1461 1753,1461 1843,1461 1932,1455 2022,1461 2111,1455 2201,1455 2290,1455 2380,1455 2469,1449 2558,1449 2648,1443 2737,1437 2827,1437 2916,1437 3006,1437 3095,1437 3185,1431 3274,1425 3364,1425 3453,1419 3543,1419 3632,1419"/>
                <TextEquiv>
                    <Unicode>Comme on crie dans un rêve, quand</Unicode>
                </TextEquiv>
            </TextLine>
            <TextLine id="tr_2_tl_7" custom="readingOrder {index:6;}">
                <Coords points="304,1704 831,1661 1015,1768 1173,1772 1361,1644 1811,1674 1815,1588 1447,1486 1280,1550 1220,1494 792,1571 612,1507 552,1554 437,1511 308,1546"/>
                <Baseline points="328,1670 393,1664 483,1664 572,1664 662,1664 751,1658 841,1652 930,1652 1020,1646 1109,1640 1198,1634 1288,1634 1377,1628 1467,1628 1556,1628 1646,1622 1735,1622 1825,1622"/>
                <TextEquiv>
                    <Unicode>on est appressé</Unicode>
                </TextEquiv>
            </TextLine>
            <TextLine id="tr_2_tl_8" custom="readingOrder {index:7;}">
                <Coords points="377,1871 762,1854 925,1909 1618,1807 1811,1867 1820,1661 1653,1755 1344,1700 1177,1772 1113,1734 980,1772 895,1695 745,1764 634,1704 381,1768"/>
                <Baseline points="399,1843 483,1843 572,1837 662,1831 751,1831 841,1825 930,1819 1020,1819 1109,1813 1198,1813 1288,1807 1377,1801 1467,1795 1556,1795 1646,1789 1735,1783 1825,1783"/>
                <TextEquiv>
                    <Unicode>As-tu rêve?</Unicode>
                </TextEquiv>
            </TextLine>
            <TextLine id="tr_2_tl_9" custom="readingOrder {index:8;}">
                <Coords points="488,2021 1340,1991 1533,2085 1802,1969 3322,1969 3536,1871 2920,1790 488,1905"/>
                <Baseline points="512,1998 596,1998 685,1992 775,1992 864,1986 954,1980 1043,1980 1133,1974 1222,1968 1312,1968 1401,1962 1491,1962 1580,1962 1670,1956 1759,1956 1849,1956 1938,1950 2028,1956 2117,1956 2207,1950 2296,1950 2385,1944 2475,1944 2564,1938 2654,1938 2743,1938 2833,1932 2922,1932 3012,1926 3101,1926 3191,1926 3280,1920 3370,1914 3459,1914 3549,1920"/>
                <TextEquiv>
                    <Unicode>Je ne sais pas, je ne saïs rien.</Unicode>
                </TextEquiv>
            </TextLine>
            <TextLine id="tr_2_tl_10" custom="readingOrder {index:9;}">
                <Coords points="304,2243 2111,2128 2564,2239 2916,2111 3583,2119 3588,1991 308,2051"/>
                <Baseline points="328,2183 375,2177 465,2171 554,2159 644,2165 733,2159 823,2153 912,2153 1002,2153 1091,2141 1181,2141 1270,2141 1360,2135 1449,2135 1538,2129 1628,2129 1717,2129 1807,2123 1896,2123 1986,2129 2075,2123 2165,2123 2254,2117 2344,2117 2433,2105 2523,2105 2612,2105 2702,2105 2791,2105 2881,2099 2970,2099 3060,2099 3149,2093 3238,2093 3328,2093 3417,2087 3507,2081 3596,2081"/>
                <TextEquiv>
                    <Unicode>Elle voit vis à vis dans la glace un</Unicode>
                </TextEquiv>
            </TextLine>
            <TextLine id="tr_2_tl_11" custom="readingOrder {index:10;}">
                <Coords points="300,2359 681,2449 920,2333 2021,2290 3335,2346 3643,2269 3643,2175 300,2278"/>
                <Baseline points="322,2338 345,2332 435,2332 524,2326 614,2326 703,2326 793,2320 882,2320 972,2314 1061,2314 1151,2308 1240,2308 1330,2302 1419,2296 1509,2296 1598,2296 1688,2290 1777,2284 1867,2284 1956,2278 2045,2284 2135,2284 2224,2284 2314,2284 2403,2278 2493,2278 2582,2278 2672,2278 2761,2278 2851,2272 2940,2272 3030,2272 3119,2266 3209,2266 3298,2260 3388,2254 3477,2254 3567,2248 3656,2248"/>
                <TextEquiv>
                    <Unicode>visage souriant - saurire cruel qui</Unicode>
                </TextEquiv>
            </TextLine>
            <TextLine id="tr_2_tl_12" custom="readingOrder {index:11;}">
                <Coords points="325,2539 2796,2449 3190,2552 3626,2462 3630,2355 2427,2282 676,2449 330,2368"/>
                <Baseline points="351,2499 417,2505 507,2499 596,2499 685,2493 775,2493 864,2499 954,2493 1043,2493 1133,2487 1222,2481 1312,2475 1401,2475 1491,2469 1580,2469 1670,2469 1759,2463 1849,2463 1938,2457 2028,2457 2117,2457 2207,2457 2296,2451 2385,2445 2475,2445 2564,2445 2654,2445 2743,2445 2833,2439 2922,2439 3012,2445 3101,2433 3191,2439 3280,2445 3370,2439 3459,2439 3549,2439 3638,2433"/>
                <TextEquiv>
                    <Unicode>décompose les traits. Elle sait que</Unicode>
                </TextEquiv>
            </TextLine>
            <TextLine id="tr_2_tl_13" custom="readingOrder {index:12;}">
                <Coords points="321,2710 3720,2659 3725,2534 3322,2457 3185,2552 3035,2470 325,2577"/>
                <Baseline points="345,2684 423,2678 512,2672 602,2660 691,2660 781,2660 870,2654 960,2654 1049,2654 1139,2648 1228,2642 1318,2642 1407,2636 1497,2636 1586,2630 1676,2630 1765,2630 1855,2624 1944,2630 2034,2630 2123,2624 2212,2624 2302,2618 2391,2618 2481,2612 2570,2612 2660,2612 2749,2612 2839,2612 2928,2606 3018,2612 3107,2606 3197,2600 3286,2594 3376,2594 3465,2588 3555,2594 3644,2594 3734,2594"/>
                <TextEquiv>
                    <Unicode>c'est le sien et pourtant elle frissonne</Unicode>
                </TextEquiv>
            </TextLine>
            <TextLine id="tr_2_tl_14" custom="readingOrder {index:13;}">
                <Coords points="300,2868 2980,2860 3485,2783 3489,2646 304,2714"/>
                <Baseline points="322,2845 369,2839 459,2833 548,2833 638,2827 727,2821 817,2821 906,2821 996,2815 1085,2815 1175,2815 1264,2809 1354,2803 1443,2803 1532,2797 1622,2797 1711,2797 1801,2797 1890,2797 1980,2791 2069,2791 2159,2785 2248,2785 2338,2779 2427,2779 2517,2779 2606,2773 2696,2773 2785,2773 2875,2773 2964,2767 3054,2773 3143,2767 3232,2767 3322,2761 3411,2761 3501,2767"/>
                <TextEquiv>
                    <Unicode>en le regardant... elle perçoit qu'il</Unicode>
                </TextEquiv>
            </TextLine>
            <TextLine id="tr_2_tl_15" custom="readingOrder {index:14;}">
                <Coords points="313,3035 1640,2967 2269,3061 2586,2954 2744,3065 2894,2958 3682,2954 3275,2808 1875,2817 1631,2928 1409,2817 676,2937 317,2860"/>
                <Baseline points="334,3006 381,3000 471,3000 560,2994 650,2988 739,2988 829,2988 918,2988 1008,2988 1097,2982 1187,2982 1276,2976 1365,2976 1455,2970 1544,2964 1634,2958 1723,2958 1813,2964 1902,2958 1992,2958 2081,2958 2171,2958 2260,2958 2350,2952 2439,2952 2529,2946 2618,2940 2708,2940 2797,2940 2887,2940 2976,2940 3065,2940 3155,2934 3244,2928 3334,2928 3423,2928 3513,2934 3602,2934 3692,2934"/>
                <TextEquiv>
                    <Unicode>devient raide, elle ne peut pas mon</Unicode>
                </TextEquiv>
            </TextLine>
            <TextLine id="tr_2_tl_16" custom="readingOrder {index:15;}">
                <Coords points="313,3207 3391,3134 3536,3005 317,3061"/>
                <Baseline points="340,3179 411,3179 501,3167 590,3167 680,3161 769,3155 858,3155 948,3155 1037,3155 1127,3155 1216,3149 1306,3149 1395,3143 1485,3143 1574,3137 1664,3131 1753,3131 1843,3131 1932,3131 2022,3125 2111,3125 2201,3125 2290,3119 2380,3113 2469,3113 2558,3107 2648,3107 2737,3101 2827,3107 2916,3107 3006,3107 3095,3101 3185,3095 3274,3095 3364,3095 3453,3095 3543,3101"/>
                <TextEquiv>
                    <Unicode>voir la bouche elle sait: ce rire</Unicode>
                </TextEquiv>
            </TextLine>
            <TextLine id="tr_2_tl_17" custom="readingOrder {index:16;}">
                <Coords points="317,3374 3142,3279 3335,3395 3622,3335 3626,3177 321,3224"/>
                <Baseline points="345,3340 411,3346 501,3334 590,3334 680,3328 769,3328 858,3328 948,3322 1037,3322 1127,3322 1216,3316 1306,3322 1395,3316 1485,3310 1574,3310 1664,3310 1753,3310 1843,3304 1932,3304 2022,3298 2111,3298 2201,3292 2290,3286 2380,3286 2469,3280 2558,3274 2648,3274 2737,3274 2827,3274 2916,3274 3006,3274 3095,3268 3185,3268 3274,3262 3364,3262 3453,3262 3543,3262 3632,3262"/>
                <TextEquiv>
                    <Unicode>sera sur ses lèvres aussi longtemps</Unicode>
                </TextEquiv>
            </TextLine>
            <TextLine id="tr_2_tl_18" custom="readingOrder {index:17;}">
                <Coords points="390,3630 634,3502 3399,3494 3476,3369 2838,3292 2543,3374 1952,3314 1631,3425 1203,3335 1053,3421 736,3335 394,3451"/>
                <Baseline points="417,3513 447,3513 536,3507 626,3501 715,3495 805,3495 894,3489 984,3489 1073,3489 1163,3489 1252,3483 1342,3483 1431,3483 1521,3477 1610,3477 1700,3471 1789,3477 1878,3471 1968,3471 2057,3471 2147,3465 2236,3459 2326,3453 2415,3453 2505,3447 2594,3447 2684,3441 2773,3447 2863,3447 2952,3447 3042,3441 3131,3441 3221,3441 3310,3435 3400,3435 3489,3441"/>
                <TextEquiv>
                    <Unicode>qu'elle vivra. Elle essaye de crier</Unicode>
                </TextEquiv>
            </TextLine>
            <TextLine id="tr_2_tl_19" custom="readingOrder {index:18;}">
                <Coords points="390,3686 3220,3708 3716,3643 3716,3515 2119,3583 1768,3494 1627,3592 724,3532 394,3635"/>
                <Baseline points="411,3674 417,3674 507,3668 596,3668 685,3662 775,3656 864,3656 954,3662 1043,3662 1133,3662 1222,3662 1312,3662 1401,3656 1491,3650 1580,3644 1670,3644 1759,3638 1849,3638 1938,3632 2028,3632 2117,3632 2207,3626 2296,3620 2385,3620 2475,3620 2564,3614 2654,3614 2743,3614 2833,3614 2922,3620 3012,3614 3101,3614 3191,3608 3280,3608 3370,3602 3459,3602 3549,3602 3638,3602 3728,3608"/>
                <TextEquiv>
                    <Unicode>Alors, elle sent deux mains se poser</Unicode>
                </TextEquiv>
            </TextLine>
            <TextLine id="tr_2_tl_20" custom="readingOrder {index:19;}">
                <Coords points="313,3870 1070,3943 1730,3810 3588,3840 3421,3695 2672,3746 2539,3656 317,3759"/>
                <Baseline points="340,3841 375,3847 465,3847 554,3841 644,3835 733,3835 823,3829 912,3829 1002,3829 1091,3829 1181,3829 1270,3823 1360,3823 1449,3823 1538,3817 1628,3817 1717,3811 1807,3805 1896,3805 1986,3811 2075,3805 2165,3799 2254,3799 2344,3793 2433,3793 2523,3787 2612,3787 2702,3793 2791,3787 2881,3787 2970,3787 3060,3781 3149,3775 3238,3775 3328,3775 3417,3769 3507,3775 3596,3769"/>
                <TextEquiv>
                    <Unicode>sur ses épanles et elle voit comme</Unicode>
                </TextEquiv>
            </TextLine>
            <TextLine id="tr_2_tl_21" custom="readingOrder {index:20;}">
                <Coords points="317,4050 2890,3973 3151,4084 3678,3956 3682,3836 672,3870 321,3969"/>
                <Baseline points="345,4014 375,4014 465,4014 554,4008 644,4002 733,4002 823,4002 912,3996 1002,3996 1091,3990 1181,3990 1270,3990 1360,3990 1449,3990 1538,3990 1628,3984 1717,3984 1807,3978 1896,3984 1986,3978 2075,3972 2165,3966 2254,3966 2344,3960 2433,3960 2523,3954 2612,3954 2702,3954 2791,3954 2881,3954 2970,3948 3060,3948 3149,3948 3238,3948 3328,3942 3417,3936 3507,3936 3596,3936 3686,3936"/>
                <TextEquiv>
                    <Unicode>entre son visage et celui de la glace</Unicode>
                </TextEquiv>
            </TextLine>
            <TextLine id="tr_2_tl_22" custom="readingOrder {index:21;}">
                <Coords points="330,4191 3305,4230 3648,4183 3652,3960 3151,4084 334,4054"/>
                <Baseline points="357,4175 435,4175 524,4175 614,4175 703,4175 793,4175 882,4169 972,4169 1061,4169 1151,4169 1240,4163 1330,4157 1419,4163 1509,4163 1598,4157 1688,4157 1777,4157 1867,4151 1956,4145 2045,4139 2135,4133 2224,4133 2314,4133 2403,4133 2493,4127 2582,4133 2672,4127 2761,4127 2851,4121 2940,4121 3030,4121 3119,4121 3209,4115 3298,4115 3388,4109 3477,4103 3567,4103 3656,4109"/>
                <TextEquiv>
                    <Unicode>la face de son mari se presse; ses</Unicode>
                </TextEquiv>
            </TextLine>
            <TextLine id="tr_2_tl_23" custom="readingOrder {index:22;}">
                <Coords points="321,4375 873,4504 1229,4363 3451,4384 3566,4363 3571,4178 325,4243"/>
                <Baseline points="345,4366 357,4366 447,4366 536,4360 626,4360 715,4354 805,4360 894,4360 984,4354 1073,4354 1163,4348 1252,4342 1342,4336 1431,4336 1521,4336 1610,4330 1700,4324 1789,4324 1878,4324 1968,4318 2057,4318 2147,4312 2236,4306 2326,4312 2415,4306 2505,4312 2594,4312 2684,4312 2773,4312 2863,4306 2952,4300 3042,4300 3131,4294 3221,4294 3310,4288 3400,4288 3489,4282 3578,4276"/>
                <TextEquiv>
                    <Unicode>yens questionnent et menacent,</Unicode>
                </TextEquiv>
            </TextLine>
        </TextRegion>
        <TextRegion id="tr_1" custom="readingOrder {index:1;}">
            <Coords points="3805,451 7235,451 7235,4286 3805,4286"/>
            <TextLine id="tr_1_tl_1" custom="readingOrder {index:0;}">
                <Coords points="3780,582 6602,587 6966,531 6966,445 5578,342 5112,475 4388,394 3780,480"/>
                <Baseline points="3805,584 3847,584 3936,584 4026,578 4115,566 4205,560 4294,560 4384,554 4473,554 4563,554 4652,548 4742,548 4831,548 4921,548 5010,548 5100,548 5189,548 5278,542 5368,542 5457,542 5547,542 5636,542 5726,542 5815,542 5905,542 5994,536 6084,536 6173,542 6263,536 6352,530 6442,524 6531,524 6621,518 6710,512 6800,501 6889,507 6978,507"/>
                <TextEquiv>
                    <Unicode>s'enfoncent dans les siens. Elle sait</Unicode>
                </TextEquiv>
            </TextLine>
            <TextLine id="tr_1_tl_2" custom="readingOrder {index:1;}">
                <Coords points="3780,771 5531,805 7115,719 7120,616 6358,531 5968,646 5634,552 3780,646"/>
                <Baseline points="3805,751 3811,745 3901,745 3990,739 4080,733 4169,727 4258,721 4348,721 4437,727 4527,721 4616,721 4706,721 4795,715 4885,709 4974,715 5064,709 5153,709 5243,709 5332,709 5422,709 5511,709 5601,703 5690,697 5780,697 5869,697 5958,697 6048,697 6137,691 6227,691 6316,691 6406,691 6495,685 6585,680 6674,685 6764,685 6853,680 6943,674 7032,674 7122,674"/>
                <TextEquiv>
                    <Unicode>si elle ne supporte pas cette dernière</Unicode>
                </TextEquiv>
            </TextLine>
            <TextLine id="tr_1_tl_3" custom="readingOrder {index:2;}">
                <Coords points="3802,998 4855,886 6272,950 7115,882 7192,771 6366,706 6041,822 5754,711 5583,818 5420,736 3806,852"/>
                <Baseline points="3829,912 3889,912 3978,906 4068,900 4157,894 4247,888 4336,888 4425,888 4515,888 4604,888 4694,888 4783,882 4873,876 4962,882 5052,876 5141,876 5231,876 5320,876 5410,870 5499,870 5589,864 5678,864 5768,858 5857,858 5947,852 6036,858 6125,858 6215,852 6304,852 6394,858 6483,852 6573,847 6662,847 6752,847 6841,841 6931,841 7020,835 7110,841 7199,835"/>
                <TextEquiv>
                    <Unicode>épreuve, tout est perdu. Et elle sent</Unicode>
                </TextEquiv>
            </TextLine>
            <TextLine id="tr_1_tl_4" custom="readingOrder {index:3;}">
                <Coords points="3797,1130 5429,1152 5634,1053 7038,1032 7115,895 3797,998"/>
                <Baseline points="3823,1079 3907,1079 3996,1073 4085,1067 4175,1061 4264,1055 4354,1055 4443,1049 4533,1055 4622,1049 4712,1049 4801,1049 4891,1049 4980,1043 5070,1043 5159,1043 5249,1043 5338,1043 5428,1043 5517,1037 5607,1037 5696,1037 5785,1031 5875,1031 5964,1031 6054,1025 6143,1025 6233,1020 6322,1020 6412,1020 6501,1014 6591,1014 6680,1014 6770,1008 6859,1008 6949,1002 7038,1002 7128,1002"/>
                <TextEquiv>
                    <Unicode>revenir sa farce ses fraits ses membres.</Unicode>
                </TextEquiv>
            </TextLine>
            <TextLine id="tr_1_tl_5" custom="readingOrder {index:4;}">
                <Coords points="3815,1357 4110,1254 5668,1306 6169,1190 6426,1302 7026,1177 7030,1040 4825,1092 4615,1190 3819,1135"/>
                <Baseline points="3841,1258 3901,1252 3990,1246 4080,1234 4169,1234 4258,1228 4348,1228 4437,1222 4527,1216 4616,1216 4706,1210 4795,1210 4885,1210 4974,1210 5064,1210 5153,1210 5243,1210 5332,1210 5422,1204 5511,1198 5601,1198 5690,1198 5780,1198 5869,1198 5958,1192 6048,1187 6137,1187 6227,1181 6316,1181 6406,1175 6495,1169 6585,1169 6674,1163 6764,1163 6853,1157 6943,1157 7032,1157"/>
                <TextEquiv>
                    <Unicode>plient abeissent, elle peut en faire</Unicode>
                </TextEquiv>
            </TextLine>
            <TextLine id="tr_1_tl_6" custom="readingOrder {index:5;}">
                <Coords points="3823,1438 4033,1520 4324,1404 6259,1357 6679,1443 7098,1344 7098,1242 4590,1237 3823,1357"/>
                <Baseline points="3847,1407 3883,1413 3972,1407 4062,1407 4151,1401 4241,1401 4330,1395 4420,1395 4509,1389 4598,1383 4688,1383 4777,1383 4867,1383 4956,1383 5046,1377 5135,1377 5225,1377 5314,1371 5404,1371 5493,1365 5583,1365 5672,1360 5762,1360 5851,1360 5941,1360 6030,1354 6120,1348 6209,1348 6298,1342 6388,1342 6477,1342 6567,1336 6656,1330 6746,1324 6835,1318 6925,1318 7014,1312 7104,1318"/>
                <TextEquiv>
                    <Unicode>ce qu’elle vent. Mais elle doit profiter</Unicode>
                </TextEquiv>
            </TextLine>
            <TextLine id="tr_1_tl_7" custom="readingOrder {index:6;}">
                <Coords points="3797,1605 6216,1524 6405,1610 7094,1528 7098,1340 6640,1460 3802,1468"/>
                <Baseline points="3823,1568 3883,1574 3972,1574 4062,1574 4151,1568 4241,1568 4330,1562 4420,1556 4509,1556 4598,1550 4688,1550 4777,1544 4867,1544 4956,1544 5046,1538 5135,1538 5225,1538 5314,1538 5404,1538 5493,1538 5583,1538 5672,1532 5762,1532 5851,1532 5941,1521 6030,1521 6120,1515 6209,1515 6298,1509 6388,1509 6477,1509 6567,1509 6656,1509 6746,1503 6835,1497 6925,1497 7014,1497 7104,1491"/>
                <TextEquiv>
                    <Unicode>de ce moment, sinon, c'est trop tard</Unicode>
                </TextEquiv>
            </TextLine>
            <TextLine id="tr_1_tl_8" custom="readingOrder {index:7;}">
                <Coords points="3806,1828 6974,1747 7171,1704 7175,1580 3810,1610"/>
                <Baseline points="3829,1747 3877,1747 3966,1747 4056,1747 4145,1741 4235,1735 4324,1735 4414,1729 4503,1723 4592,1717 4682,1717 4771,1717 4861,1717 4950,1717 5040,1711 5129,1711 5219,1711 5308,1705 5398,1705 5487,1711 5577,1705 5666,1700 5756,1700 5845,1700 5935,1694 6024,1694 6114,1688 6203,1688 6292,1682 6382,1682 6471,1676 6561,1676 6650,1676 6740,1670 6829,1670 6919,1670 7008,1664 7098,1658 7187,1664"/>
                <TextEquiv>
                    <Unicode>De ses dent mains, elle saisit celles de</Unicode>
                </TextEquiv>
            </TextLine>
            <TextLine id="tr_1_tl_9" custom="readingOrder {index:8;}">
                <Coords points="3823,1927 6794,1905 7128,1845 7133,1721 3827,1845"/>
                <Baseline points="3847,1902 3918,1908 4008,1908 4097,1902 4187,1902 4276,1896 4366,1890 4455,1890 4545,1890 4634,1890 4724,1884 4813,1884 4903,1884 4992,1884 5082,1884 5171,1878 5261,1878 5350,1878 5440,1872 5529,1872 5618,1867 5708,1867 5797,1867 5887,1861 5976,1855 6066,1855 6155,1849 6245,1843 6334,1843 6424,1837 6513,1837 6603,1837 6692,1831 6782,1831 6871,1825 6961,1825 7050,1819 7140,1825"/>
                <TextEquiv>
                    <Unicode>son mari qui pesent encore sur ses</Unicode>
                </TextEquiv>
            </TextLine>
            <TextLine id="tr_1_tl_10" custom="readingOrder {index:9;}">
                <Coords points="3810,2162 6139,2025 6747,2128 7154,2016 7158,1922 7013,1832 5882,1982 5129,1897 3815,1982"/>
                <Baseline points="3835,2075 3853,2075 3942,2075 4032,2069 4121,2069 4211,2063 4300,2063 4390,2057 4479,2057 4569,2057 4658,2057 4748,2051 4837,2051 4927,2051 5016,2051 5105,2045 5195,2045 5284,2040 5374,2034 5463,2034 5553,2034 5642,2028 5732,2028 5821,2022 5911,2022 6000,2022 6090,2016 6179,2010 6269,2010 6358,2004 6448,2004 6537,1998 6627,1998 6716,1998 6805,1998 6895,1992 6984,1992 7074,1992 7163,1998"/>
                <TextEquiv>
                    <Unicode>épaules, elle l'attire à elle; le regarde</Unicode>
                </TextEquiv>
            </TextLine>
            <TextLine id="tr_1_tl_11" custom="readingOrder {index:10;}">
                <Coords points="3823,2256 6242,2226 6341,2213 6345,2068 5163,2171 4521,2059 4350,2192 3827,2162"/>
                <Baseline points="3847,2242 3936,2242 4026,2236 4115,2236 4205,2236 4294,2236 4384,2230 4473,2224 4563,2224 4652,2224 4742,2218 4831,2218 4921,2218 5010,2212 5100,2207 5189,2207 5278,2201 5368,2201 5457,2201 5547,2201 5636,2195 5726,2195 5815,2195 5905,2189 5994,2189 6084,2183 6173,2177 6263,2183 6352,2177"/>
                <TextEquiv>
                    <Unicode>avec tendresse et sérénité</Unicode>
                </TextEquiv>
            </TextLine>
            <TextLine id="tr_1_tl_12" custom="readingOrder {index:11;}">
                <Coords points="3849,2398 4718,2513 5339,2380 6349,2432 7026,2359 7085,2226 3853,2312"/>
                <Baseline points="3871,2391 3960,2415 4050,2409 4139,2403 4229,2403 4318,2403 4408,2403 4497,2397 4587,2403 4676,2397 4765,2397 4855,2397 4944,2385 5034,2385 5123,2385 5213,2380 5302,2374 5392,2368 5481,2374 5571,2368 5660,2368 5750,2368 5839,2362 5929,2362 6018,2356 6108,2356 6197,2350 6287,2350 6376,2344 6465,2344 6555,2344 6644,2338 6734,2338 6823,2338 6913,2332 7002,2332 7092,2332"/>
                <TextEquiv>
                    <Unicode>Pendant qu'elle sent les lèvres de</Unicode>
                </TextEquiv>
            </TextLine>
            <TextLine id="tr_1_tl_13" custom="readingOrder {index:12;}">
                <Coords points="3797,2603 6662,2590 7214,2513 7218,2389 3797,2552"/>
                <Baseline points="3823,2582 3912,2582 4002,2582 4091,2576 4181,2576 4270,2570 4360,2570 4449,2570 4539,2570 4628,2564 4718,2564 4807,2558 4897,2558 4986,2558 5076,2552 5165,2547 5255,2547 5344,2541 5434,2535 5523,2535 5612,2535 5702,2535 5791,2529 5881,2529 5970,2523 6060,2523 6149,2523 6239,2517 6328,2517 6418,2517 6507,2517 6597,2511 6686,2511 6776,2505 6865,2505 6955,2505 7044,2499 7134,2493 7223,2487"/>
                <TextEquiv>
                    <Unicode>son mari se passer sur son front</Unicode>
                </TextEquiv>
            </TextLine>
            <TextLine id="tr_1_tl_14" custom="readingOrder {index:13;}">
                <Coords points="3853,2796 4243,2864 5150,2727 5364,2860 5574,2736 7214,2612 5788,2646 5608,2543 5146,2663 3857,2676"/>
                <Baseline points="3877,2755 3912,2755 4002,2749 4091,2749 4181,2743 4270,2743 4360,2743 4449,2737 4539,2737 4628,2737 4718,2731 4807,2731 4897,2725 4986,2725 5076,2720 5165,2714 5255,2714 5344,2708 5434,2708 5523,2702 5612,2702 5702,2696 5791,2696 5881,2696 5970,2696 6060,2696 6149,2690 6239,2690 6328,2690 6418,2690 6507,2690 6597,2684 6686,2684 6776,2684 6865,2678 6955,2672 7044,2666 7134,2660 7223,2654"/>
                <TextEquiv>
                    <Unicode>elle pense : en effet :.. un mauvais</Unicode>
                </TextEquiv>
            </TextLine>
            <TextLine id="tr_1_tl_15" custom="readingOrder {index:14;}">
                <Coords points="3802,2958 6088,2950 7051,2800 5163,2740 4851,2843 4577,2740 4388,2873 3806,2843"/>
                <Baseline points="3829,2922 3841,2916 3930,2922 4020,2916 4109,2910 4199,2916 4288,2910 4378,2904 4467,2904 4557,2904 4646,2904 4736,2898 4825,2892 4915,2892 5004,2887 5094,2881 5183,2875 5272,2869 5362,2875 5451,2869 5541,2863 5630,2863 5720,2863 5809,2857 5899,2857 5988,2857 6078,2857 6167,2857 6257,2851 6346,2845 6436,2845 6525,2839 6615,2839 6704,2839 6794,2839 6883,2839 6972,2833 7062,2833"/>
                <TextEquiv>
                    <Unicode>rêve. Il ne le dira a personne</Unicode>
                </TextEquiv>
            </TextLine>
            <TextLine id="tr_1_tl_16" custom="readingOrder {index:15;}">
                <Coords points="3810,3142 4979,3061 5322,3160 5852,3057 6109,3160 6315,3035 6966,3040 6970,2907 3815,3001"/>
                <Baseline points="3835,3101 3847,3095 3936,3095 4026,3095 4115,3089 4205,3083 4294,3083 4384,3077 4473,3071 4563,3071 4652,3065 4742,3065 4831,3060 4921,3060 5010,3060 5100,3054 5189,3054 5278,3048 5368,3048 5457,3042 5547,3042 5636,3042 5726,3036 5815,3036 5905,3036 5994,3030 6084,3030 6173,3030 6263,3024 6352,3018 6442,3012 6531,3012 6621,3012 6710,3012 6800,3006 6889,3006 6978,3018"/>
                <TextEquiv>
                    <Unicode>il ne se vingera pas, non jamais.</Unicode>
                </TextEquiv>
            </TextLine>
            <TextLine id="tr_1_tl_17" custom="readingOrder {index:16;}">
                <Coords points="3806,3262 7171,3254 7227,3035 6221,3160 5630,3074 5193,3190 4962,3070 3806,3172"/>
                <Baseline points="3829,3244 3835,3250 3924,3250 4014,3250 4103,3244 4193,3244 4282,3244 4372,3238 4461,3244 4551,3238 4640,3238 4730,3232 4819,3232 4909,3232 4998,3232 5088,3227 5177,3227 5267,3221 5356,3221 5445,3209 5535,3203 5624,3203 5714,3197 5803,3203 5893,3197 5982,3197 6072,3197 6161,3191 6251,3191 6340,3191 6430,3185 6519,3185 6609,3179 6698,3173 6788,3173 6877,3173 6967,3173 7056,3173 7145,3167 7235,3161"/>
                <TextEquiv>
                    <Unicode>il est mort... il est certainement mort...</Unicode>
                </TextEquiv>
            </TextLine>
            <TextLine id="tr_1_tl_18" custom="readingOrder {index:17;}">
                <Coords points="3832,3506 6619,3429 6653,3249 4478,3344 4324,3267 3836,3369"/>
                <Baseline points="3859,3417 3889,3417 3978,3417 4068,3417 4157,3411 4247,3411 4336,3411 4425,3411 4515,3411 4604,3405 4694,3405 4783,3400 4873,3400 4962,3394 5052,3394 5141,3394 5231,3388 5320,3388 5410,3382 5499,3382 5589,3376 5678,3376 5768,3370 5857,3370 5947,3364 6036,3370 6125,3364 6215,3358 6304,3358 6394,3352 6483,3346 6573,3340 6662,3334"/>
                <TextEquiv>
                    <Unicode>et les morts ne parlent pas.</Unicode>
                </TextEquiv>
            </TextLine>
            <TextLine id="tr_1_tl_19" custom="readingOrder {index:18;}">
                <Coords points="3964,3613 4457,3690 4812,3583 6400,3588 7064,3536 7103,3434 3969,3485"/>
                <Baseline points="3990,3584 4068,3590 4157,3596 4247,3590 4336,3596 4425,3590 4515,3590 4604,3584 4694,3584 4783,3578 4873,3572 4962,3567 5052,3561 5141,3555 5231,3555 5320,3549 5410,3543 5499,3543 5589,3543 5678,3537 5768,3537 5857,3531 5947,3537 6036,3531 6125,3525 6215,3525 6304,3519 6394,3519 6483,3513 6573,3513 6662,3513 6752,3513 6841,3513 6931,3513 7020,3513 7110,3513"/>
                <TextEquiv>
                    <Unicode>Pourquoi dis-tu ça? c'est son</Unicode>
                </TextEquiv>
            </TextLine>
            <TextLine id="tr_1_tl_20" custom="readingOrder {index:19;}">
                <Coords points="3793,3802 4375,3857 4718,3746 5904,3716 6049,3815 6174,3712 6944,3725 7013,3571 5780,3669 5544,3558 5356,3678 5197,3596 4375,3729 3797,3665"/>
                <Baseline points="3817,3763 3889,3763 3978,3763 4068,3763 4157,3763 4247,3763 4336,3763 4425,3757 4515,3757 4604,3751 4694,3745 4783,3740 4873,3734 4962,3734 5052,3728 5141,3722 5231,3716 5320,3716 5410,3716 5499,3710 5589,3710 5678,3710 5768,3704 5857,3704 5947,3698 6036,3698 6125,3692 6215,3692 6304,3692 6394,3686 6483,3686 6573,3680 6662,3680 6752,3674 6841,3674 6931,3668 7020,3668"/>
                <TextEquiv>
                    <Unicode>mari qui parle. Elle s'épouvante</Unicode>
                </TextEquiv>
            </TextLine>
            <TextLine id="tr_1_tl_21" custom="readingOrder {index:20;}">
                <Coords points="3930,3964 4512,4042 4739,3922 7115,3900 7192,3708 6460,3815 5257,3742 4804,3875 3934,3810"/>
                <Baseline points="3954,3918 3978,3918 4068,3918 4157,3924 4247,3924 4336,3924 4425,3924 4515,3918 4604,3918 4694,3912 4783,3907 4873,3901 4962,3901 5052,3895 5141,3895 5231,3889 5320,3889 5410,3883 5499,3877 5589,3877 5678,3877 5768,3871 5857,3871 5947,3865 6036,3865 6125,3865 6215,3859 6304,3865 6394,3865 6483,3859 6573,3859 6662,3853 6752,3853 6841,3853 6931,3847 7020,3847 7110,3841 7199,3847"/>
                <TextEquiv>
                    <Unicode>Qu'ai-je donc dit? Et il lui semble</Unicode>
                </TextEquiv>
            </TextLine>
            <TextLine id="tr_1_tl_22" custom="readingOrder {index:21;}">
                <Coords points="3819,4191 6525,4076 6709,4046 6713,3887 6088,3964 5887,3887 5711,4016 5193,3917 4658,4033 3823,3973"/>
                <Baseline points="3841,4103 3853,4109 3942,4103 4032,4097 4121,4097 4211,4091 4300,4091 4390,4091 4479,4097 4569,4091 4658,4085 4748,4080 4837,4080 4927,4074 5016,4068 5105,4068 5195,4068 5284,4062 5374,4062 5463,4062 5553,4056 5642,4050 5732,4050 5821,4044 5911,4044 6000,4038 6090,4038 6179,4038 6269,4038 6358,4032 6448,4026 6537,4020 6627,4014 6716,4014"/>
                <TextEquiv>
                    <Unicode>que coup sur coup elle a tout</Unicode>
                </TextEquiv>
            </TextLine>
            <TextLine id="tr_1_tl_23" custom="readingOrder {index:22;}">
                <Coords points="6174,4320 6400,4341 6559,4243 6679,4286 6824,4217 7056,4256 7158,4221 7167,4050 7064,4042 6970,4084 6833,4037 6726,4084 6422,4050 6353,4106 6182,4110"/>
                <Baseline points="6203,4205 6275,4217 6364,4217 6454,4217 6543,4211 6632,4205 6722,4199 6811,4193 6901,4193 6990,4187 7080,4187 7169,4193"/>
                <TextEquiv>
                    <Unicode>qu'elle a</Unicode>
                </TextEquiv>
            </TextLine>
            <TextLine id="tr_1_tl_24" custom="readingOrder {index:23;}">
                <Coords points="3849,4337 4393,4367 4799,4264 5073,4388 5450,4281 5938,4273 5942,4110 5356,4153 5287,4084 5099,4136 5039,4080 4701,4101 4551,4191 3853,4208"/>
                <Baseline points="3877,4270 3889,4276 3978,4270 4068,4270 4157,4270 4247,4264 4336,4264 4425,4258 4515,4258 4604,4252 4694,4252 4783,4252 4873,4247 4962,4247 5052,4247 5141,4241 5231,4235 5320,4235 5410,4229 5499,4223 5589,4223 5678,4217 5768,4211 5857,4205 5947,4211"/>
                <TextEquiv>
                    <Unicode>raconte à haute voix</Unicode>
                </TextEquiv>
            </TextLine>
        </TextRegion>
    </Page>
</PcGts>
