7368 4744
240 414 3598 745 Tout à coup, un éclair lui traverse l'es¬
253 619 3664 954 prit il y a une éventualité à laquelle,
296 810 3441 1076 elle n'a pas pensé depuis qu'elle
209 954 3594 1167 s'est relevée du fasse. S'il n'était
222 1128 3433 1455 pas mart? S'il... Mais non, il
187 1303 3537 1512 n'y a pas de doute... Ces yent... cette
166 1490 3594 1677 bouche - et puis... aucun souffle de
222 1647 3472 1873 ses lèvres - mais il y a la léthargie.
205 1790 3620 2026 Il y a des cas on l'œil exerce se trompe
205 1952 3555 2235 Et elle n'a certainement pas un œil
257 2169 3677 2374 exerce. S'il vit s'il a repris connaissant
274 2339 3346 2509 ce, s'il s'est vu seul subitement
296 2470 3437 2692 au milieu de la nuit sur la
288 2627 3668 2914 chaussée... s'il l'appelle par son
257 2823 3572 3015 nom... s'il croit que c'est elle la
309 2949 3546 3180 blessée... s'il dit aux médecins
270 3163 3607 3394 ici, il y avait une dame qui dans
270 3359 3428 3542 la chute a dû être lancée plus
322 3498 3720 3733 lom que moi. Et... et... quoi après?
279 3642 3481 3855 On la cherchera. Le cacher reviendra
279 3812 3559 4034 avec du monde de Franz Yasefland.
270 3977 3624 4221 il dira... cette dame était là quand
231 4134 3729 4483 V. Je m'en suis allé - et Franz se dontera
3773 357 7066 653 Franz saura... il la connaît si bien...
3777 540 7231 775 il sanra qu'elle a pris la fuite, et saisi
3764 719 7157 915 d'une terrible colère, il dira son nom
3799 845 7192 1189 pour se venger Car lui, il est perdu...
3773 1028 7109 1355 il aura été si profondément ébranlé
3768 1189 7157 1477 qu'elle l'ait laissé seul ces dernières
3777 1385 7118 1695 heures, que sans le moindre égard il
3816 1525 7170 1756 dira : C'était Madame Emma ma
3759 1747 7210 1930 maîtresse... lâche et sotte en même
3781 1895 7205 2191 temps, car n'est-ce pas. Messieurs, vous
3746 2026 7231 2339 n'auriez cherché à connaître son nom
3742 2217 6926 2448 si on vous avait prié d'être discret
3746 2365 7227 2627 Vous l'auriez laissée partir tranquille,
3768 2535 7149 2775 ment et moi aussi, am certainement
3786 2753 6844 2971 seulement elle aurait dû attendre.
3777 2884 7188 3123 votre arrivée. Mais parce qu'elle était
3794 3049 7153 3376 si lâche, je vous dis qui elle est... c'est.
3890 3263 4260 3463 Ah
3999 3359 7105 3655 Qu'est ce que tu as? lui dit son
3764 3585 5402 3794 mari en se levant
3825 3742 7266 4034 — De quoi... comment... qu'est-ce que c'est?
3777 3916 6295 4178 Oui dis-moi ce que tu as?
3825 4043 7205 4400 Rien. Elle serre son enfant plus fort.
