7368 4648
242 371 3674 635 Le sang semblait séché aux tempes et aux jours
281 553 3653 760 Elle regarde les yens, les y ont vitrent sans vie,
250 704 3579 1010 elle frémit. Pourquoi je ne veux pas le
216 859 3666 1097 croire - c'est certain... c'e est la mort! Le frisso
233 1071 3562 1235 la saisit. Elle sont seulement: un mort
216 1230 3670 1459 Moi et un mort le mort sur mes genons.
246 1390 3609 1585 De ses mains Tremblantes, elle pousse la
237 1550 3579 1787 tête qui repose de nouveau à terre. C'est
276 1731 3709 1956 alors que l'angoisse de la delitude l'empoigne
225 1869 3588 2163 Pourgnoi a-t-elle renvoyé le cocher à Quelle
328 2111 3579 2336 folie. Que doit-elle faire seule, sur la
328 2202 3657 2496 grand route avec ce cadavre? Si du monde
324 2388 3666 2621 vient "que va-t-elle dire, qui, que leur
302 2543 3627 2768 dira-t-elle? Puis, combien de temps fau
302 2703 3372 2983 dra-t-il lui attendre? Elle regarde le mort
272 2875 3691 3160 je ne suis pas seule avec lui. La lumière
285 3048 3584 3290 est aussi là. Il lui semble voir quelque
311 3238 3614 3445 chose de reconfortant dans cette lumière,
311 3428 3622 3644 quelque chose d'aimable, de calme qu'elle
276 3592 3618 3808 devrait remercier. Il y avait plus de vie
268 3717 3683 3916 dans cette petite flamme que dans toute
298 3916 3584 4076 cette vaste nuit. On c'était comme
298 4067 3566 4387 si cette lumière voulait la protéger de
3773 354 7055 566 cet homme livide et terrible qui gisait
5000 514 7072 807 Elle regarda si longtemps
3812 522 4935 807 près d'elle...
3795 699 6882 971 cette lumière jusqu'à ce que ses yeux
3799 842 7193 1049 vacillèrent. Instantanément, elle eut le
3782 1023 7158 1213 sentiment qu'elle se réveillait. Elle se re
3795 1174 7258 1459 dresse. Il ne faut pas qu'on me trouve
3804 1377 7258 1597 ici avec lui, ça ne va pas, c'est impassible.
3834 1520 7253 1736 C’était comme si elle se voyait elle-même
3843 1680 7128 1952 là, sur la route, à ses pieds, le mort et
3786 1844 7223 2064 la lumière; et elle croyait se voir étrange¬
3769 2003 7133 2219 ment grandir dans l'obscurité. Qu'est-ce
3799 2249 7133 2478 que j'attends, songé-t-elle et ses pensées
3808 2331 7197 2603 se pressent l'une l'autre... Qu'est-ce
3804 2517 6977 2798 que j'attends? Des gens? Qu'ont-ils
3786 2733 7176 2949 besoin de moi? Ils viendront et ques
3804 2888 7197 3100 tionneront... et moi... qu'est-ce que
3778 3044 7210 3294 je fais ici? On demandera qui je suis?
3812 3195 7124 3476 Que répondre? Rien! Je ne dira pas
3799 3368 7102 3640 mot, si des gens viennent, je me tairai
3804 3532 5121 3821 Pas une parole
5198 3519 7202 3812 ... ils ne peuvent pas
3946 3730 4935 3989 me farcer.
4020 3881 6118 4153 Des voix approchaient
3769 4041 7115 4352 Déjà? pense-t-elle. Plaine d'angaisse
