7352 4680
3806 270 7211 583 avec frayene qu'elle est entièrement crottée
209 279 3562 688 Sans le vouloir... comme... toujours les
3780 514 7193 775 Que dire-t-elle à sa femme de chambre?
261 557 3327 801 bonnes gens. Maintenant elle serait
3762 705 7159 958 Il lui passe par la tête que demain on
270 714 3614 967 découverte. Maintenant les médecins la
3788 853 7202 1106 lira dans tous les journant, le malheur
287 853 3658 1211 questionneraient. Et votre mari, Madame,
3745 1028 7176 1306 qui est arrivé. On lira aussi qu'une
287 1097 3649 1306 O Dieu!... Et les journant demain et la
3762 1237 7072 1420 dame était en voiture avec lui, qui
226 1271 3640 1559 famille - elle aurait été à jamais perdue,
3727 1341 7106 1637 a disparu ; à cette pensée, elle frémit
270 1420 3571 1655 et ne lui enrait pas rendu la vie, à lui. Om
200 1533 7202 1846 c'était l'essentiel pour rien elle se serait de rechef-une seule imprudence et toute
3736 1750 7115 1925 sa lârcheté pour rien. Mais elle a la
226 1768 3632 2038 perdue. Elle est sous le pont du chemin de
3762 1864 6915 2142 clef de son logement; elle peut entrer
279 1916 3623 2195 fer - En avant Plus vite.. plus vite..
3710 2029 7072 2238 sans sonner - elle tâchera de ne pas
340 2064 3640 2369 Voici la colonne de Legethoff, une bifur¬
3745 2195 7202 2421 être entendue en entrant. Vite, elle
244 2264 3527 2517 cation de tant de rues. Il y a peu de
3745 2386 7176 2647 prend une voiture. Elle aurait près
226 2412 3579 2647 monde dans les ames aujourd'hui, un
3780 2526 7132 2796 que donné son adresse, mais elle se
270 2595 3605 2865 soir d'automne si pluvieux et tant
3771 2700 7124 2917 rappelle, et ce ne serait pas prudent
270 2761 3396 3048 de vent, mais, il lui semble que la
3771 2874 6915 3118 de le faire; elle donne une adresse
218 2926 3553 3144 vie de la ville bouillame avec force
3762 3048 7106 3283 quelconque au cocher. En passant dans
270 3092 3640 3318 autour d'elle, car là-bas d'où elle viens,
3762 3196 7150 3423 la Praterstrasse, elle voudrait sentir
270 3283 3396 3484 régnait une silence épouvantable.
3806 3353 7098 3597 quelque chose, mais elle ne peut pas,
244 3405 3675 3684 Elle a le temps. Elle sait que son mari
3788 3518 7220 3745 elle n'a qu'un désir, être en sûreté
244 3579 3553 3858 ne rentrera que vers dix heures- elle
3780 3693 6958 3962 chez elle. Le reste lui est indifférent
296 3753 3693 3971 a même le temps de changer de costume.
3753 3858 7106 4076 et l'instant où elle s'est décidée de
253 3928 3536 4198 Ce n'est qu'à présent qu'il lui vient à
3797 4041 7167 4372 laisser le mort sur la route; elle
253 4111 3440 4415 l'idée de regarder sa robe. Elle voit
