7336 4648
434 301 3635 696 Je t'en supplie, prenons une autre direction
408 567 1972 782 Comme tu voudras
232 709 3562 958 Il appelle le escher qui semble ne pas entendre
245 868 3532 1126 il se penche en avant et le touche de sa
262 1057 2470 1302 main. Le cocher se tourne
339 1224 3656 1499 Pierbrousséz chemin, mon bon, et ne fanettez
215 1396 3574 1650 pas si fort vos chevaux nous ne sommes pas
288 1547 3557 1830 pressés. Allez dans... savez-vous l'allée qui
249 1727 2427 1925 mène à la Reichsbrücke
378 1920 2238 2075 Dans la Reichstrasse?
455 2062 3656 2337 Om, et ne reprenez pas cette course effrence
288 2213 3471 2518 ça n'a pas de sens de faire trotter amis
365 2432 1289 2625 les chevaux.
382 2582 3394 2810 Faites exenses, M. sieur, c'est le vent qui
387 2728 1508 3007 effaranche les bêtes.
400 2887 3557 3149 tham le vent. Franz reprit sa place.
292 3093 3428 3351 Le cocher fit tourner les chevant, et ils
275 3261 2157 3458 continuèrent leur route.
327 3394 3592 3669 Pourguoi ne t'ai je pas un hier? Dit elle
365 3574 2724 3845 Comment aurions-nous pu?
357 3729 3643 4034 je croyais que tu était invité chez ma soeur.
365 3918 1525 4090 Oui c'est vrai.
382 4077 2595 4382 Rourgnoi n'y étais tu pas?
3931 331 7248 597 Parce que, je ne peut pas supporter d'être avec
3781 554 7033 816 toi parmi le monde. Non, jamais plus.
3867 687 5572 932 Elle hanssa les épaules!
3806 868 7239 1057 On sommes-nous maintenant demanda-t-elle
3776 1035 7127 1285 Ils allaient sans le pont du chemin de fer
3828 1186 5564 1456 dans la Puichstrasse
3884 1371 7188 1581 Ce chemin nous mène au grand Danube
3798 1560 7205 1792 dit Franz, pas loin de la Reichsbrucke. Là, il n'y
3746 1770 7183 1938 a pas des connaissances, ajanta -t-il iraniquement
3798 1856 6608 2041 Cette voiture cahaté horriblement
3828 2019 6951 2281 Om, nous trottons de nouveau sur le pavé
3884 2208 6805 2440 Pourquoi va-t-il toujours en ézig-zag?
3789 2393 6930 2651 Ca te fait seulement cet effet, dit Franz
3858 2530 7080 2797 Cependant, il trouvait lui-même que la
3738 2689 7196 2964 voiture les jetait de côté et d'autre plus qu'il
3811 2861 7059 3132 ne fallait. Il ne voulait rien dire pour
3837 3059 6242 3325 ne pas accraitre son antiété
3811 3209 7166 3497 Ma chère Emma, j'ai à te parler aujourd'hui
3781 3398 5757 3622 longtemps et sérieusement
3918 3532 7222 3755 En dois commencer vite, parce qu'à neuf heures
3794 3721 6036 3978 il faut que je sais rentréé
3927 3759 6737 4090 En deux mots, tout peut se décider
3871 4030 7218 4344 Mon Dieu qu'arrive-t-il encore? L'écria-
