7336 4696
215 417 3671 714 a dû étouffer tout ce qui pleurait en
232 594 3417 839 elle. Maintenant, elle ne peut plus
245 740 3667 1033 sentir que ses propres sancis. Elle n'est
258 899 3404 1227 pas sans cœur...O non... elle sait
301 1072 3469 1390 fort bien qu'il y aura des jours au
293 1231 3624 1489 le désespoir s'emparera d'elle, pent
271 1420 3632 1657 être elle en maurra, pour le moment
267 1567 3650 1894 elle ne langent que d'être tranquille
250 1730 3706 2036 chez elle, les yent sées, assise à la même
245 1894 3645 2195 table avec son mari et son enfant. Elle
241 2079 3460 2397 regarde par la portière. La voiture
293 2259 3693 2462 traverse l'intérieur de la ville là, tout
263 2406 3374 2720 est bien éclairé, et la foule circule
258 2578 3572 2802 En un instant, il lui semble que tout
280 2780 3555 3064 ce qu'elle a suivéen les dernières heures
219 2918 3667 3219 n'est pas vrai. Caut lui paraît un
245 3146 3452 3322 mauvais rêve et comme quelque
288 3232 3589 3495 chose dont elle ne peut saisir la
306 3430 3667 3641 réalité. Dans une sine près du Ring.
306 3572 3619 3800 elle fait arrêter la voiture, met pied
323 3779 3637 4011 à terre tourne vite le com, prend
267 3929 3697 4149 une autre voiture et donne son adresse
280 4123 3615 4351 Elle se croit en a moment coupable.
3774 314 7217 555 de saisir une idée. Où est-il maintenant
3805 521 7200 809 cette pensée surgit tout à coup. Elle ferme
3792 689 7204 986 les yent et le voit couché sur un brancard
3783 874 7093 1050 dans la voiture du Bon-Secours. Gl lui
3770 1037 7101 1239 semble, qu'elle est assise près de lui et
3761 1214 7149 1472 que la voiture commence à chanceler et
3792 1373 7062 1588 elle a peur d'être renversée comme
3792 1519 7235 1760 alors - et jette un cr étouffé. La voiture
3770 1743 7080 1984 s'arrête, elle fait un sursant et se
3766 1851 6908 2087 voit devant la porte cochère de son
3753 2027 7187 2255 logement. - Vite elle descend, traversé
3783 2195 7011 2445 le vestibule à la hâte et a à pas si
3787 2406 7118 2660 légers que le portier ne regarde pas
3805 2522 7166 2780 derrière sa fenêtre. monte l'excalier
3783 2729 7161 2982 auvre dancement la porte pour n'être
3817 2862 6882 3137 pas entendue de l'antichambre
3787 3069 7157 3254 dans sa chambre - elle a réussi! Elle
3805 3206 7174 3426 allume la bougie, se défait aussi vite
3800 3357 7037 3693 que possible de ses vêtements et les
3822 3533 7209 3856 cache saignensement dans l'armoire.
3813 3706 7024 3929 Pendant la nuit, ils ont le temps
3813 3912 6955 4093 de sécher = demain, elle les nettoiera
3800 4033 6322 4330 et les brossera elle même
