7352 4696
205 431 3646 680 et la regarde passer. C'est une voiture du
240 571 3076 797 Bon-Secours. Elle sait où elle va
327 732 3637 976 Comme elle trotte vite? pense-t-elle
288 910 3707 1181 C'est comme une sorcellerie. Un instant,
257 1098 3529 1394 elle croit qu'il faut qu'elle appelle les
274 1272 3664 1568 gens, qu'il faut qu'elle dille avec eux,
288 1420 3585 1712 qu'elle retourne d'où elle vient. Un
222 1590 3651 1838 moment, une affreuse honte la saisit
279 1773 3555 1995 comme elle ne l'a jamais sentie, elle
244 1908 3698 2130 sait qu'elle vient d'être lâche et mauvaise
196 2091 3603 2300 Mais entendant au loin le sifflet et le
222 2270 3664 2531 roulement se perdre tout à fait une
274 2405 3659 2714 joie sauvage l'étreint elle court vite...
296 2579 3651 2832 sauvée. Des gens viennent au devant
274 2775 3529 2971 d'elle, elle n'a pens peur d'eux-le plus
270 2893 3690 3141 difficile est surmonté. Le bruit de la ville
322 3080 3681 3402 se fait plus distinct, tout devient plus
292 3232 3712 3511 clair devant elle; elle voit déjà la ligne.
283 3433 3668 3672 des maisons de la Praterstrasse et c'est
270 3603 3542 3842 comme si là-bas, une copie l'attend
279 3751 3685 4064 parmi laquelle elle va disparaître sans
292 3934 3672 4186 laisser des traces. Elle peut à présent s'
322 4077 3603 4404 approcher d'un réverbère pour regarder à
3768 279 7166 579 sa montre, le calme ne lui manque plus
3799 518 7000 719 C'est neuf heures moins dit minutes.
3825 667 7266 893 Elle écoute le tic-lac de la montre - elle ne
3768 867 7236 1115 s'est pas arrêtée. Elle pense. Je suis saine
3786 1037 7227 1246 et sauve... ma montre marche... et lui
3816 1211 7114 1394 lin... mort... Fatalité... Elle sent
3755 1337 7183 1629 comme si tout lui était pardonné.
3751 1507 7236 1817 comme si jamais elle n'avait commise
3764 1660 7170 1960 une faute. Ça s'est démontré, oui ça
3786 1843 7053 2069 s'est démontré. Elle entend comme elle
3781 2034 7223 2291 prononce ces mots à haute voix. Et si
3794 2169 7053 2374 le sort en avait décidé autrement?
3803 2339 7231 2592 Si c’était elle qui maintenant était
3786 2514 7227 2788 conchée là-bas dans le fossé et lui qui
3803 2666 7271 2997 fut sain et sauf? Il n'aurait pas pris
3794 2866 7223 3058 la fuite, non... lui, certainement non¬
3768 3062 7275 3232 Mais lui est un homme. Elle est une
3816 3184 7192 3494 femme - et elle a un enfant et un
3803 3346 7227 3585 mari-Elle a bien fait - Elle n'a fait
3812 3515 7244 3829 que son devoir - ainsi son d'avoir. Elle sait
3834 3707 7236 4016 parfaitement bien, que ce n'est pas par
3803 3873 7170 4064 sentiment du devoir qu'elle a agi de
3803 4008 7188 4339 la sarte... Elle a pourtant bien fait
