7336 4712
3807 240 7203 609 elle se rappelle ensuite qu'elle a voulu
214 377 3541 686 Encore une fois elle se retourne. Ce n'est
223 549 6954 875 même pas si sombre. Elle voit distinctement échapper à ces hommes qui viennent
3696 703 7169 943 là-bas et qui la chercheront. Que croirons
1072 780 3636 1020 aussi les chevant... et si elle fixe
249 806 969 1003 la voiture.
3739 875 7040 1106 ils aient-ils courir après elle? On ne
249 935 3670 1192 bien, elle aperçoit aussi quelque chose comme
3730 1029 7083 1338 peut plus l'atteindre, la voilà bientôt
266 1132 3627 1321 le contour d'un corps humain couché à terre
3730 1218 6980 1432 sur le pont, elle a une grande avance
223 1261 3559 1501 Ses yent s'ouvrent démesurément, elle a le
3722 1355 7066 1595 et le danger est passé. On ne peut
154 1423 3533 1706 sentiment que quelque chose la retient et
3730 1586 6894 1835 pas prévoir qui elle est personne
180 1578 3541 1886 croit que c'est lui qui veut la garder, et
3730 1706 7177 1947 ne peut soupçonner qu'elle était cette
214 1792 3644 2049 elle sent le pouvoir qu'il a... Mais avec
3756 1886 7177 2152 dame qui était allée en voiture avec
257 1921 3567 2144 force elle se délivre, elle voit ensuite que
3756 2067 7229 2272 ce jeune homme dans la Reichsstrasse
249 2101 3593 2332 le terrain est très humide; elle est sur
3739 2204 6860 2504 Le cacher ne la connaît pas il ne la
197 2272 3687 2590 cette route glissante, et, c'était la poussière
3730 2367 7177 2658 reconnaîtra non plus, s'il la voit plus
249 2444 3627 2710 monillée qui ne voulait pas se dessaisir
3799 2555 6989 2761 tard. On ne se préoccupera pas de
223 2607 3353 2821 d'elle. Maintenant elle court.. vite
3773 2701 7100 2984 savoir qui c'était. Qui cela regarde?
206 2787 3627 2993 vite... elle fuit de là... pour retourner
3756 2890 7117 3156 C'était agir avec prudence de n'être
223 2933 3567 3216 dans la lumière, dans le bruit parmi
3722 3070 7023 3344 pas restée là-bas, ce n'est non plus
223 3121 3619 3396 les gens! Elle court le long du chemin
3782 3198 7134 3473 une lâchete. Franz lui-même lui
206 3310 3636 3559 relève haut sa robe pour ne pas tomber
3739 3430 7169 3610 aurait donné raison. Il faut bien
266 3481 3610 3747 Le vent lui souffle dans le das, comme
3764 3567 7109 3859 qu'elle retourne chez elle, elle a un
223 3627 3696 3936 pour la pousser en avant. Elle ne sait plus
3747 3722 6963 3944 enfant elle a un mari elle aurait
223 3807 3687 4056 bien de guer elle se sauve. Il lui semble
3722 3876 7177 4202 été perdue, si on l'avait trouvée près
300 3987 3636 4253 qu'elle doit fuir cet homme pâle qui
283 4056 7169 4425 git au loin là-bas dans le fossé de la route de son amant mort. Voila le pont,
