7352 4696
210 390 3534 722 ma chère Emma c'est pourquoi, ca ne va pas
324 648 1760 858 Et mon enfant?
350 797 3643 998 Il te le laisserait, j'en suis fermement persuadé.
363 937 3617 1235 Et comment? demanda-t-elle presque sans voix.
311 1121 3464 1397 Nous enfin à la faveur de la nuit?
293 1331 3577 1467 Non non. En n'as qu'a lui dire tout sim-
359 1489 3556 1721 pliment, que tu ne peut plus vivre avec
175 1594 3512 1905 lin, parce que tu s'és donnée à un autre
381 1787 2886 2040 As-tu perdu la raison, Franz?
363 1931 3608 2233 Si tu vent, je t'éviterai aussi ce pas, je le
228 2115 2071 2356 lui dirai moi-même.
250 2290 2076 2570 - En ne feras pas cela
215 2426 3608 2728 Il chercher son regard; mais dans l'obscurité il
236 2649 3683 2833 ne vit rien que sa tête relevée et tournée vers lui
368 2763 3586 2978 Franz se tut quelques secondes. Enis, il dit
276 2925 3529 3210 avec quiétude, n'aie pas peur, je ne le
342 3140 1230 3411 ferai pas
407 3262 3118 3485 Ils s’approchaient de l’autre bord.
342 3433 3608 3722 N'entends-tu rien? Dit la jeune femme
381 3656 2198 3875 Qu'est-ce que c'est a.
394 3766 3612 4072 Un bruit qui vient de là-bas, dit Franz
210 3963 3608 4221 De l'obscurité un crecèllement venait tout
250 4107 3608 4379 lentement de l'obscurité, une petite flamme
3757 289 7207 661 nougeâtre qui grandissait en se rapprochant
3722 517 7181 845 flottait en avant, ils virent bientôt qu'elle
6840 679 7102 788 an
3761 714 7207 981 provenait d'une lanterne attachée devant
3761 898 7242 1103 le timan d'une charriette mais ils ne pouvaient
3788 1064 7102 1287 distinguer si la charrette était chargée on
3753 1174 7234 1445 s'il y avait des gens dessus. A la suite deux
3766 1353 7115 1581 charrettes pareilles avançaient. Dans la
3753 1537 7247 1791 dernière on ils pouvaient apercevoir un homme
3735 1712 7242 2010 en habit de payson qui allumait justement
3739 1874 7260 2163 sa pipe. Les charrettes passèrent devant
3744 2036 7269 2299 ent. Pins ils n'entendirent plus rien que
3757 2207 7181 2417 le bruit sourd du fiacre qui roulait à
4751 2360 5189 2513 enrière
3726 2373 7050 2592 vingt pas deux. Le pont maintenant
3770 2557 7194 2750 descendait peu à peu vers l'autre rive. Ils
3744 2689 7260 2938 voyaient au loin comme le chemin s'étendait
3735 2916 7172 3087 entre les arbres dans l'obscurité, et à droite
3739 3048 7164 3345 et à gauche, le basfand des prairies comme
3823 3245 5311 3472 dans un abîme.
3818 3367 7164 3647 Après un long silence. Franz dit tout
3810 3534 6980 3840 à coup : - Eh bien! c'est la dernière fois.
3827 3709 6936 3923 De quoi ; dit Emma d'un ton sancieux
3818 3875 7168 4094 La dernière fois que nous sommes ensemble.
3831 4046 6809 4366 Reste avec un: Mai, je te dis, adieu.
