7336 4696
304 395 2023 682 Parle-tu sérieusement?
330 616 1224 838 Cont à fait.
265 755 3586 1016 En vois bien, que c'est toujours toi qui gâtes ces
239 929 3364 1220 quelques heures que nous avons et non moi
300 1090 3490 1337 Om, om, tu as raison, Viens, allons rejoindre
356 1289 1142 1476 la voiture.
373 1394 3555 1624 Elle s'attache à son bras. Non dit-elle avec
226 1563 3599 1828 Andresse je ne veut pas, je ne vient pas être
352 1758 1615 2045 renvoyée ainsi
330 1901 3634 2179 Elle l'attire à elle et l'embrasse longuement.
339 2114 3629 2336 Où irions-nous si nous allions toujours ainsi
221 2266 1324 2479 devant nous a
252 2344 3603 2687 Ce chemin mène à Pragne, ma chérie
321 2574 3647 2848 Nous n'irons pas si loin, dit-elle en sauriant,
287 2765 3417 2982 mais encore un peu plus loin par là,
234 2956 3512 3143 si tu vens. Elle montrait le sombre espace.
339 3100 3595 3391 Ché! cocher, appelé le jeune homme. Pas
226 3252 3551 3542 de réponse. Il récitéra plus fort son appel
282 3425 3317 3647 La voiture allait son même train.
282 3629 3477 3855 Franz cournt après et vit que le cocher
256 3764 3647 4016 s'était endormi. Autoris répétés, il s'éveilla
430 3929 3603 4224 Nous allez continuer de suivre tout droit
287 4111 2978 4380 la route, - m'avez-vous compris?
3755 334 5878 599 - C'est bien M.t sieur....
3768 551 7028 738 Tous deux entrèrent dans la voiture. Le
3746 768 6864 912 cocher fonetta les chevaux à tour de bras
3751 868 7128 1107 cent-ci s'élancèrent comme empartis sur
3738 1081 7085 1250 la route bonense. Dans la voiture les
3755 1250 7076 1489 dent jeunes gens se tenaient serrés dans
3738 1433 7085 1615 les bras l'un de l'autre pendant qu'ils
3751 1524 7211 1789 étaient jetés à tort et à travers par la seconde.
3755 1706 7094 1945 -N'est-ce pas beau aussi ainsi? murmure
3781 1858 6768 2101 Emma presque sur la bouche de son ami.
3746 2023 7133 2275 A peine avait-elle dit ces mots, qu'elle eut
3760 2197 7102 2496 l’effet comme si la voiture santait en
3733 2379 7224 2557 l'air - elle se sentit lancée voulut se retenir
3746 2548 7198 2739 de la main elle ne trouva que le vide, elle
3768 2735 7185 2987 croyait tourner d'une vitesse vertigineuse
3746 2926 7159 3143 qui la força à fermer les yeux - sondain
3755 3030 7241 3243 elle se sentit étendue à terre et un silence
3777 3217 7137 3430 stroce et lourd pèser sur elle, comme si
3764 3404 7215 3642 elle était éloignée du monde et tout à fait
3755 3542 7141 3764 seule. Ensuite, elle entendit confusément
3746 3707 7133 4007 toute sorte de bruit, les fers des chevaux
3781 3907 7002 4176 qui frappaient la terre tout près d'elle
3764 4085 7198 4380 des sourds gémissements, mais elle ne voyait
