7352 4680
300 357 3664 696 elle prête l'areille. Les voix venaient du
278 614 3612 866 pont. Ce ne pouvait pas être les gens que
287 731 3638 1005 le cocher avait cherché. Qui que ce fut dans
244 896 3416 1114 tous les cas, on verrait la lumière, elle
274 1114 3372 1305 serait découverte, il fallait éviter cela
318 1253 3681 1519 Elle pousse du pied la lanterne. Elle s'éteint
239 1423 3642 1667 La voilà dans la plus profonde obscurité.
287 1575 3581 1793 Elle ne voit rien. Lui, elle ne le voit non
309 1762 3699 2019 plus. Seulement le tas de pierres blanchâtre
322 1901 3646 2167 brillait un peu. Les voir approchaient
318 2054 3559 2271 de plus en plus. Elle tremble de tous ses
261 2223 3642 2472 membres. Il ne faut pas qu'on me trouve
261 2384 3585 2685 ici, c'est l'essentiel; il ne s'agit que deçon.
265 2633 3620 2776 rien que de ça - elle serait perdue sans
239 2767 3629 3033 ressence si quelqu'un apprenait qu'elle
239 2907 3568 3189 est la maîtresse de... Elle joint con-
257 3085 3646 3316 vulsivement les mains. Elle prie, que
270 3233 3655 3516 les gens passent de l'autre côté de la route
278 3398 3568 3633 sans la voir. Elle écoute. Oui là-bas...
305 3612 3677 3864 Que dit-on?... ce sont deux en trois femmes
318 3755 3612 4008 Elles ont aperçu la voiture parce qu'elles
305 3925 3629 4190 en parlent, elle peut discirner des mots.
309 4086 3659 4373 Une voiture... renversée... que dit en encore
3768 366 7184 579 Elle ne peut comprendre, elles s'éloignent. elles
3768 540 7058 801 sont passées. Dieu soit loné! Et maintenant,
3768 757 7206 996 que faire? Oh, pourquoi n'est-elle pas morte
3773 853 7219 1105 comme lui? Il est à envier, pour lui tout est
3777 1053 7240 1284 passé... pour lui plus de crainte ni de danger
3738 1201 7171 1410 Mais elle, elle tremble pour beaucoup. Elle a
3786 1384 7223 1601 peur qu'on la trouve là, qu'en lui demande.
3803 1536 7249 1784 qui êtes vons?... Qu'il faudra aller au bureau
3803 1688 7001 1954 de police, que tout le monde le saurca
3738 1875 6370 2163 que son mari-que son enfant.
3786 2058 7223 2232 Et elle ne comprend pas qu'elle soit restée
3790 2245 7093 2493 là si longtemps comme fisée à terre.
3777 2389 7036 2593 Elle peut s'en aller, personne n'a besoin
3764 2519 7036 2772 d'elle, ici, elle même court à sa perte.
3777 2706 7201 2994 Elle fait- un pas... Attention... il faut
3759 2872 7201 3168 traverser le fossé... elle y est... un pas
3786 3037 7223 3285 en haut. Oh! il est si peu profond; encore
3790 3242 7214 3503 dent pas à faire pour arriver au milieu
3768 3372 7014 3616 du chemin... là, elle reste un instant
3755 3533 7214 3829 sans bonger, regarde devant elle et pour¬
3755 3746 7254 4012 suit la route grise bien avant dans les ténèbres.
3777 3890 7175 4086 Là-bas - où là -bas est la ville. Elle ne
3786 4055 7245 4369 pent la voir. mais elle sait se diriger
