7368 4696
236 336 3529 694 grande de ne pas la voir dans le fossé, mais
179 624 3560 785 de travers sur le revers de la route, comme
205 763 3525 955 si une sone était cassée. Les chevaux sur
218 899 3577 1182 pied étaient entièrement calmes. La lu¬
244 1069 3555 1374 mière approchait. elle voyait successive.
266 1261 3560 1444 ment le reflet se porter sur la borne
262 1457 3647 1723 kilométrique; ensuite sur le tas de pierres et
288 1557 3673 1845 glisser dans le fossé; puis sur les pieds
275 1741 3669 1976 de Franz et, passant sur son corps éclairez
257 1893 3603 2103 le visage et s'y attacher. Le cocher avait
262 2125 3429 2360 mis la lanterne par terre; juste à
288 2255 3673 2465 côté de la tête du blesse. Emma s'agenanilla
253 2386 3551 2705 pour le voir, elle cent en apercevant ce
262 2591 3638 2770 visage que son cœur avait cessé de battre
305 2722 3555 3036 Il était pâle; les yeux à demi enverts
249 2897 3643 3150 de telle sorte, qu'elle ne voyait que le
249 3054 3695 3350 blanc. De la tempe droite, ruisselait une
288 3250 3673 3477 raie de sang tout lentement sur la joue
249 3385 3686 3691 pour se perdre dans le son sons le col de la
275 3582 3577 3826 chemise. Les dents mordaient la livre
266 3743 3647 4014 inférieure. - Est ce possible, mon Dieu! est-
340 3922 2866 4188 ce possible! murmure Emma,
266 4092 3564 4362 Le cocher s'était aussi agenouillé et
3739 266 7224 571 fisait le visage du blessé. Il saisit la tête
3813 563 7067 790 de ses deux mains et la fit se redresser :
3752 720 7107 951 - Que faites-vous? s’écrie Emma, la voix
3739 912 7107 1165 étoiffée; elle s'effrayait de cette tête qui
3752 1021 6609 1243 semblait se dresser d'elle-même.
3734 1160 7172 1457 -ge crois, Madame, qu'il est arrivé un grand
3800 1383 4537 1588 Malheur
3765 1553 7194 1758 Ce n'est pas vrai, dit Emma. Ça ne peut
3774 1697 7207 1946 pas être.Vous est-il arrivé quelque chose
3800 1872 5436 2077 à vous? Et moi...
3830 2033 7150 2225 Le cocher laissa retomber lentement la
3791 2247 7246 2469 tête de cet être manimé; - sur les genons
3782 2369 7246 2604 tremblants d'Emma. - Si quelqu'un venait
3769 2548 7041 2818 si les paysans étaient passés un quart
3774 2692 5754 2945 d'heure plus tard... Que
3830 2897 7211 3102 Que faire? Dit Emma et ses lèvres tremblaires.
3782 3036 7124 3276 - Om. Madame si la voiture n'était pas
3739 3193 6984 3411 cassée... mais comme elle est abîmée...
3782 3390 7032 3625 Il faut attendre que quelqu'un passé
3756 3516 7255 3743 Il parlait encore qu'elle ne l'entendait plus
3765 3708 7220 3987 pendant ce temps, elle se sentait revenir
3756 3887 7098 4092 à elle, et savait ce qu'on devait faire
3769 4022 7277 4349 -A quelle distance - est la plus proche maison
