7352 4712
279 382 3532 692 le chemin semble plus clair... om, elle
245 580 3686 868 entend le murmure de l'eau comme aupara
249 786 3592 975 vant, elle est là où ils allaient tous les
284 919 3235 1177 dent, bras dessus, bras-dessous. Quand
292 1113 3648 1388 Quand? Depuis combien d'heures? Ce ne
275 1237 3690 1564 pent être depuis longtemps. Pas longtemps?
292 1431 3695 1684 Pent-être si! Pentêtre elle était longtemps
309 1633 3648 1908 sans connaissance, peut être minuit
275 1770 3566 2075 est passé, peut-être le matin approche,
292 1920 3364 2217 pentitre on l'a attendue en vain.
327 2157 3673 2337 Non, non ce n'est pas possible elle sent,
275 2320 3708 2565 qu'elle n'était pas evanonie. maintenant
309 2432 3626 2758 elle se rappelle mient qu'an premier
309 2638 3660 2883 moment, que tout d'abord après la chute,
292 2784 3596 2977 rien ne lui avait échappé de ce qui s'
288 2917 3596 3239 était passé. Elle court sur le pont et
314 3085 3708 3317 elle entend retentir ses pas. Elle ne regarde
275 3317 3643 3579 ni à droite ni à gauche. Maintenant
322 3433 3716 3678 elle voit venir quelqu'un à sa rencontre.
369 3600 3699 3832 Elle ralentit ses pas. Qui ce peut être?
352 3751 3669 4047 qui vient vers elle. C'est quelqu'un
339 3961 3583 4185 en uniforme. Elle marche lentement
322 4176 3523 4404 Elle ne doit pas attirer son attention.
3845 322 7188 657 Elle croit voir le regard de cet homme fixé
3798 516 7196 765 sur elle. S'il la questionne? Elle est près
3789 683 7218 997 de lui, elle reconnaît l'uniforme; c'est un
3759 859 7162 1113 sergent de ville, il passe. Elle entend qu
3789 1027 7205 1263 il c'est arrêté derrière elle. Avec peine
3794 1220 7140 1448 elle se retient pour ne pas reprendre sa
3772 1345 7153 1598 course, il pourrait la soupçonner. Elle
3759 1564 7209 1783 marche toujours aussi lentement qu'au
3764 1680 7072 1998 paravant, entend les pas derrière elle
3746 1873 7149 2122 Mais ces pas s'éloignent. Ils se perdent
3811 2032 7235 2303 tout à fait. Elle respire; le pont passé
3798 2174 7205 2470 elle entend le tintement du tramway.
3768 2363 7119 2595 Ce n'est pas encore minuit. Là voila
3789 2522 7175 2818 qui qu court de nouveau; elle presse ses
3806 2724 7179 2986 pas vers la ville d'où elle voit refléter
3776 2891 7085 3089 les lumières sans le viaduc du chemin.
3776 3055 6943 3257 de fer, dont elle croit anir le bruit
3759 3214 7089 3441 s'amortissant. Encore cette rue déserte
3781 3390 7067 3605 et la voilà sauvée. Maintenant
3789 3536 7205 3854 elle entend de loin un sifflet strident,
3781 3751 7097 3931 toujours de plus en plus strident se
3794 3910 7226 4094 rapprocher, une voiture file à toute
3798 4043 7162 4369 bride. Gnvolantairement, elle s'arrête
