3375 4680
1130 281 2897 613 Les marts ne parlent
1210 662 2948 835 L'attente en voiture à
622 875 2843 1119 insupportable. il descendit et
659 1028 2672 1272 chanssee de long en large,
2718 1122 2797 1164 —
704 1213 2945 1457 avait gagné la ville; les fly¬
713 1369 2931 1590 quelques "reverbères" étaient s.
701 1525 2908 1687 vent de côté et d'autre dans
713 1698 2939 1926 tranquille et isalée. La pi
684 1883 2928 2102 cessé les trottairs étaient près
716 2031 2931 2295 les larges vous non pavées et
744 2210 2931 2417 humides, et par places des pet¬
682 2377 2937 2630 d'eau s'étaient formées. C'est
662 2536 2840 2775 Franz, comme ici a cent pas
656 2704 2920 2931 l'on se croit transplante dans
662 2866 2945 3124 hongroise. Comment que ce si
687 3076 2917 3232 moins sur ici ; elle ne renco
673 3201 2922 3351 de ses connaissances si redenties
690 3388 2911 3607 montre. - sept heures - et ton
727 3527 2922 3789 L'automne approche vite cet
713 3715 2712 3962 Guille affreuse tempête.
645 3877 2902 4107 Il monta le col de son paletôt
687 4075 2320 4243 pas de son va et vient
