7368 4648
214 385 3656 681 Mon Dieu! Gerrit doucement la jeune femme
381 574 3652 732 Attends-moi un instant chérie; je le trouverai
300 732 3609 1002 là dedans dit-il en faisant de la main.
347 886 3404 1087 Le jeune homme ouvrit la porte d'une
313 1045 3275 1319 petite anberge; et vit le cocher attablé
390 1259 1974 1477 avec quelques rouliers
450 1374 3613 1618 Vélà, v' là, m'écrireur, dit ce dernier vidant
261 1588 1785 1738 d'un coup son verre
424 1721 3613 1991 Qu'est-ce qui vous a pris de vous esquiver
450 1909 1443 2119 comme ça?
454 2064 3643 2260 Exenséz-moi, m'eine mais... v'là; je suis à venir
227 2239 3545 2479 D'un pas chancelant il conint à ses chevaux
424 2406 3211 2650 On faut-il vous conduire m' sieur?
676 2547 2517 2808 An Prater - Lusthans
304 2719 3536 3005 Cha jeune femme pelotonnée dans le fond
390 2946 3639 3155 était presque cachée sans la capale de la voiture.
441 3053 3502 3309 Il prit ses deux mains dans les summes -
347 3228 3562 3451 Elle ne bongea pas - Ne vens-tu pas au
402 3404 2582 3575 moins me dire bonsoir?
509 3579 3635 3832 Je t'en supplie laisse - moi revenir à moi,
462 3729 2714 4007 je suis encore hors d'haleine
257 3913 3562 4161 Le jeune homme s'appuya dans son coin
231 4119 3630 4333 et tous dent restèrent un moment sans parler.
3853 342 7252 582 La voiture avait tourné la Praturstrasse, était
3845 557 7227 809 passée devant le monument de Tegethoff et en
3857 702 7163 972 quelques secondes était lancée à fond de train
3857 856 7214 1130 dans la sombre et large allée du Prater. D'un
3840 1023 7163 1272 mouvement subit, Emma enloça de ses deux
3827 1190 7240 1438 bras le con de son amant. Lui releva doucement
3849 1379 7252 1640 le voile qui le séparait de ses livres et l'embrance
3866 1550 4774 1785 longuement
3947 1730 6392 1948 Enfin, me voilà près de toi!
3956 1862 7218 2102 s'ais-tu depuis combien de temps nous
3840 2064 5810 2269 ne nous sommes vus?
3866 2213 5489 2475 Depuis dimanche
3960 2389 5690 2590 Om et de loin encore
4007 2560 6846 2770 Comment? Mais, tu était chez nous
3883 2770 7090 2971 Oui om chez vous. Non cette vie ne peut
3849 2920 7163 3142 plus continuer ainsi. Chez vous surtout je
3866 3087 7222 3275 ne vint plus revenir. Mais qu'est ce que tu as¬
3994 3202 7145 3472 Une voiture vient de passer près de nous
3934 3416 7231 3656 Les gens qui vont au Prater aujourd'hui, chérie
3849 3558 6178 3823 ne prennent pas garde à nous
3870 3720 7145 4003 Je le crois bien. Mais on pourrait regarder
3977 3887 4983 4157 pas hasard.
3819 4063 6996 4341 C'est impossible de reconnaître quelqu'un
