7384 4776
185 464 3569 727 ici ce soir à table détaillé toute l'his¬
232 654 3642 912 toire à son mari... et encore une fois
249 804 3651 1066 elle demande, pendant qu'elle s'affaisse
275 955 3582 1286 sons son terrifiant regard : qu'ai-je
292 1170 1320 1410 danc dit?
520 1286 3621 1522 Les morts ne parlent pas, répète
327 1526 2288 1686 lentement son mari
344 1660 2180 1956 Oui, dit-elle, om..
228 1815 3676 2111 Et dans ses yens elle lit, qu'elle ne peut
284 1948 3320 2275 plus rien lui cacher tous deux
335 2098 3608 2421 longtemps se regardent - Na mettre
297 2296 3535 2537 l'enfant dans son lit, dit-il, je
348 2524 3350 2769 crois que tu as encore quelque
391 2649 2051 2855 chose à me dire
740 2816 2180 3044 Oui dit - elle
322 2993 3590 3199 Et elle sait que dans un instant
301 3156 3431 3367 elle dira toute la vérité à cet
391 3290 3629 3634 homme qu'elle a trompé pen¬
374 3509 2163 3707 dant des années.
507 3668 3586 3939 Et tandis qu'avec son enfant,
318 3814 3522 4033 elle avance lentement vers la
353 3965 3732 4317 parte sentant tanjours les yeux
387 4188 3616 4455 de son mari attachés à ses pas,
3784 374 6988 701 un grand repas s'étend sur elle.
3762 525 7125 817 comme si beaucoup était racheté......
