7352 4696
184 328 3444 677 rien. Une terreur falle s'empara d'elle;
245 568 3588 795 elle se mit à crier, mais cela ne fit qu'elle
284 778 3649 1027 agrandir sa peur, parce qu'elle n'entendit
332 922 3662 1215 pas ses cris. Elle se rappelait maintenant,
197 1106 3658 1298 ce qui s'était passé : la voiture avait hearté
227 1267 3675 1495 à quelque chose, peut-être à la borné kilométrique
218 1381 3605 1621 elle avait été renversée et elle lancée dehors.
306 1560 3666 1866 Et lui, on est-il? telle est sa première pensée.
218 1787 3693 1975 Elle l'appelle par son nom. Elle entend sa propre
201 1883 3693 2119 voix, très basse, mais elle l'entend. Pas de réponse
258 2063 3666 2312 Elle essaye de se relover et ne n'enssit qu'à être
236 2264 3588 2478 assise à terre, et en tant de ses mains, elle
197 2390 3649 2639 sent un corps humain près d'elle. P en à peu
201 2552 3548 2840 ses yens peuvent transpercer l'obscurité. Elle
179 2810 3623 2976 voit Franz étendu près d’elle inanime, elle
210 2937 3487 3208 passe sa mains sur son visage et sent
267 3063 3614 3382 quelque chose d'humide et de chaud. Son
306 3243 3548 3548 souffle s'arrête. Du sang?? Que est-il
284 3439 3714 3706 arrivé?  Franz blessé et sans connaissance.
275 3588 3548 3867 On est donc le cocher? Elle l'appelle. Pas
201 3749 3610 3994 de réponse. toujours assise par terre, elle
240 3929 3465 4182 se dit que rien ne lui est arrivé à elle
262 4073 3597 4418 quoiqu'elle sente des douleurs dans tous
3798 336 7228 651 les membres. Que faire mon Dieu, que faire
3789 572 7097 804 Comment est-ce possible que rien ne me
3749 708 7202 970 soit arrivé! - Franz! Franz! Une voix lui
3776 843 7237 1158 répond tout près d'elle - On êtes-vous. Madame
3767 1027 7158 1237 on est M. sieur? Puen n'est arrivé, n’est-ce
4785 1158 5310 1350 Madame
3758 1202 7062 1468 pas? Attendez, que j'allume moi lanterne,
3780 1368 7241 1617 que nous voyons clavé; je ne sais pas ce que
3771 1538 7210 1783 ces rosses ont aujourd'hui. Ce n'est pas ma
3780 1722 7245 1984 faute, sur mon âme... elles sont allées sur
3763 1857 6542 2058 un tas de pierres ces mandites bêtes,
3815 2028 7215 2246 Emma, malgré ses membres endaloris, s’était
3723 2202 7241 2412 adressée tout à fait; elle était plus tranquille
3784 2395 7154 2622 de voir le cocher sur pied et que rien ne lui
3767 2578 7228 2836 fut arrivé. Elle entendit cet homme ouvrir
3789 2692 7228 2985 la paroi de sa lanterne elle entendit frotter
3776 2897 7250 3155 l'alumette. Pleine d'angaisse elle attendit
3780 3072 6970 3317 la lumière. Elle avait peur de toucher
3806 3186 7136 3457 Franz encore une fois, lui, qui gisait là à
3798 3378 7167 3610 terre; elle pensait que quand on ne voit
3776 3583 7167 3754 rien tout semble plus terrible. il a sans
3793 3754 7049 4003 dante les yeux anverts... ce ne sera rien
3815 3933 6983 4099 Une clarté s'avançait de côté. Elle vit
3811 4051 7141 4357 tout à coup la voiture, sa surprise fut
