3512 4168
267 270 755 513 Geo Ber
1064 323 3123 653 er selgeost Anseligkeit
892 400 1015 573 D'
523 636 2975 924 mit ihm. Mir wüßte der viel
313 878 3063 1219 nicht gar nicht so, wenn es nicht s. ja
383 1173 1437 1451 erstorben war.
386 1356 2986 1668 Eure Mari consiste wie der drei nicht.
348 1609 3003 1963 Bebr. Weil wir doch an anderer Stil nur
358 1918 3066 2227 ihn in den Erinnern hätte, dankt dem
1967 2115 2533 2315 Kalt mit
355 2185 3112 2504 Emma. Ich nicht. Aufsicht, Lun¬
334 2431 3158 2803 ab nicht aus dieum Tahl, der Nr.
400 2662 3028 3028 Zeit irgendwor ist der mißlichkeit
358 2993 2350 3263 bige, dies gibt, daß die Zeit noch
2501 2993 3116 3263 unamst
302 3210 3028 3593 An manse les frs vid del, daß at ob ait
334 3488 3063 3727 ih gehten verloren hähl? - Um er sein mehr
277 3685 1124 3973 Jahre! empf
1106 3702 2550 4001 !  Jefor! - Nein, etc. 4
2564 3853 2670 3945 re
2736 3755 3186 4008 nicht
