3528 4136
2708 145 3025 353 5.10
1747 122 2143 324 1. apl
373 234 1873 561 H. Auflack (Betty Sinc.)
347 479 2999 826 in Stelle angefügen, des Hiege frühe mit
258 766 1506 1080 in fere juknnen -
383 872 2850 1291 Der war aber nach Ihretage - einmal
327 1153 2203 1516 war Agner ein Rins! -
532 1522 2612 1922 Ementuriell auch der Verloh Transisten
462 1734 2890 2097 Uhr sehr sie sehr kröchsrei? —
779 1955 2682 2299 Sie fehren - en Fragist. im J
495 2246 2008 2559 erst d Rokaphemtet sit¬
466 2285 2936 2698 Bes. Der Weg noch nicht ausgemacht.
423 2602 1889 2913 sein nicht offis verlobt.-
446 2751 2919 3071 Exma. Pragut hat ja nicht viel Mahl, das jetzt
469 3015 1691 3279 u so wird mit Welt.
