3496 4168
3004 69 3142 229 21
600 215 1800 382 il veut fait t toutes. Ah
276 280 1029 596 N. -Fätly St. J
1073 204 3247 611 u das schon so lang, daß sie ist verloren habe,
262 516 3025 825 Fol. Enn. Als.. Gott besucht sie an ein ein freilich
360 724 3276 1102 Schickl aber die wurden merken, das die Zeit nichts
1636 884 3171 1153 Sie seit bittet nicht mit, als
1858 1069 2578 1233 ist ein Jahr.
309 1000 982 1316 besser macht.
309 1087 3214 1553 Te Betts. Sie macht älle? Der Paul sehr a
284 1447 796 1716 Glück. -
913 1578 2698 1862 Sie freite der angenehm¬
298 1625 833 1920 P. Eueug
356 1793 3233 2156 To Bette of je. Man komt ihr gunte weg. J.J.
342 2076 1967 2440 nicht nicht weder jüng sein
309 2280 3229 2578 Sr Ewine disfales ab ffr kam in He
400 2578 1098 2789 Sie nie S.
1149 2724 3251 3054 Ich tuke an die Eigendwie an etc
367 2756 1131 3094 F. Belly.
356 2916 3251 3349 ein glaße Verwirrenz; — wie
415 3149 3204 3494 I am if of of our ug kom
371 3302 3131 3760 so recht; nur die feilen, in dem A. Kun
2633 3520 3076 3942 mehr
302 3698 2640 3989 kamen, erschein um ein alleen so,
