3608 4184
155 218 2974 453 Obe Auch dann habe das Unweit, tagegen Lager¬
292 337 2998 668 hr komt nicht und auf die Anlage an
271 520 3069 907 sondern auch auf die außer Umstande
2837 710 3065 823 décembre
344 830 3062 1100 ich solle mich ihn auch gleiche, wo ich vielleicht
1589 967 3072 1325 wie über nur vor beklagt.
274 1016 1448 1364 Anlehr gehabt seit
833 1272 1346 1497 gelegt
1589 1311 3023 1547 eine schmied naturlil
271 1332 1561 1638 Allar wie somm
253 1550 3079 1859 weniger nicht, das Ich leicht zu nehmen. Wie
313 1712 2935 2098 man es vor freheft Kindheit an um sich art
2689 2074 3055 2292 George.
2401 2011 2661 2313 o4
250 2042 2229 2394 Agen. Ist es Ihnen diesen s.
907 2320 3026 2629 „hint darf ichs sehr sagen. Ich be¬
257 2376 801 2650 August
320 2566 3055 2861 ein recht armen wohnt gewiesen. Sie habe
942 2801 3079 3181 sehr zu einem besser Heil gekannt. V
316 2889 805 3128 wurf y
334 3065 3033 3297 dte Augenblick an, wo ich diesen Herrn betret
341 3262 3118 3589 habe, gemein hat sich der Sch-Welgemeint.
309 3494 1705 3916 Alles gute verdenke ich
