3528 4136
270 188 3188 591 Eccultr. (at wisi diese Freunde Belly's als an¬
185 480 3033 861 vertionale empfänd). Auf soll. Wie man
270 650 1023 1034 ;inq
299 750 2959 1164 Ih heute der Wahl stellte: Er oder den
247 1086 3177 1400 Mitte. Wof wurde sie sagen sich entscheint.
296 1315 2209 1688 Bell. In wieder his selbst.
233 1500 3214 1921 Eum: 2h unser Gieben lassen sei u. lieb sie:
314 1902 1385 2268 Es ist schon ändert.
768 2305 1736 2626 Betr. -Cr? -
417 2471 3202 2844 Sr. Emm. Zum, die kann sich noch denke
1773 2726 2054 2907 for
654 2744 2807 3169 Sohne.  Sis ist u juge verbalt.
499 2937 3010 3310 Sie haben wohl noch zur nicht bemerkt. Es sie
473 3221 2227 3535 in Ihrem Sohn verleit ist?
488 3435 2560 3742 F. Betz. Knidsch. Schwärmerei
