<?xml version="1.0" encoding="UTF-8" standalone="yes"?>
<PcGts xmlns="http://schema.primaresearch.org/PAGE/gts/pagecontent/2013-07-15" xmlns:xsi="http://www.w3.org/2001/XMLSchema-instance" xsi:schemaLocation="http://schema.primaresearch.org/PAGE/gts/pagecontent/2013-07-15 http://schema.primaresearch.org/PAGE/gts/pagecontent/2013-07-15/pagecontent.xsd">
    <Metadata>
        <Creator>prov=READ-COOP:name=TrHtr:version=2.1.0:model_id=51170:date=27_07_2023_15:24</Creator>
        <Created>2023-05-10T12:04:34.766+02:00</Created>
        <LastChange>2023-07-27T15:24:13.705+02:00</LastChange>
        <TranskribusMetadata docId="1428184" pageId="55396618" pageNr="52" tsid="131253612" status="IN_PROGRESS" userId="64420" imgUrl="https://files.transkribus.eu/Get?id=ZGSNCLWQNGHNDUHLEFYJQDTJ&amp;fileType=view" xmlUrl="https://files.transkribus.eu/Get?id=BNDEXRTXRARPZJWRRNPLINPX" imageId="44671496"/>
    </Metadata>
    <Page imageFilename="1428184_0052.jpg" imageWidth="3608" imageHeight="4168">
        <ReadingOrder>
            <OrderedGroup id="ro_1711800498596" caption="Regions reading order">
                <RegionRefIndexed index="0" regionRef="tr_1"/>
            </OrderedGroup>
        </ReadingOrder>
        <TextRegion id="tr_1" custom="readingOrder {index:0;}">
            <Coords points="214,233 3105,233 3105,2192 214,2192"/>
            <TextLine id="tr_1_tl_1" custom="readingOrder {index:0;}">
                <Coords points="488,431 778,343 902,460 2210,290 2680,343 2734,191 2327,230 2231,163 1708,286 1305,230 1100,301 845,230 495,308"/>
                <Baseline points="510,358 546,364 591,355 635,355 680,355 725,355 770,352 815,349 859,352 904,352 949,355 994,355 1039,355 1083,358 1128,361 1173,361 1218,361 1262,358 1307,358 1352,355 1397,355 1442,349 1486,349 1531,346 1576,343 1621,340 1666,340 1710,337 1755,334 1800,334 1845,331 1889,325 1934,319 1979,316 2024,313 2069,310 2113,304 2158,301 2203,298 2248,295 2292,298 2337,298 2382,298 2427,298 2472,298 2516,298 2561,295 2606,289 2651,286 2696,283 2740,286"/>
                <TextEquiv>
                    <Unicode>Dahr den Herr treu benannt so belebt ist.</Unicode>
                </TextEquiv>
            </TextLine>
            <TextLine id="tr_1_tl_2" custom="readingOrder {index:1;}">
                <Coords points="361,651 842,552 1390,633 2758,435 2960,499 3084,460 3091,332 1549,339 1149,481 782,347 371,410"/>
                <Baseline points="385,555 394,558 438,555 483,555 528,555 573,552 618,549 662,549 707,549 752,549 797,546 841,546 886,549 931,549 976,549 1021,549 1065,552 1110,552 1155,555 1200,555 1245,558 1289,558 1334,558 1379,552 1424,546 1469,542 1469,542 1480,543 1525,543 1570,531 1615,528 1660,525 1704,525 1749,510 1794,504 1839,498 1883,498 1928,495 1973,495 2018,489 2063,483 2107,477 2152,477 2197,471 2242,471 2287,468 2331,465 2376,462 2421,459 2466,456 2510,456 2555,453 2600,447 2645,447 2690,438 2734,438 2779,435 2824,432 2869,423 2914,429 2958,429 3003,429 3048,429 3093,429"/>
                <TextEquiv>
                    <Unicode>atz. Marien laß  d. h. Jan Lieutenant</Unicode>
                </TextEquiv>
            </TextLine>
            <TextLine id="tr_1_tl_3" custom="readingOrder {index:2;}">
                <Coords points="255,909 1262,767 1499,863 1828,757 2680,799 3094,704 3105,552 2599,506 2019,697 1482,601 778,721 552,629 265,679"/>
                <Baseline points="277,791 316,794 361,791 406,791 450,791 495,788 540,794 585,794 629,794 674,791 719,791 764,794 809,791 853,791 898,785 943,785 988,782 1033,776 1077,782 1122,779 1167,776 1212,770 1256,767 1301,770 1346,767 1391,758 1436,761 1480,761 1525,758 1570,761 1615,755 1660,752 1704,749 1749,746 1794,743 1839,737 1883,740 1928,737 1973,731 2018,728 2063,728 2107,725 2152,722 2197,719 2242,716 2287,716 2331,713 2379,711 2379,711 2427,707 2472,704 2516,704 2561,701 2606,698 2651,695 2696,692 2740,689 2785,686 2830,680 2875,677 2919,674 2964,674 3009,677 3054,677 3099,683 3105,683"/>
                <TextEquiv>
                    <Unicode>ist doch gar nicht bei. Er ist ein einsachen "Beifaller"</Unicode>
                </TextEquiv>
            </TextLine>
            <TextLine id="tr_1_tl_4" custom="readingOrder {index:3;}">
                <Coords points="191,1082 679,1248 912,1089 1379,1117 1754,976 1987,1061 2970,987 2999,849 2829,753 2571,870 2072,782 1676,934 1301,831 877,937 202,902"/>
                <Baseline points="214,1068 223,1065 268,1053 313,1047 358,1044 403,1036 447,1033 492,1033 537,1036 582,1036 626,1036 671,1036 716,1036 761,1039 806,1042 850,1042 895,1042 940,1036 985,1030 1030,1024 1074,1018 1119,1009 1164,1006 1209,1003 1253,1003 1298,1000 1343,997 1388,997 1433,994 1477,991 1522,991 1567,988 1612,982 1657,979 1701,979 1746,973 1791,967 1836,967 1880,967 1925,961 1970,964 2015,964 2060,958 2104,964 2149,961 2194,961 2239,961 2284,958 2328,955 2373,949 2418,949 2463,943 2507,940 2552,934 2597,928 2642,925 2687,919 2731,916 2776,910 2821,910 2866,907 2911,907 2955,910 3000,910"/>
                <TextEquiv>
                    <Unicode>A Betty bei Gebhäft vor Pap.</Unicode>
                </TextEquiv>
            </TextLine>
            <TextLine id="tr_1_tl_5" custom="readingOrder {index:4;}">
                <Coords points="226,1383 1994,1192 2482,1301 2967,1139 2981,980 2058,1089 1793,1026 1556,1170 1086,1100 668,1255 248,1142"/>
                <Baseline points="253,1319 289,1316 334,1310 379,1313 423,1304 468,1304 513,1301 558,1301 603,1298 647,1298 692,1295 737,1289 782,1289 827,1283 871,1277 916,1271 961,1265 1006,1259 1050,1256 1095,1253 1140,1248 1185,1245 1230,1242 1274,1239 1319,1233 1364,1227 1409,1221 1454,1218 1498,1218 1543,1212 1588,1209 1633,1209 1677,1203 1722,1200 1767,1200 1812,1191 1857,1185 1901,1182 1946,1182 1991,1179 2036,1179 2081,1176 2125,1176 2170,1173 2215,1170 2260,1164 2304,1164 2349,1161 2394,1158 2439,1155 2484,1152 2528,1146 2573,1137 2582,1137 2621,1131 2666,1128 2710,1122 2755,1119 2800,1116 2845,1113 2890,1107 2934,1107 2979,1104"/>
                <TextEquiv>
                    <Unicode>bye. Der ist mir egel. Erlaust Er habe</Unicode>
                </TextEquiv>
            </TextLine>
            <TextLine id="tr_1_tl_6" custom="readingOrder {index:5;}">
                <Coords points="1581,1432 1747,1478 2023,1386 2210,1450 2270,1404 2935,1411 2949,1174 2680,1185 2479,1305 2221,1234 1945,1333 1708,1202 1595,1259"/>
                <Baseline points="1603,1403 1648,1400 1692,1391 1737,1397 1782,1391 1827,1394 1872,1391 1916,1391 1961,1388 2006,1385 2051,1382 2095,1379 2140,1379 2185,1376 2230,1373 2275,1367 2319,1364 2364,1364 2409,1364 2454,1361 2499,1358 2543,1355 2588,1349 2633,1343 2678,1337 2722,1331 2767,1328 2812,1322 2857,1319 2902,1313 2946,1316"/>
                <TextEquiv>
                    <Unicode>Er was ja auf laut</Unicode>
                </TextEquiv>
            </TextLine>
            <TextLine id="tr_1_tl_7" custom="readingOrder {index:6;}">
                <Coords points="318,1514 520,1503 580,1542 810,1460 898,1531 1071,1439 1365,1485 1514,1422 1521,1308 1326,1305 1216,1241 1089,1323 919,1301 647,1397 325,1414"/>
                <Baseline points="340,1486 358,1489 403,1483 447,1474 492,1474 537,1471 582,1468 626,1465 671,1465 716,1465 761,1459 806,1457 850,1457 895,1451 940,1448 985,1442 1030,1439 1074,1436 1119,1436 1164,1430 1209,1421 1253,1418 1298,1415 1343,1415 1388,1412 1433,1409 1477,1409 1522,1406"/>
                <TextEquiv>
                    <Unicode>not as if</Unicode>
                </TextEquiv>
            </TextLine>
            <TextLine id="tr_1_tl_8" custom="readingOrder {index:7;}">
                <Coords points="301,1747 2680,1644 3077,1577 3087,1429 2267,1404 1917,1552 1613,1545 1471,1422 785,1591 318,1514"/>
                <Baseline points="322,1728 355,1722 400,1719 444,1713 489,1707 534,1701 579,1698 624,1695 668,1695 713,1689 758,1686 803,1683 847,1677 892,1674 937,1671 982,1668 1027,1666 1071,1663 1116,1660 1161,1654 1206,1648 1250,1648 1295,1645 1340,1642 1385,1642 1430,1642 1474,1642 1519,1636 1564,1636 1609,1633 1654,1633 1698,1630 1743,1627 1788,1621 1833,1615 1877,1612 1922,1609 1967,1606 2012,1600 2057,1597 2101,1594 2146,1591 2191,1588 2236,1579 2281,1576 2325,1573 2370,1570 2415,1570 2460,1567 2504,1564 2549,1564 2594,1558 2639,1555 2684,1549 2728,1546 2773,1540 2818,1534 2863,1531 2908,1531 2952,1528 2997,1528 3042,1528 3087,1537"/>
                <TextEquiv>
                    <Unicode>de Ullain geblieb, wieder  Brauder</Unicode>
                </TextEquiv>
            </TextLine>
            <TextLine id="tr_1_tl_9" custom="readingOrder {index:8;}">
                <Coords points="431,2012 541,2016 576,1987 651,2033 704,2016 796,2030 884,1973 965,1963 980,1750 859,1818 672,1772 530,1807 488,1775 449,1782"/>
                <Baseline points="453,1964 486,1964 531,1955 576,1952 621,1949 665,1949 710,1943 755,1940 800,1937 844,1937 889,1931 934,1928 979,1925"/>
                <TextEquiv>
                    <Unicode>klagst</Unicode>
                </TextEquiv>
            </TextLine>
            <TextLine id="tr_1_tl_10" custom="readingOrder {index:9;}">
                <Coords points="311,2334 488,2330 622,2238 736,2242 852,2164 1001,2139 1170,2214 1185,2019 1128,2009 1036,2072 881,1980 704,2093 640,2026 594,2055 516,2005 332,2016"/>
                <Baseline points="340,2182 382,2176 426,2173 471,2170 516,2170 561,2164 606,2158 650,2152 695,2143 740,2143 785,2143 830,2140 874,2137 919,2137 964,2131 1009,2131 1053,2128 1098,2125 1143,2122 1188,2122"/>
                <TextEquiv>
                    <Unicode>Kell. Herrn</Unicode>
                </TextEquiv>
            </TextLine>
        </TextRegion>
    </Page>
</PcGts>
