3592 4168
394 315 3096 761 April. Und aufmercken - ich man schon so
382 581 1132 862 oft vorliebt
1020 825 1387 1012 G. H.
322 847 1455 1222 Fraunski. Ich warf
371 1083 3059 1481 Zue. Mit siebe Jahre ab uhr tat. Ck
360 1395 3168 1694 der gilt nicht.  Du freilich mit 14 Jahre
289 1661 3303 1991 und Der Empfeh xx ich beim
405 1923 3186 2283 erste ernste teubethaft sal ich doch erst
304 2159 2590 2493 mit derzehn Jahren durchgemacht.
225 2410 1462 2677 Francisk der war
1470 2493 1574 2692 l
251 2557 3126 2883 Agr et mar va
266 2759 3153 3153 heiratet! Un sel er nie erfahren. Denn soll ich
1282 3033 1529 3168 from
281 3010 3089 3318 auf nur können, in der Strudelgestürzt
292 3213 2527 3539 Hassisk. Freilich - wie it's so will
319 3516 2984 3779 Agne Ja, seit Cach ich darüber! Aber er mir
394 3764 3198 3989 sehr arg!... Das sal ich mit jort sehr bis zu meinem
