3624 4200
212 289 1919 648 Die erste Berlin gegeben haten
237 536 2427 857 Afs Reise dem armen ich mit einig
2622 759 2971 1083 Ern
240 801 2587 1097 August. Der sind geht - zwölf Jahrehen!
397 1059 2389 1341 u sich auch nach dem, Fräul Transport
212 1229 1470 1581 Raunst. Gerichs.
2685 1452 3030 1734 t, lon
223 1504 1396 1821 Emma Gees. Jch
1383 1497 2692 1807 (auch:) (Dich)
1362 1787 2828 2079 zu uns (zu Tax.) seid,
268 1783 1348 2048 Deiner ist der Zug
334 2020 2960 2271 einmal bei uns zu hiese gewesen – und ich
1515 2194 2863 2483 habt ein neue sehr im
282 2215 1282 2497 sich seit erzählt.
299 2431 1205 2682 August. he
310 2574 3072 2964 Orne. As. nichts.. Sie wicht je, da für wäre
355 2817 2079 3173 mir ein so angelassen Aus.
1417 3068 1800 3193 selena.
592 3096 2824 3385 D. August (papinig).. No it must be
254 3058 435 3406 Ai
240 3315 2713 3622 schie über weit lästig gemacht haben – damit
233 3507 3037 3806 Im übrigen - was noch wir von vergangen klage.
233 3813 2598 4001 Wie zahle drei den Herrn Commerspalrath.
