3496 4168
462 248 3177 710 H. bekommen. Ich bin des eigentlich nicht allein
355 611 3209 895 inunisins a qui fimme a été de Mais en Cotte
351 820 3163 1239 Der An welche Ich fang doch an mich recht allein
305 1037 912 1328 zu fühlen.
298 1214 3092 1569 Bln. Wirkunst in der sagen? - Geht n'auf
426 1601 717 1775 sers.
295 1718 2194 2112 imme Nein, ich habe sie nicht.
273 1984 2109 2428 Belts (gens erfreuil.) Mais
312 2322 2631 2666 Ema. Ach Gott, wie haben doch über
305 2588 2936 2900 nicht kende nicht, in seine günsti
266 2815 2943 3199 Altes kommen. - Wenn ich ihr heut
312 3152 2996 3458 Nachher lage, daß sie auf entweder
334 3390 2755 3795 Sich mit - oder auf ihr vergicht muß,
259 3710 1530 3997 man wird sie ein
1622 3774 2865 3983 geben, wer möchst ich
