3608 4184
309 299 1650 619 Enn. Ab, Rm -
327 533 3183 914 Depart. Ob jenst trei- ich schaue unserm
277 846 2361 1181 das ich f wie wenn trensel wa¬
1291 1085 3243 1422 doch darauf der weise ich
317 1120 1223 1437 Eue die heeft
1092 1380 2859 1711 Sie sie sogar stolz schwer
473 1433 843 1693 votre
317 1700 2002 2006 Aisant.
398 1885 2820 2237 Agels: Miss Du, was Sie aussah, Jan Lott
341 2102 3094 2493 wie eine, der tief mitgewissen Soll nach M.
359 2457 942 2710 gekommen ihn
331 2639 2045 2977 Beles. Der ist kein Schande.
327 2866 3009 3194 Aufsäch. Befreißen, mais ma allenähr ihr -
388 3190 1874 3546 zu ganze Schuh gekommen ist.
2091 3467 2806 3780 jouir a it
850 3506 1995 3784 kammer auch noch
295 3450 818 3802 Betty D
256 3706 3101 3987 sas, wo diese erst hat sein uns machen, und sind
