3304 4056
2711 505 2818 616 8
2205 666 2366 864 Gee
1466 695 1796 884 G.C.F.D
729 726 2940 1070 Da tönte mit einemmal ein langgezogener, heller
765 971 875 1073 G.F.P.
748 969 3021 1200 klagender Klang durch die Luft. Wie aus der Fer
751 1062 2976 1293 ne strömte der Laut zu uns durch den schlummern
762 1265 1240 1384 lachsindam
757 1248 2923 1525 den Aether und wurde ein xxxettesmal gehört und
765 1364 2835 1593 klang nahe und von neuem weiter. Und die Töne
768 1434 884 1525 G.C.F.P.
768 1539 2923 1742 fanden sich zu einer Melodie... da musste wohl
1466 1578 1595 1652 G.C.F.P.
774 1584 915 1666 G.F.P.
2013 1706 2107 1785 G.C.P.
771 1689 2903 1971 ein Wanderer herbetstehen von der Landstrasse
779 1731 1033 1821 G.C.H.F.P.
1488 1861 1584 1960 P.S.
779 1830 2937 2044 her; und raschen Schrittes wie es schien, denn
762 1988 2925 2279 nun hörte mans lauter und lustiger als früher.
768 2036 963 2138 B nr
779 2140 2948 2341 Nah an der Mauer schwebte jetzt über die Wiese
796 2273 2942 2587 ein langer unruhiger Schatten. Ein gebräuntes,
864 2330 1048 2448 G.C.F.P
791 2454 3036 2649 lachendes Antlitz erblichte ich vor dem Fenster.
1110 2632 1299 2728 G.C.F.P.
808 2606 2880 2872 von schwarsen Lochen umwallt, mit blitzenden
793 2736 2971 3041 Augen. Wild fuhr der Bogen über die Seiten und
816 2903 2982 3185 der Mantel flatterte hastig um die Gestalt, da
1996 3047 2838 3185 te sich Ton auf T
810 3129 2092 3352 der Arm sich rasch bewegte.
2011 3199 2347 3318 et nenden
819 3230 2951 3518 Und nun begann der Mann auch zu singen. Einen
1965 3366 2253 3465 Melodie
841 3343 2911 3677 tollen Gesang, und schaute auf das verliebte
2067 3507 2555 3643 Jubelndes K
