3400 4056
2843 401 2948 545 11
828 752 2920 967 einemmale als Genosse meiner Einsamkeit, der
825 904 2821 1097 es wagen durfte so heftig meinen Kragen zu
822 1003 2953 1269 rütteln, dass ich schier zu ersticken glaubte
882 1218 2987 1396 „Et doch,“ schrie ich und darf den Kopf herum.
845 1359 3052 1537 "Da sei doch Gott vor, dass ichs auf dem Gewis
831 1501 2999 1699 sen hätte, den Herrn das Kollegtum verschlafen
825 1687 3050 1888 zu lassen," erwiderte der Anatomiediener, indem
828 1820 2939 1990 er allmählich meinen Kragen ausliess. „Aber es
817 1990 2939 2148 ist doch höchst sonderbar, dass der Herr just
822 2123 2886 2329 an der Tür des Seciersaals seine Schlafstatt
822 2292 1535 2467 suchen."
831 2394 3018 2614 "Deine Tochter, Mensch," schrie ich, noch lange
2637 2563 2897 2699 gleic
808 2594 1639 2784 nicht bei Sinnen.
822 2744 2911 2917 "Meine Tochter, Herrr?" fragte der andre, wäh
811 2880 3081 3098 rend ich mich langsam erhob und von der frischen
803 3050 2202 3256 Morgenluft durchschauert war.
831 3208 2936 3386 "Ich dank Euah, Mann," sagte ich nun ziemlich
808 3352 2925 3570 ruhig und strich mir aber die Augen, denen al
