3400 4120
856 742 2921 973 d so öffne ich die Türe und trete in den dun
742 810 870 953 Un
750 901 2850 1141 keln, gewölbten Saal. Ich nehme die Lampe aus
762 1067 2975 1261 einer Fensternische und zünde ein Licht auf. Ei
750 1247 2881 1426 nen grünen Schirm brett ich in die Flamme und
762 1341 2978 1566 stelle sie zu Häupten des Toten. Da Fliesst ein
764 1537 2938 1737 gelber Schein über das fahle, regungslose Ant
747 1689 3038 1851 litz. Nur um den Mund scheint es leise zu zucken.
733 1831 2815 2034 Ringsum die andern Letchen liegen im Dunkel.
753 1968 3004 2154 Ich werfe den schwarzen Mantel um die Schultern,
750 2134 3024 2322 nehme das Messer und das übrige Werkzeug, um die
747 2308 1703 2485 Arbeit zu beginnen.
2396 2296 2944 2485 G.H. N.P.H: DlE:
1754 2330 1851 2453 G.F.P.
745 2453 2952 2627 Doch mir ist schwill geworden in dem engen Raum.
745 2604 2918 2767 Zum Fenster schreit ich hin und öffne es weit,
764 2727 3024 2941 wett. Und es flutet Sternenglanz still ins düste
762 2912 3018 3095 re Haus und fliegt über den steinernen Boden hin
739 3075 2887 3226 und sittert matt an der Wand hinauf. Inmitten
742 3212 2930 3377 dieses wundersamen Anblicks steh ich da. Ueber
747 3357 2890 3529 mein Haupt steht der Hauch der Frühe und mich
767 3511 2770 3720 umfliesst in blauen Wellen das Mondenlicht.
