3368 4120
1758 875 1976 1078 G.C.H.F.F
686 937 1214 1106 G.H.F.S.
2171 1073 2334 1214 G.C.F.P.
500 1027 813 1296 10/IX 80
852 1058 991 1262 G.H.F.P
1431 1149 2927 1386 Es war drei Uhr morgens und ich
768 1312 2969 1533 verliess den Tanzsaal. Der lag ganz am Ende des
723 1459 2924 1693 Städtchens und bis man von da wieder in engere
771 1598 3029 1835 und geschlossenere Strassen kam, dauerte es wohl
771 1773 3043 2004 eine Weile. Und meine Stimmung war seltsam. Freu
748 1928 2910 2185 de und Lust klangen in meinem erhitzten Kopfe
785 2063 3031 2323 nach. Ueber den müden Blick senkten sich die Au
799 2224 3009 2473 genlider und die weiche Morgenluft des erwachen
807 2382 2978 2639 den Frühlings zitterte um Stirn und Wangen, so
796 2520 2930 2775 welch und mild beinahe wie der warme Duft von
804 2679 2981 2938 herzigen Mädchenlippen, den ich heut nachts im
810 2868 2995 3043 Wirbel des Tanzes übers Antlitz hauchen fühlte
1236 3014 3006 3237 Und wie ich so weiter wandle, minuten
833 3156 3091 3373 lang, wirds freter und kühler um mein Haupt. Ich
838 3311 3026 3508 bliche um mich und sehe mich an einer Strassen
869 3449 3065 3709 ecke. Ein mattes Licht giesst flimmernden Glanz
