3336 4072
697 742 2890 1002 doch, das ist nicht übel. Es ist doch weit merk
2276 846 2554 949 Monsieur
1512 882 1725 969 G.C.F.P.P
694 910 2797 1140 würdiger in tiefer Nacht zu studieren, als zu
1963 1016 2072 1126 G.F.P.
1613 1028 1859 1123 votre des
714 1044 2870 1294 hüssen in solcher Stunde..“ und blickte seinem
2638 1134 2853 1246 Lumme
2178 1162 2335 1243 G.C.H.F.P.S
2024 1170 2120 1263 de
692 1238 2341 1445 Mädchen mit Innigkeit in die Augen.
2450 1210 2828 1422 G.H.F.P.
1977 1308 2360 1431 G.H.F.P.
722 1420 1705 1613 "Aber Stephan, hier!“
1828 1378 2831 1557 im petter. Und die Töne
742 1526 2764 1756 "Die Liebe führt oft sonderlichen Weg. Hier,
1733 1641 1876 1733 Le
717 1672 2842 1870 mein Seliebter Freund sind wir eben vor allem
1453 1786 1786 1890 arbei a l
739 1803 2988 2064 sicher...ausser vor Leuten Deines Schlages. Und
1025 1831 1238 1918 G.H.F.P.
734 1960 2895 2218 Leute Deines Schlages kann ich bei Gott nur###
734 2100 2993 2372 nen....und der bist Du selbst. Und das auch erst
759 2240 3002 2472 seit diesem Augenblick. O Christine, metne holde
762 2484 1364 2674 Christine...'
1669 2486 2100 2652 erblickte
790 2554 2982 2794 "Und die Schauer der Verwesung rings um die Lie
776 2710 2884 2968 be," flüsterte ich. Aber sie hörten nicht und
781 2873 2848 3066 hielten sich umschlungen. Da ich mich nun an
787 3013 2988 3220 den Türpfosten lehnte und wie verloren vor mich
781 3156 2884 3396 hinsch, blieb es wohl eine Minute lang still.
792 3329 3004 3626 Die Liebenden hingen regungslos an einander und
815 3520 2626 3763 es ruhte wie ein Zauber über uns allen.
