3400 4120
679 720 2992 989 über die sich kreuzenden Wege und ich merke, dass
2600 960 2843 1071 G.C.H.F.P.P
685 922 2061 1118 Ich an wohlbekann tem Ort bin.
682 1042 2971 1262 Und doch wie fremd scheints mir hier, obwohl ich
685 1244 2860 1414 erst gestern Abend dieses dunkle Tor, das halb
691 1396 2995 1575 offen lehnt verlassen habe, und als es schon däm-
682 1555 2901 1751 merte über die dürre Wiese geschritten bin, die
676 1710 3033 1871 hinter dem grauen Mauenwerk sich hinbreitet.
673 1841 2892 2014 Ich bin einsam und sonderbar gleiten meine Ce-
688 2002 2998 2181 danken zwischen Wachen und Träumen hin und her,
2881 2140 3015 2336 .2.0
688 2131 2840 2357 Wie im Schlaf schreit ich durchs Tor und über
694 2275 2930 2462 die Wiese und stehe still vor vergitterten Eens
697 2453 2963 2623 tern. Eine graue Wolke fliegt über mich hin, wie
700 2579 3009 2781 ein Bote der Frühe und ein kühler Wind macht mich
708 2717 2869 2951 frösteln. In seltsamer Wetse ergreift mich der
700 2898 2960 3062 Wunsch den Rest der Nacht im Dienste der Wissen
700 3042 3009 3261 schaft hinzubringen.....und noch warm von dem tol
694 3241 2925 3387 len Treiben des lustigen Lebens mich zu versen
703 3384 2421 3554 ken in die Erkenntnis des Todes. Früh
2254 3504 2726 3715 denden! ich
1915 3495 2090 3674 G.C.F.P
