3320 4072
801 653 3058 968 mir und fasste Christinens Hand, lachte mich gar
801 919 2971 1142 lustig an, gab mir einen humoristischen Backen
809 1081 2165 1321 streich und hub an zu singen.
829 1246 2130 1451 “S’ists doch was wunderbares
812 1407 1318 1618 Ums Lieben
812 1575 1584 1760 Was wonderbares.
2483 1656 2824 1769 r allem
798 1685 2974 1919 Dabet umfasste er sein Mädchen und drehte sich
815 1870 2985 2075 mit ihr im Kreise, bis er mitten in dem dämmri
2610 1983 2705 2139 .F.
827 1997 2445 2214 gen Saale stand. Da sang er wieder:
818 2147 2159 2358 Wie führt uns doch die Liebe
832 2306 1818 2532 Oft sonderlichen Weg.
841 2471 3092 2685 "Nicht wahr," sagte er zu mir, sehr sonderliche
832 2604 2962 2832 Wege... O, süsseste Christine, rief er plötz
829 2763 3075 2974 lich und küsste sein Lieb auf die vollen Lippen.
832 2933 3153 3133 Sie umschlang seinen Nacken und küsste ihn wieder
832 3078 2876 3309 Ich fasste mich allmählich und sagte zu dem
850 3205 2951 3523 feurigen Jüngling: "Du merkwürdiger Kumpan...
853 3428 1214 3618 ton....
864 3456 3072 3777 Er liess mich aber nicht reden. „Merkwürdig! Et
