3528 4136
884 781 2996 989 Und wie träumend lass ich auf den Sessel mich
878 939 3175 1130 nieder, mich dem unbeschreiblichen Mürchen zu ent¬
2552 1059 3008 1223 er oe tes
881 1097 2517 1311 winden, das mich umgibt.
869 1252 3032 1446 Da hör ich Stimmen vor dem Fenster. Ich schaue
881 1393 3160 1574 auf. Ein Schatten huscht vorbei, die Türe knarrt.
863 1542 3064 1712 Ich erhebe mich von meinem Sessel und trete der
860 1703 3064 1879 Schwelle näher. Meiner Hand entsinkt das Messer
866 1858 2926 2028 da ich eine schlanke Mädchengestalt vor mir
878 2019 3131 2218 sehe. Ich keme das Antlitz, das nun so ängstlich
857 2168 3017 2356 lächelt und auch das einfache Gewand, das über
875 2323 3081 2520 die Hüften herabfliesst, erblieb ich nicht das
863 2449 3216 2675 erstemal... und halblaut ruf ich aus: "Christine...
863 2584 2985 2783 So hiess des Anatomiedteners Töchterlein, und
860 2762 3102 2979 wenn wirs Kollegium verliessen, da sahen wir sie
857 2915 2938 3119 immer mit dem Strichzeug am Fenster in ihrem
860 3090 3096 3283 kleinen Stübchen sitzen; verschämt lächelte sie,
852 3242 3067 3432 wenn einer es wagte letzte mit der Hand über die
857 3386 3093 3593 Glasschetben zu streichen, dass es ganz unmerk-
860 3541 3105 3719 lich klirrte und niemandem sah sie in die Augen.
