3320 4072
2427 760 2719 943 des Le
778 749 2393 963 UndUhrlstine stand an der Schuelle
2487 869 2576 935 G.F.P.
766 906 2884 1138 chensaales und noch hatte sie meinen Ruf nicht.
778 1081 2816 1272 erwidert, als ich mit einemmal eines zweiten
755 1246 2913 1455 menschlichen Wesens gewahr wurde... und vor mir
755 1384 2993 1584 Aug in Aug gegenüberstand, mit einemmal aus dem
755 1507 2933 1715 Dunkel hervortretend, war niemand anderer, als
1312 1649 1427 1744 G.F.P.
1009 1652 1252 1761 G.C.H.F.P.
755 1692 2890 1895 mein werter Freund und Kollege Stephan Kalman.
758 1838 2867 2064 Da schwirrte es mir auch durch den Kopf, dass
775 1978 2882 2201 keiner so gern an dem Fenster Christinens mit
2124 2075 2233 2164 G.C.F.P
1395 2098 1555 2196 G.C.F.P
1055 2115 1215 2210 G.C.F.P.
769 2121 2930 2350 der Hand spielte als Stephan, und dass er weit
1561 2258 1664 2338 G.F.P.
780 2273 2990 2510 öfter durch die Scheiben guckte als alle andern.
1021 2416 1252 2516 G.H.F.F:
775 2459 2876 2619 sondass er sich nicht selten sogar wieder um
1032 2570 1121 2639 77
778 2621 2907 2807 wandte, wenn er schon vorüber war und verstoh
780 2730 3076 2939 len nach Christinen schielte. Ja, hatte ich nicht
1675 2859 1758 2950 G.S.
775 2910 2993 3099 sogar einmal bemerkt, dass das schüchterne Mägd
1318 3022 1418 3107 27.
778 3087 2807 3242 lein aufblickte von ihrer Arbeit,just als
1781 3156 1890 3242 B.H.
786 3216 2965 3405 vorbetging und da bet feuerrot im Gesicht wurde.
1438 3388 2956 3553 Und eben dieser Stephan stand von
