3288 4040
777 738 2878 967 Wiederhallen und wie ein duftendes Blumenmæer
761 950 2758 1128 umgab uns die Musik in umschmeichelnder Be
769 1089 2817 1282 laubung. Zu unsern Füssen wogte es dahin und
789 1243 3009 1407 blinkte, glitzerte, als gestaltete der Tanz sich
769 1385 2998 1541 zu sichtbarem Gold und das Liebespaar glitt da -
772 1532 2887 1722 hin in wahnstnniger Verzückung. Da krachte es
772 1702 3012 1861 plötzlich und zur Erde nieder fiel Geige und Bo
772 1817 2873 2028 den. Das Lied des Wanderers verstummte und er
777 1992 2778 2168 selbst fuhr mit den Händen wild in der Luft
766 2134 2839 2324 herum, als wollte er den unsicher gleitenden
750 2340 2881 2457 Nachhall erfassen, auf dasj es still werde mit
775 2471 3004 2619 einemmal. Und als es nun ganz still war, schritt
761 2630 2848 2744 der Mann langsam hinaus durch die offene Tür.
1053 2742 2909 2942 Christine aber und Stephan, die
747 2889 2965 3107 hochatmend und erhitzt ihm folgen wollten, san
747 3054 2778 3235 ken an der Schmelle nieder und hielten sich
1727 3204 2340 3380 v oagte tok me
2416 3210 2544 3341 31
750 3207 1697 3416 fest bei der Hand.
747 3330 2909 3603 Was aber war denn mit mir und wer erschien mit
