3304 4056
742 702 2992 974 Paar, das wie träumend das tand und Wang an Wange
778 870 873 974 G.F.P
753 932 1374 1131 gelehtn hielt
2429 966 2555 1106 Gette
739 1061 2774 1257 Dann sprang er herein übers Fenster und mit
2441 1150 2566 1248 G.F.P.
753 1231 2908 1425 lächeIndem, feurigen Blick stand er zu Häupten
2138 1313 2303 1405 G.H.F.P.
756 1391 2863 1556 des Toten. Nun begann er zu hüpfen während er
764 1548 2983 1735 sang, geigte, tanzte herum, dass ich schon ver-
747 1679 2916 1864 meinte alles um mich herum tanzen zu sehen und
761 1825 2902 2060 dastand, als hielte mich ein unbeschreiblicher
744 1968 1422 2197 Bann gefangen.
1679 2001 1783 2175 H.
742 2119 2930 2329 Stephan und Cristine umfassten sich, sie wir -
756 2312 2916 2466 belten, ohne dass sie den Boden berührten, sie
756 2429 2936 2631 küssten sich und seufsten und ihre Locken flo¬
753 2606 2776 2776 gen umeinander. Und des seltsamen Wanderers
756 2718 2830 2905 krauses Haupthaar wallte auch gar lustig hin
753 2888 2995 3093 und her, während sein ganzer Leib in unsäglicher
750 3051 2930 3247 Bewegung schien. Und es baute sich Ton auf Ton
758 3182 2933 3372 und schienen die Laute in einander zu fliessen
756 3328 2955 3532 und rankten als blühende Melodte sich ans grauen
756 3526 2863 3717 Gewölbe hinan. Das war ein jubelndes Ertönen,
