3304 4040
755 724 2818 954 les noch wie im Nebel erschien. “Aber das Ko
747 888 2505 1123 legium hat doch noch nicht begonnen?"
771 1053 2914 1294 "Und meine Tochter, Herr, was wolltet Ihr denn
752 1211 1725 1435 mit meiner Tochter?"
774 1410 2823 1576 „Wert“ fragte ich höchst unschuldig. “Ich...
769 1504 2652 1684 Was mag ich da wohl nur geträumt haben?"
788 1689 2923 1880 "Aus Eurer blassen Farbe zu schliessen, gewiss
766 1803 2931 2024 höchst sonderbares, Herr," erwiderte der Anna -
782 1994 1338 2184 tomiediener.
774 2096 2845 2295 Ich stand bald auf der Strasse und im Kreise
774 2281 2964 2477 meiner Freunde. Von Weitem sah ich Stephan kom
771 2439 2790 2618 men. Er ging an Christinæns Fenster vorbei.
780 2558 2873 2776 Er schaub hinein und machte ein recht gleich
796 2715 3022 2942 gültiges Gesicht. Ich lief ihm entgegen, drückte
782 2853 2931 3042 ihm dte Hand, blieb aber erst an jenem Fenster
805 3014 3011 3241 stehen. Ich blickte durch die Scheiben. Christi
802 3166 2923 3390 ne sass an ihrem Tischchen. Auch in threm hüb
830 3337 2876 3506 schen Antlitz war keine Spur von Erregung zu
