5225 4200
1267 952 2447 1126 last etwas zu viele juge Karte
1289 1070 2479 1177 aubkarten? Werden sie nicht, gleich
1284 1110 2449 1268 ult, gleich (schwierig) gekleidet, also
1273 1187 2484 1337 nothwendigerweise mit einer so¬
1328 1260 2431 1406 willen gegenseitigen Ähnlichkeit
1308 1347 2508 1479 befasstet, im Publicum eine Art
1337 1393 2491 1543 Conclusum heranbringen bei sich
1359 1455 2463 1633 Zuerstbieten erklären? Ich
1361 1553 2564 1697 glaube, Sie hätten miedestens zwei
1358 1644 2527 1775 des, des besonderen sind
1339 1708 2506 1828 Werden des. Dr. Witte oliminierer
1334 1773 2508 1911 in ihre Rolle in die anderer
1343 1875 2121 1986 vermeben könne.
1610 1920 2534 2056 Und die überzeugt, daß
1320 1979 2510 2133 daß 2) Otheatungsbleiben die Receßung
1332 2075 2516 2214 der Stückes, die vernehme Ent¬
1355 2150 2550 2312 haltsamkeit des unters entfassen
1382 2208 2540 2360 kann? Ich kenne nicht, das Pus
1380 2296 2588 2425 lixx das Lettragtseetend, nun,
1343 2371 2516 2502 Sohn aber ein Herzen, es möge
1369 2428 2554 2591 eo Elite -siblicum vor; dem
1367 2524 2527 2653 wird der erschließte, erreichte
1382 2593 2569 2705 Decbell nicht ausbleiben, wie
1310 2657 2593 2796 ich ahn Ihnen von Herzen zulle, besp.
1382 2778 1708 2844 wünsche
1518 2784 2521 2912 Wie dies der Alkaabi ist
1391 2879 2538 3034 mir nur Herz gemachten. Dach
2727 974 3928 1086 dienüber mundlich nächsten. Wen¬
2741 1072 3872 1163 ten, in welchem ich mir er¬
2740 1115 3952 1219 nehme, ihm sympathische, beiden
2764 1165 3941 1312 alt zu Zeit gemachte Bekannt¬
2772 1235 3922 1383 Wahl macht zu endlich zu pflege
2907 1316 3907 1468 f. Catten hat wie weiter
2725 1395 3935 1550 selt über lre geschrieben u damit
2729 1470 3960 1577 einem negen Münsche meintets
2725 1535 3842 1681 Rechnung gelangen. Er ist auf
2751 1602 3895 1756 ein chermenten u wertseollen
2770 1685 3936 1837 menth. Prunter war nun nach
2775 1773 3941 1904 seine jetzige Adresse wurcken
2780 1836 3887 1975 fe ist mit der Redaction und
2799 1909 3941 2030 getreten: hat vergessen wir
2775 1967 3960 2120 mitzutheilen, wie ich ihm xxx
2788 2094 3174 2173 ben soll.
2907 2134 3896 2275 Auf arbeile nach immer an
2735 2197 3922 2307 einem kommen, der in Meer
2776 2265 3965 2387 am deren We Tagblatt ertheil
2764 2371 3880 2470 fe wird mir schnee, denn ich
2765 2412 3965 2526 botnete damit ein ganz neues
2770 2483 3935 2615 feld, den einige Aristokratores
2741 2538 3930 2668 ist wie die von Arzentlock
2788 2614 3872 2748 langweileg zuwenden u. ich
2799 2674 3911 2810 woll nicht weiter, das die ist
2805 2749 3864 2901 nach dem Publikan vom
