5177 4199
3234 1302 3668 1476 am 190 um
3096 1411 3553 1572 durch:
3672 1415 3935 1595 P
1807 1492 3909 1688 fr torbole 223 19 23 12/10 n =  am  um Uhr M. Mittag
1376 1672 3958 1823 hocherfreut und geruehrt durch ihr gedenken sende innigen dank
1585 1865 3864 2045 in bewunderung und ergebenst = torresani : 22 1/2 50
1884 2148 3405 2414 W. lebe, geschützter Herr Doktor
1916 2334 3389 2498 meren Zulage nicht vergessen; theile
1826 2398 3363 2578 Ihnen demgebotze meine Adresse
1993 2485 3238 2672 mit: Wenezia, Riva, der
1971 2549 3434 2730 Schiavoni, nuova Casa Kirsch
1961 2630 3427 2807 gleichzeitig geht auf das versprechen
2006 2713 3376 2900 Kopf er lte ab. — Kossen habe
2013 2800 3411 2951 og nur meren Reise nicht viel
2003 2871 3411 3012 Freude gehabt; erzuenwieses
2038 2929 3427 3070 Eus Wetter, u mancherlei Wi¬
2000 2987 3446 3164 längätigkeiten anderer Art. Hebbeit
2019 3067 3488 3263 lich war das Herr Polykratis-
