5225 4200
1332 1027 2491 1199 beacht, Ich woll nicht lebautete.
1334 1144 2497 1257 es wäre lte nun meinen
1364 1212 2524 1343 dern gemäß nicht beeren, denn
1367 1254 2577 1442 ich glaube, die blieb erwarten von
1357 1353 2525 1505 eine rechte bade Complamente
1334 1428 2544 1572 Aber ich kann ein Tagen: diese
1350 1525 2558 1652 berei gedacht, unendlich vert
1370 1553 2547 1737 wochgekührte, zugehöltiglich trefe,
1379 1680 2574 1804 u jeder Effenthalterei aus dem
1381 1727 2575 1879 Wege gehende Comüdre muß
1379 1809 2569 1945 unter den besten gerechnet werden
1398 1883 2577 2008 wolchs an diesen Art erkennen. Der
1381 1977 2569 2093 Geenkten den Baum ist zurückzu¬
1390 2039 2596 2173 meissenhaft gezeichnet, und über¬
1403 2113 2550 2263 dreich und durch mehr. Zwei
1397 2201 2533 2336 der Beden hat bei mich einige
1390 2263 2569 2419 Unverständlichkeiten, die ich mir
1375 2339 2521 2517 Achmerzeit von Ihnen, der
1428 2425 2602 2577 ihn gewuß in jeden Weite über¬
1420 2527 2503 2666 Nacht hat, mündlich erklären
1403 2607 2499 2723 lassen werde; im ganzen u
1395 2674 2577 2847 „Großen, verschwert in mir als ein
1411 2740 2600 2937 moderner Hamlet, voll fern¬
2651 967 3914 1121 Zeit u voll Interesse. Die Mutter
2702 1063 3883 1226 sehr ich leibhabig vor mir; ich
2704 1133 3897 1257 kenne sie, so zu legen. Die Ne¬
2691 1207 3892 1343 beechereltere der beiden Higeele
2680 1287 3889 1431 und voll huministlichen das¬
2710 1362 3887 1500 ret gerechneter Pointen um
2718 1437 3922 1563 ren einer Unausdienzlußung, die
2709 1500 3949 1682 beweitere muß. Es litte nach
2720 1578 3887 1765 abselbte zu stöckenem Anlauge.
2729 1640 3938 1795 den bleiben verleiten lassen. Sie
2720 1731 3859 1903 haben die Charaktienstärke gehabt,
2732 1812 3911 1983 dete Pleyze zu rücklebben. Aus
2753 1889 3947 2025 Wandel werde ich nicht nach
2727 1942 3942 2089 der Mann ist öffentlich auf die
2734 2047 3923 2185 dermaier,; dabei let er eben go u
2738 2105 3942 2281 misse edle Zuzu, welche Kücherlich
2735 2204 3947 2350 keit ausschließt, Apl glaube Sie
2746 2279 3942 2422 habe. Ihr dann nach der Natur zugesch
2742 2354 3958 2535 mit, abzieten, ohne Verengenommen,
3116 2430 3912 2599 Krieg, ich kann mir mit
2776 2470 3008 2600 her
2704 2538 3671 2655 übergerzeug erkländigem,
2861 2602 3927 2731 Gezt erlauben, bis mir aber zum
2712 2649 3974 2790 unvergreibliche kritische Remeklagen, die
2716 2727 3972 2878 besser beingen. 1.) Glauben bin nicht,
