3928 4936
373 690 3265 1172 2 wt 9 if ja wird in Lint
373 1071 3408 1429 » Dir.“ die mich sterben heißt
3054 1523 3227 1700 e
588 1436 2903 1817 dann auf Haus nicht traf
630 1783 3272 2243 Uhr die teut hofnen... doch
615 2115 3340 2530 sie dies verlach u mich,
584 2522 3204 3024 ich dir gleich.
599 2873 3446 3382 wir sie glaub nicht.
739 3276 3276 3740 Aus der besuch ich mit
618 3695 3223 4106 in Fol. Of. Ihr, die¬
728 3996 3457 4449 mit, das ih deß Strüssend
