3864 4936
343 830 2950 1221 Je nur jetzte nicht dienst - ich mehr in
336 1102 2792 1409 Mein... Wenn ich m get. hat.. wie
330 1364 2924 1658 in mir glaub oder ihr. That Mons.
401 1664 2995 1945 erst da  „ d seit verschossen müssen,
378 1903 2902 2217 sei. Nun - so geht er nicht weil
407 2178 2973 2462 Ich nicht konnten. Als ich mich & man
394 2472 2844 2750 schrieb. Acht glaubt mir erst recht, en
417 2785 2882 3050 hal mit geleitet, weil ich nicht gleich¬
611 3115 2714 3338 Es weil wir uns schreit, wie sie is
481 3403 982 3719 falls in
520 3677 2588 3978 (Auf Kief fern man in) Rückloff.
1942 3878 2110 4029 soo
666 3910 2776 4230 Sie aber wird man nur glasch nicht
617 4191 1551 4440 da ich in der Torzah.
3425 381 3661 898 be
