3864 4952
358 767 3074 1176 Rie - Elle est reprit la
1091 1139 3225 1537 jouirn; bmitin
332 1231 1076 1629 alb 6
361 1467 3332 1994 nicht allein glaub, ich sei weh
487 1895 3019 2341 sein, nein, es ist wohl über
394 2204 3237 2695 sich bin nich, vollkauert ist.
450 2485 3096 3089 Sobeit ich dies Brief zu End¬
446 2894 2790 3465 so schrieb ges ich sein
490 3200 3189 3786 Frau xxx in der
523 3679 3111 4202 verlaß ich den Juni, in
619 4103 3366 4486 sehr, auf in auf heiß. das
