3896 4936
485 791 3408 1150 konien in meß seiner nicht sein
459 1112 3266 1598 stecken, sie sie schon befrof ein
552 1407 3565 1982 hilß gemein? Aber nun wir
582 1863 3449 2269 so all vorstimmen, je n'en vous
593 2142 3460 2665 so all sagen. wie haben kund
1467 2568 3277 2934 Wir sahen es ei
523 2616 1437 3124 Gelden
541 2960 3453 3341 Ain Frau ist der Tren gewesen so zu
2743 3214 3412 3609 J.C.
530 3438 2721 3744 es war ge geeht notwend
2624 3703 3150 3998 2572
508 3669 2273 4147 Herthe.. Aber ich
556 4102 3356 4419 es ist nolmen. Die sollen ich ich
