3848 4936
578 578 3519 1053 Marret, bglaukst HaMechen.
625 998 3219 1390 nicht wenig bekant ist ef¬
655 1317 3237 1671 Nattach. d ich erschloit
556 1679 3314 2092 we was jnt ock
516 1990 3383 2359 men jede Weib » die im
571 2381 3211 2758 in treu gewes ist.
512 2728 3131 3113 in des Augenblick noch hb
549 3014 3237 3442 Wass das un verzeih, die lieb
490 3361 3127 3796 sel, daß ich sterben jetzt.
534 3895 3149 4184 d müßt -  siehe die mußt er.
768 4301 1229 4473 cours,
