3864 4904
485 711 3075 1083 wo ein Kind mit ein post
481 1025 3286 1419 Prændual auch d. l. Mai
2889 1244 3348 1492 C. R.
518 1357 3203 1747 zur Molt brachte; weil sie
463 1645 3370 2075 ein Kreisgesehe im 6. Anna
653 2035 3275 2440 Schwagerlhaft. In diese
452 2422 3195 2889 stehe noch ande heißt verneuert
449 2728 3057 3283 Sache; während ich diese
419 3133 3170 3633 schreib, liegt er vor un
347 3476 3108 3917 und ich hah ich wird
416 3917 3345 4337 darin geblillert - ja - es sich be¬
