3864 4936
339 776 3224 1115 wortet, wisset, dass sie,
397 1115 2907 1533 wahre ich diese Schreib in
466 1464 3398 1850 zwei erbe besteht; insichlich
404 1741 3060 2175 in if Riin is kin; be
401 2087 3176 2521 min and beg to all it by
444 2462 3289 2838 in d Mg neben dt kehl.
459 2772 3173 3253 kann ich sie gehen wir
499 3103 3235 3679 steilen will ich in da sie
492 3464 3209 4021 jetzt an werde an Frau kaff.
594 3948 3369 4422 in and in him. his - if I
