3416 4072
2840 427 2967 576 33
614 573 3128 754 Katharina: (sieht Anna an,erkennt sie,erkennt den Har-
1096 728 3150 833 lekin und den Clown, beginnt den Zusammenhang
1092 811 3131 918 zu ahnen, ohne noch daran glauben zu wollen).
1096 988 2552 1140 Das ist Pierrot, mein Bräutigam.
627 988 893 1102 Anna:
630 1137 2422 1289 Vater, Mutter, Eduard: (höchst erstaunt).
1134 1295 3093 1447 (kommt, aueser Atem, das Pierrot###gewand Pier-
627 1308 1067 1472 Direktor:
1111 1415 3008 1580 rote in den Händen) Da haben wir ihn end-
1108 1510 1415 1618 lich!
633 1700 3176 1792 Katharina: (versteht nun alles) Ich habe mich also doch
1162 1783 3090 1890 nicht geirrt, du bist Pierrot, den ich dort
1118 1884 3055 1973 im Wirtshaus Komödie spielen gesehen habe,
1124 1960 2308 2109 und zu diesen gehöret du.
636 2096 2391 2286 Vater und Mutter: (sehen einander an).
1118 2270 3062 2403 Es kommen herbei: der Hutschenschleuderer,
1127 2384 3119 2495 der Photograph, der Wahrsager und Schiesebu-
1124 2492 3147 2599 denbesitzer mit der Figur des Tromnlers. In
1181 2571 3100 2672 der einen Hand hält er den abgeschlagenen
1124 2672 2023 2777 Kopf des Tromnlers.
1159 2831 2992 2945 (zuckt die Achseln, er beginnt zu fühlen,
652 2831 1054 2976 Pierrot:
1149 2941 2862 3033 dass das Spiel für ihn verloren ist).
1156 3087 3116 3252 (tritt auf Pierrot zu) verlangt. Aufklärung
659 3090 1023 3242 Eduard:
1146 3185 1574 3321 von ihm).
1146 3328 3188 3483 (lacht höhnisch.Dann wendet er sich zu Anna)
652 3359 1064 3486 Pierrot:
1149 3458 2736 3603 Du wirst mir doch nicht böse sein?
