3416 4056
2899 394 3043 653 17
1053 603 2302 809 Klavierspieler begleitet).
584 781 2443 1040 Katharina: (immer erregter, erhebt sich).
584 996 946 1203 Eduard:
1081 1009 3133 1218 (beruhigt sie, ohne den Grund ihrer Aufregung
1065 1106 1556 1250 zu ahn###n).
600 1200 3111 1393 Die Eltern: (zu Eduard) Sie ist nun einmal so. Ein jun-
1071 1381 2818 1531 ges Mädel. Das wird sich schon geben.
587 1506 1003 1662 Pierrot :
1090 1531 3046 1674 (wirft sich in einem Anfall von gespielter
1071 1643 1934 1834 Raserei zu Boden).
600 1790 1078 1984 Katharina:
1131 1784 3111 2015 (eilt jetzt ganz nach vorn, bis zum Podium).
1068 1993 3024 2093 Wie Pierrot den Kopf erhebt, muss er Katha-
1065 2080 3039 2208 rinen gerade ins Augo sehen.Er erkennt sie
1078 2165 3036 2283 verbirgt es aber sofort wieder, dass er sie
1071 2262 1662 2443 erkannt hat.
590 2415 1831 2580 Katharina: (starrt ihn an).
587 2565 978 2755 Pierrot :
1071 2543 3102 2740 (hat sich erhoben, sieht sie wie erstaunt an,
1081 2705 3033 2824 spielt dann gleich seine Szene weiter.Geht
1065 2783 3127 2908 auf dem Podium als ein Verzweifelter hin und
1056 2877 3146 2986 her.Manchmal mit einem Seitenblick auf Katha-
1056 2961 1362 3139 rina).
581 3111 1065 3302 Katharina:
1118 3118 3146 3289 (wird von Eduard an den Tisch zurückgeholt).
1075 3299 1980 3499 Alle reden ihr zu.
640 3477 3046 3695 Die Mutter: Offenbar regt sie das Spiel so auf. Ich
