3528 4216
2857 490 2965 717 35
551 739 1679 945 Die Eltern; (erstaunt)
1046 921 2158 1115 (kann es nicht fassen).
561 958 924 1136 Eduard:
1093 1085 3121 1255 Glauben gie es nur, es ist wieder alles gut,
569 1117 1056 1279 Katharina:
1054 1220 1962 1414 ich bin Ihre Braut.
1096 1350 2634 1549 So reichen Sie ihr doch den Arm.
622 1393 980 1533 Mutter:
1080 1551 2978 1689 (tut es, vorläufig ohne innere Beruhigung
585 1557 940 1721 Eduard:
1075 1663 3008 1824 und beide Gesellschaften wenden sich zu -
1070 1750 1930 1933 gleich zum Gehen).
1070 1877 3198 2073 Die Gesellschaft Pierrot nach rechts, die Ka-
1075 2020 2089 2179 tharinens nach links.
1080 2113 3071 2303 Nach ein paar Schritten, wie unwillkürlich,
1099 2277 3113 2385 sehen sowohl Katharina als Pierrot sich um.
1088 2343 3127 2467 Ihre Blicke begegnen sich auf eine Sekunde,
1085 2449 3047 2573 zuerst noch voll Erinnern, in Zärtlichkeit
1099 2518 3119 2685 und Erbitterung - dann fremd, zu ewigem Ab -
1096 2645 1440 2798 schied.
1096 2780 3039 2939 Sie wenden sich von einander ab und beide
1104 2891 3214 3016 Gesellschaften setzen ihren Weg fort. Die Mu-
1107 2949 3235 3119 sik aus dem Prater ertönt lebhafter. Ehe noch
1115 3055 3023 3196 alle Personen von der Bühne verschwunden
1125 3177 2211 3338 sind, fällt der Vorhang.
