3448 4200
2760 514 2903 688 27
492 717 2097 907 Ihre Begleiterin:/(verspottet sie).
501 885 2906 1037 Der Leutnant: (wird von den Damen aufgefördert, sich
983 983 2973 1126 wahrsagen zu lassen.Er weigert sich zuerst,
980 1079 2963 1228 dann gibt er nach. Der Wahrsager teilt ihm
983 1193 2976 1310 schlimme Dinge mit. Der Leutnant beleidigt,
987 1259 2627 1450 erhebt eich, geht mit den Damen ab).
2541 1345 2655 1447 G.C.F.P.
1025 1437 2922 1570 (eine dicke, alte Frau, von draussen, teilt
501 1428 990 1605 Kassierin:
993 1516 2966 1672 dem Wahreager mit, dass jetzt niemand kommt
996 1624 2094 1796 und bringt ihm Kaffee).
530 1796 3077 1938 Der Wahreager: (atmet auf, nimmt seinen weissen Bart und
1009 1856 3128 2081 seine weissen langen Haare ab und beginnt se¬
983 1986 2094 2138 nen Kaffoe zu trinken).
1022 2122 3052 2278 (von rückwärts schnell auf den Wahreager zu,
530 2138 936 2310 Pierrot:
1006 2240 3058 2357 redet auf ihn ein! er will den Bart, die Haa-
993 2319 2617 2519 re, den Talar haben) Hier ist Geld.
542 2503 2941 2652 Der Wahrsager: (erhebt sich, zieht seinen Talar aus).
1028 2617 3080 2801 (legt ihn an.Ebenso den weissen Bart und die
542 2693 942 2827 Pierrot:
1015 2751 3074 2881 weissen Haare.Er nimmt den Platz des Wahrea-
1018 2871 1513 3011 gers ein).
565 3036 2770 3157 Der Wahreager:(verschwindet mit seinem Kaffee).
584 3119 2763 3350 Vater, Mutter, Katharina und Eduard: (treten ein).
1044 3344 3014 3556 (redet der Mutter zu, sich wahrsegen zu las
603 3369 872 3588 Vator:
1041 3499 1282 3639 son).
584 3582 1840 3826 Mutter: (setzt sich hin).
