3432 4072
2807 430 2951 565 23
577 577 2338 815 Korporal: (bekommt einen roten Kopf).
584 824 3131 937 Der Photograph: (erscheint mit dem fertigen Bild.Zu den
1062 911 3079 1017 Kühetlern) Was wollen gie, meine Herren? (er
1062 959 3224 1107 sagt dem Korporal und der Köchin, dass sie sich
1068 1078 3179 1225 schon be wegen dürfen, und überreicht ihnen das
1062 1177 1366 1325 Bild).
590 1318 2993 1488 Korporal und Köchin:/sehr entzückt...sie gehen ab).
597 1508 3172 1642 Die beiden Künstler: Bitte wir wollen uns photographie-
1071 1607 1620 1758 ren lassen.
593 1783 2957 1924 Photograph: Zuerst bezahlen! Euch kann' ich schon.
597 1969 3063 2072 Erster Künstler: (zum zweiten) Was saget du zu diesem
1081 2056 2444 2213 Kerl? zuerst photographieren!
593 2207 1491 2377 Photograph: Nein.
597 2399 3076 2553 Die beiden Künstler: (nehmen ihre Posen an; etwa so
1084 2499 2582 2681 wie früher röchin und Korporal).
613 2662 3070 2791 Photograph: (wütend,will sie hinausweisen; die beiden
1084 2771 2018 2896 rühren sich nicht).
616 2935 2848 3095 Vater, Mutter, Katharina und Eduard : (treten ein).
600 3098 2159 3259 Photograph: (empfängt sie devot).
606 3243 2213 3438 Die Künetler: (rühren sich nicht).
597 3432 3175 3596 Photograph: (zu den Künstlern) Bitte sich zu entfernen,
1100 3564 1902 3737 es kommen Kunden.
