3512 4200
2921 421 3048 627 33.
1215 579 3212 794 (sieht Anna an, erkennt sie,erkennt den Har-
677 674 1171 839 Katharina:
1165 769 3225 896 lekin und den Clown, beginnt den Zusammenhang
1158 864 3216 1054 zu ahnen, ohne noch daran glauben zu wollen).
1162 1048 2630 1203 Das ist Pierrot, mein Bräutigam.
696 987 962 1209 Anna:
696 1225 2485 1361 Vater, Mutter, Eduard:-(höchst erstaunt).
1187 1336 3149 1529 (kommt, ausser Atem, das Pierrot/gewand Pier
703 1383 1143 1573 Direktor:
1171 1484 3083 1601 rote in den Händen) Da haben wir ihn end-
1184 1589 1484 1703 lich!
712 1728 3254 1886 Katharina (versteht nun alles) Ich habe mich also doch
1225 1864 3152 1959 nicht geirrt, du bist Pierrot, den ich dort
1184 1950 3102 2102 im Wirtshaus Komödie spielen gesehen habe
1193 2029 2383 2184 und zu diesen gehörst du.
725 2178 2459 2345 Vater und Mutter:(sehen einander an).
1184 2345 3143 2485 Es kommen herbei: der Hutschenschleuderer,
1193 2485 3193 2576 der Photograph, der Wahrsager und Schiesebu-
1193 2560 3222 2662 denbesitzer mit der Figur des Trommlers. In
1238 2643 3171 2782 der einen Hand hält er den abgeschlagenen
1193 2747 2108 2842 Kopf des Trommlers.
1222 2909 3076 3045 (zuckt die Achseln, er beginnt zu fühlen,
725 2921 1127 3067 Pierrot:
1215 3004 2937 3143 dass das Spiel für ihn verloren ist).
2940 3048 3083 3209 G.
1228 3178 3187 3349 (tritt auf Pierrot zu, verlangt Aufklärung
725 3187 1089 3323 Eduard:
1219 3282 1652 3402 von ihm).
1225 3421 3254 3567 (lacht höhnisch.Dann wendet er sich zu Anna)
731 3453 1133 3580 Pierrot:
1222 3548 2811 3700 Du wirst mir doch nicht böse sein?
