3432 4072
2878 444 3021 599 30
1100 615 3132 764 trifft jedeemal. Sie erhält Komplimente von
1097 748 3116 853 allen geiten,wird heiterer.Beim dritten Mal
1090 840 3195 992 zielt sie auf den Trommler.Sie trifft wieder:
1106 932 2977 1037 er beginnt zu trommeln, aber statt seines
1100 1005 3113 1125 Gesichte ist plötzlich das Gesicht Pierrot
1113 1106 1667 1252 erschienen).
1176 1284 1823 1407 (schreit auf).
637 1278 1110 1426 Katharina:
1125 1373 3205 1566 (kommt erst in diesem Augenblick wütend ange-
637 1465 989 1582 Eduard:
1110 1550 3065 1658 hinkt und sieht eben, wie Katharina, gleich
1125 1636 2612 1759 einer Wahneinnigen davonstürzt).
650 1744 2992 1965 Die Anderen: (verstehen es nicht, sind fassungslos).
1119 1981 1975 2118 Grosse Verwirrung.
659 2140 2381 2292 Vater, Mutter, Eduard: (Katharina nach).
1531 2336 2102 2473 Verwandlung.
1395 2637 2076 2805 sechetes Bild.
1411 2767 2083 2863 ¬  ==================
659 2856 2996 3043 Praterauen an der Donau.Mondech-in. zueret stille.
672 2999 3214 3126 Szene leer. Endlich stürzt Katharina herbei. Ganz wirr
678 3110 3164 3218 wie wahneinnig. Sie eilt hin und her, weiss sich nicht
685 3214 3141 3306 mehr aus.Sie bildet sich ein, dass sie den Pierrot um-
682 3294 3119 3392 gebracht hat. Dann besinnt sie sich, dass das ja nicht
691 3382 3107 3503 möglich sei. Sie ruft sich die Erlebnisse des heuti-
701 3471 3249 3601 gen Abende zurück. Der Pierrot in der K omödie, der Hut-
691 3576 2996 3706 schenschleuderer, der Photograph, der Wahreager, der
