3432 4072
2609 290 2719 454 2
1340 512 1778 712 Vorspiel.
1392 680 1926 767 ................. ̃
515 799 3005 973 Kleines Haus mit wohlgepflegtem Garten. Das Haus steht
506 992 2944 1160 rückwärts. Es ist einstöckig. Ueber der Haustür ein
528 1156 3038 1353 Balkon. Neben der Haustür rechte und links je ein Fen¬
548 1343 2886 1527 ster. Am Garten vorn zieht eine Strasse vorbei, die
538 1527 2851 1701 weiter links gegen eine Wiesen-und Waldlandschaft
541 1723 2964 1859 führt. Gartentür links. Später Sommernachmittag. Im
554 1901 2964 2033 Garten, nahe dem Gitter, rechts ein Tisch, um ihn: der
554 2033 3144 2210 Hausherr (Vater) und seine Gattin (Mutter),ihre Tochter
570 2210 2960 2448 Katharina, sowie Eduard, ein guterzogener und wohlge-
583 2435 1633 2590 kleideter junger Mann.
915 2577 3080 2728 Mutter schenkt eben den Kaffee ein. Alle trin-
586 2745 3166 2935 ken. Auf der Strasse kommen Spaziergänger vorbei.Kleine
589 2944 2248 3073 Familien,Paare, einzelne Ausflügler.
606 3118 3102 3324 Der Vater: (weist auf den himmel) Was für ein schöner
1111 3237 1330 3424 Tag!
612 3360 2403 3530 Katharina: (sitzt still und verträumt)
606 3521 3186 3772 Eduard: (liebenswürdig gegen sie,erweist ihr Höflich-
