3448 4088
2845 440 2995 609 29
1367 574 1988 701 Fünftes Bild.
1373 698 2023 797 .................  =================
634 848 3110 965 Andere Partie des Praters. Allerlei Buden,eine offene
637 937 3193 1058 Schiesenbuds ganz vorn. Hinter dem Stande junge Mädchen,
634 1036 3036 1137 die die Gewehre laden, Gäste, die schiessen. Vorn der
634 1122 3119 1262 Watschenmann, an dem jemand eben seine Kraft probiert.
634 1252 2151 1459 Vater, Mutter, Katharina: (kommen).
644 1447 1733 1638 Kat harina: (verstört).
644 1638 2304 1829 Mutter: (sucht sie zu beruhigen).
650 1823 3087 1995 Katharina: (weist auf den Velocipedzirkus, in den sie
1112 1915 1746 2042 hinsin will).
1118 2077 2447 2202 Was fällt dir ein, mein Kind!
666 2065 1000 2208 Mutter:
1169 2211 3154 2377 (will in eine andere Bude, wird davon abge-
650 2265 1128 2383 Katharina
1125 2355 1555 2495 halten).
1118 2504 2756 2651 Endlich kommen sie zur Schiessbude.
1125 2699 3027 2820 Nun will ich euch zeigen, was ich für ein
653 2696 962 2839 Vater:
1096 2778 3046 2890 trefflicher Schütze bin. (er nimmt ein Ge-
1131 2852 3142 2998 wehr,zielt und trifft nichts. Das wiederholt
1128 2954 2820 3126 sich einige Male; er wird verlacht).
1153 3138 3129 3250 (redet seiner Tochter zu) Versuch’s du ein-
669 3126 969 3240 Vater:
1125 3224 1341 3406 mal.
1134 3387 2288 3505 Man gibt ihr ein Gewehr.
669 3572 3228 3737 Katharina: (zielt auf den Adler, dann auf die Glaekugel,
