3528 4168
561 577 2248 861 Korporal: (bekommt einen roten Kopf)
577 743 3125 1052 Der Photograph: (erscheint mit dem fertigen Bild.Zu den
1052 925 3071 1065 Kühetlern) Was wollen gie, meine Herren? (er
1049 1001 3214 1151 sagt dem Korporal und der Köchin, dass sie sich
1059 1097 3170 1247 schon bewegen dürfen, und überreicht ihnen dann
1055 1240 1346 1403 Bild).
596 1314 3010 1582 Korporal und Köchin: (sehr entzückt...sie gehen ab).
622 1508 3182 1709 Die beiden Künstler: Bitte wir wollen uns photographie-
1075 1665 1642 1856 ren lassen.
590 1808 2988 2025 Photograph: Zuerst bezahlen! Such kenn' ich sehon.
635 1987 3096 2172 Ereter Künetler: (zum zweiten) Was saget du zu diesem
1087 2108 2573 2302 Kerl? zuerst photographieren!
638 2277 1566 2490 Photograph: Nein...
641 2423 3119 2624 Die beiden Künetleri(nehmen ihre Posen an; otwa so
1119 2548 2640 2739 wie früher xöchin und Korporal).
651 2663 3128 2892 Photograph: (wütend,will sie hinausweisen; die beiden
1138 2825 2092 2975 rühren sich nicht).
676 2908 2930 3135 Vater, Mutter, Katharina und Eduard : (treten ein).
673 3147 2242 3348 Photograph: (empfängt sie devot).
679 3319 2299 3530 Die Künetler: (rühren sich nicht).
695 3501 3240 3699 Photograph: (zu den Künstlern) Bitte sich zu entfernen
1253 3635 1974 3798 kommen Kunden.
