3528 4152
574 564 2232 866 Katharina: (erblickt ihn plötzlich).
1027 812 1775 1061 sie erschrickt.
1064 1000 2977 1144 (macht ihr ein Zeichen zu schweigen, kommt
574 1014 983 1242 Pierrot:
1051 1097 2708 1289 ganz nahe, nimmt Katharinene Hände).
597 1242 3292 1440 Katharina: (bittet ihn wieder zu gehen, schon ganz schwach)
594 1420 3031 1594 Pierrot.(schwingt sich über die Fensterbrüstung, man
1087 1551 3091 1715 sieht ihn noch Katharinen zu Füssen sinken.
1067 1648 2208 1839 Dann fällt der Vorhang.)
1487 1943 2094 2135 Erstes Bild.
1497 2094 2171 2276 .........................  =================
621 2245 3041 2427 Kleines Praterwirtshaus mit Garten. Abend. Laternen
618 2423 3115 2568 brennen. Rechts Podium, auf dem eben ein Akrobat seine
631 2594 3131 2755 Kunststücke zeigt.Klavierspieler begleitet ihn.An den
618 2732 3145 3000 Tischen Publikum, iset und trinkt. Applaua. Akrobat ver-
648 2984 1470 3155 lässt das Poidium.
628 3118 3182 3316 Der Wirt, der Direktor, des Direktors Tochter Anna: (ste-
1124 3239 2541 3440 hen vom,alle sehr aufgeregt).
1104 3417 1611 3558 Wo ist er?
654 3346 1000 3568 Wirt:
651 3598 1893 3823 Direktor: Ich weiss nicht,
