3432 4104
2757 443 2902 630 19
926 607 2725 861 auf xxx die Bühne., sehen einander an.
453 826 1600 1044 Publikum: (applaudiert).
1337 977 1925 1192 Verwandlung.
1347 1318 2038 1559 Zweites Bild.
492 1527 2998 1697 Andere Partie des Wurstelpraters. Allerlei Buden im Um-
482 1645 2960 1790 kreis. Lärm, Musikkapellen, viel Menschen.Ein Hutschen-
485 1726 3076 1906 schleuderer eben damit beschäftigt, einige Stubenmädchen
495 1838 1723 1980 und Soldaten zu schaukeln.
954 1989 3079 2156 Vater, Mutter, Katharina und Eduard erscheinen.
508 2140 2841 2327 Katharina: (bald verstört, bald absichtlich lustig).
993 2343 2201 2500 (in glücklicher Stimmung).
498 2333 858 2549 Eduard:
974 2471 3034 2664 Wohin willet du gehen? Dort ins Ringelapiel,
501 2561 861 2751 Mutter:
983 2626 2963 2748 oder in die Bude dort, vor der der Ausrufer
990 2716 2314 2857 schreit? Oder in den Zirkus?
511 2876 1841 3072 Katharina:Nein, nirgende hin.
1006 2986 3143 3204 (macht auf die Hutsche aufmerksam) Wie lustig,
533 3092 826 3236 Vater:
1009 3127 2793 3307 so in der Luft hin und her zu fliegen!
530 3249 2359 3455 Eduard: (nobel, ist nicht sehr dafür).
533 3419 2754 3654 Vater und Mutter: (reden beiden zu) Warum nicht?
524 3635 2555 3828 Hutschensohleuderer: (lädt sie höflich ein).
