3432 4072
2732 436 2878 582 22
1399 585 2026 757 Drittes Bild.
1504 747 2026 852 .................
1352 906 2821 1021 Inneres einer Photographenbude
512 1078 3066 1183 Der Photograph: (eben damit beschäftigt, ein Paar zu pho-
995 1170 3031 1266 tographieren. Auf einem Sessel sitzt eine Kö-
1043 1231 3027 1348 chin, neben ihr, die Hand auf ihrer Schulter,
1002 1332 3097 1460 steht ein Korporal.Der Apparat steht ganz nah
1002 1415 2407 1533 am hinteren Eingang der Buda).
518 1580 2264 1771 Der spotograph: (arrangiert die Poss).
992 1752 2913 1898 Die Beiden ben=hmen sich sehr ungeschickt
992 1863 1393 1994 komisch.
525 2048 3018 2169 Der Photograph (hinter dem Apparat, nimmt das Bild auf
1002 2140 2401 2274 und geht in die Dunkelkammer).
528 2312 3043 2449 Korporal und Köchin; (bleiben regungslos in ihrer Posi-
999 2395 1304 2525 tion".
522 2557 3053 2687 Zwei junge Leute: (Künstler, mit langen Haaren und flie-
1002 2662 2496 2846 genden Kravatten kommen herein).
534 2798 2442 2961 Korporal und Köchin (bleiben regungslos).
537 3018 2433 3116 Die Künst###er: (pflanzen sich vor sie auf)
537 3183 2461 3317 Korporal und Köchin (bleiben regungelos).
534 3323 3031 3473 Der eine Künetler: (kitzelt die Köchin mit einer Feder
1005 3447 1625 3590 in der Nase).
534 3581 1940 3768 Köchin: (bleibt regungelos).
