3432 4072
2730 491 2850 641 25
1090 587 2817 796 schwindet hinter dem schwarzen Tuch).
1069 781 3206 934 (kommt vom r체ckw채rtigen Eingang, schleicht sibh
578 808 970 961 Pierrot:
1054 904 2892 991 an den Photographien heran, fasst ihn und
1060 994 2976 1090 schleudert ihn in die. Du kelkammer, die er
1018 1075 3057 1180 versperrt, bleibt eine Weile an seiner Stelle
1045 1162 3108 1296 hinter dem Apparat. kommt dann mit der Platte
1042 1245 2835 1392 hervor und tritt vor die anderen hin).
584 1389 2608 1590 Katharina: (sieht ihn an.Erstarrt geradezu).
1084 1569 2976 1700 (als Photograph) Ich komme gleich wieder.
572 1569 982 1712 Pierrot:
1087 1688 2314 1838 (geht in die Dunkelkammer).
1129 1802 3164 1970 (geht in der Buds hin und her,greift sich an
584 1811 1069 1994 Katharina:
1072 1961 3069 2063 den Kopf, zur Mutter) Haat du nicht bemerkt?
1063 2039 3125 2144 Der Pierrot und d'er Hut sch###nachleuderer und
1066 2135 2943 2242 dieser Photograph, war es nicht immer das
1066 2215 1826 2374 gleiche Gesicht?
602 2356 2126 2542 Die Mutter: (weise nichts davon).
602 2578 2395 2709 Vater: (hat seine poss beibehalten)
596 2751 2560 2886 Katharina: (zur T체r der Dunkelkammer hin).
590 2925 2997 3045 Photograph: (kommt aus der Dunkelkammer heraus,reibt
1081 3024 2904 3137 sich die H채nde, hat eine Banknote in der
1054 3108 3045 3224 Hand, die er eben von pierrot bekommen
1057 3194 1308 3329 hat).
1084 3287 2862 3464 (zu Katharina) Da kommt er ja eben. Du
596 3308 940 3476 Mutter:
1075 3428 2982 3592 siehet doch, dass es ein ganz anderer ist.
581 3548 2518 3751 Photograph: (wieder in die Dunkelkammer).
