3528 4040
1143 534 1567 699 keiten).
631 653 2336 881 Katharina: (nimmt sie kühl entgegen)
1087 868 3104 1077 Nach einer Weile erscheint Pierrot,
643 1024 3157 1230 in einem elegangten sommeranzug. Er kommt von rechte
656 1174 3129 1418 die Strasse einher, als harmlos vergnügeer Spaziergän-
656 1421 3076 1577 ger. Er erblickt Katharina, scheint sofort sehr ent-
653 1621 3166 1789 zückt, bleibt stehen,blickt Katharina nochmals an, Sie
656 1814 3138 1955 kümmert sich nicht um ihn.Endlich wirft er ihr einen
662 2011 1065 2108 Kuss zu.
671 2064 2464 2317 Katharina (wendet sich entrüstet ab. )
678 2295 2251 2461 (Die Andern haben nicht bemerkt).
659 2451 3038 2670 Pierrot: (geht seinen Weg weiter nach links,wendet
1155 2707 3254 2810 sich, ehe er verschwindet, noch einmal nach Ka-
1162 2876 1720 3019 tharina um).
681 2954 3179 3179 Vater: (erhebt sich von dem Tisch, die Zigarre im Mund,
1149 3213 3316 3432 und spaziert wohlgelaunt im Garten auf und ab)
696 3391 2008 3535 (Die Andern bleiben sitzen).
