3448 4168
2810 445 2926 636 26
571 565 2771 887 Katharina: (schüttelt den Kopf, faset es nicht).
1071 803 2707 1026 (ist auf dem Felsen eingeschlafen).
594 845 897 1061 Vater:
581 1019 3071 1220 Die beiden Künetler: (nehmen Embleme von der Wand,e ine
1055 1087 3062 1223 Lanze und einen Helm, stülpen dem Vater den
1058 1178 3017 1352 Helm auf, geben ihm die Lanze in die Hand
1068 1287 2023 1465 und entfernen sich).
1078 1432 2913 1665 (wendet sich um,erschrickt beim Anblick
603 1387 958 1603 Mutter:
1065 1562 1791 1739 ihre Gemahls).
1081 1723 1636 1929 (wacht auf).
626 1694 916 1923 Vater:
600 1874 3110 2116 Photograph: (kommt aus der Dunkelkammer und bringt das
1065 2007 1391 2165 Bild).
623 2107 2462 2300 Vater, Mutter, Katharina und Eduard: (ab).
1600 2313 2178 2516 Verwandlung.
1271 2649 1907 2884 Viertee Bild.
632 2800 3071 2965 Düsterer Innenraum einer Bude, original mystisch aus-
632 2913 3004 3078 gestattet). An einem Tischchen sitzt der Wahrsager
645 3007 3146 3152 in einem zauberhaften Talar. Vor ihm zwei junge Damen
652 3120 1465 3252 und ein Leutnant.
648 3268 3239 3394 Der Wahreager: (liest oben aus der Hand des einen jungen
1149 3384 1665 3542 Mädchena).
652 3449 3200 3675 Das junge Mädchen: (ist mit der erhaltenen Prophezeiung
1120 3636 2074 3830 sehr einverstanden).
