3544 4136
1058 548 3141 806 erblickt Pierrot, ist erstaunt, macht eine ab-
1058 769 2428 943 wehrende Gebärde,will rufen).
1092 921 3060 1127 (rasch zu ihr hin) um Himmels willen rufen
588 943 993 1120 Pierrot:
1061 1027 1559 1226 Sie nicht.
1124 1120 3010 1407 (gebietet ihm, sich sofort zu entfernen).
594 1170 1089 1398 Katharina:
1099 1338 3069 1522 (plötzlich zu ihren Füssen, nimmt ihre Hand
601 1388 1002 1547 Pierrot :
1086 1491 1805 1656 und küsst sie).
607 1612 1995 1852 Katharina: (wird verwirrter).
1102 1799 3234 1952 In diesem Moment erscheint über ihnen auf dem
1089 1948 3081 2092 Balkon die Mutter und ruft nach Katharina.
622 2057 3004 2238 Katharina: (erschreckt, macht pierrot ein Zeichen, er
1105 2197 2294 2369 solle sich nicht rühren).
1124 2334 2727 2509 (ruft noch einmal nach Katharina).
641 2372 990 2530 Mutter:
635 2530 3000 2674 Katharina; (geht nach vorn,zeigt sich der Mutter).
1114 2683 3137 2864 Komm' bald ins Haus,es wird kühl. (sie ver-
635 2686 990 2888 Hütter:
1114 2832 2145 2976 schwindet ins Zimmer).
635 2901 3134 3122 Katharina: (wieder unter den Balkon zu Pierrot zurück,
1117 3088 2764 3253 bittet ihn, er solle endlich gehen).
1158 3215 3106 3374 Nein. (er be schwört sie, bei ihr im Garten
647 3150 1043 3414 Pierrot:
1124 3333 2976 3455 bleiben zu dürfen.) Dort unter dem Baum
1124 3418 3218 3554 sieht uns niemand. Auch wird es immer dunkler.
1139 3539 3103 3701 (er geht mit ihr nach links vorn, führt sie
