3416 4072
2778 388 2862 550 2
1475 466 1931 702 Vorspiel.
1565 663 2066 799 ............  =================
634 808 3134 954 Kleines Haus mit wohlgepflegtem Garten. Das Haus steht
631 1028 3056 1138 rückwärts. Es ist einstöckig. Ueber der Haustür ein
624 1206 3163 1326 Balkon. Neben der Haus tür rechts und links je ein Fen-
634 1381 2988 1523 ster. Am Garten vorn zieht eine Strasse vorbei, die
631 1572 2952 1724 weiter links gegen eine Wiesen-und Waldlandschaft
618 1737 3030 1882 führt. Gartentür links. Später Sommernachmittag. Im
621 1892 3024 2044 Garten, nahe dem Gitter,rechts ein Tisch, um ihn: der
601 2086 3198 2247 Hausherr (Vater) und seine Gattin (Mutter),ihre Tochter
598 2264 3024 2399 Katharina, sowie Eduard, ein guterzogener und wohlge-
611 2448 1662 2555 kleideter junger Mann.
941 2626 3095 2752 Mutter schenkt eben den Kaffee ein. Alle trin-
595 2726 3185 2946 ken. Auf oder Strasse kommen Spaziergänger vorbei.Kleine
589 2959 2244 3091 Familien,Paare, einzelne Ausflügler.
585 3053 3098 3318 Der Vater: (weist auf den himmel) Was für ein schöner
1096 3240 1319 3350 Tag!
576 3282 2377 3580 Katharina: (sitzt still und verträumt)
563 3564 3127 3845 Eduard: (liebenswürdig gegen sie,erweist ihr Höflich
