3432 4072
2821 436 2945 595 27
556 674 2166 824 Ihre Begleiterin: (verspottet sie).
566 817 2951 951 Der Leutnant: (wird von den Damen aufgefördert, sich
1030 941 3024 1049 wahrsagen zu lassen.Er weigert sich zuerst,
1030 1037 3008 1132 dann gibt er nach. Der Wahrsager teilt ihm
1034 1116 3024 1231 schlimme Dinge mit. Der Leutnant beleidigt,
1053 1234 2678 1371 erhebt sich, geht mit den Damen ab).
1100 1374 2964 1501 (eine dicke, alte Frau, von draussen, teilt
566 1383 1046 1523 Kassierin:
1043 1479 3002 1600 dem Wahreager mit, dass jetzt niemand kommt
1040 1580 2134 1689 und bringt ihm Kaffee).
560 1727 3113 1854 Der Wahrsager: (atmet auf, nimmt seinen weissen Bart und
1043 1806 3174 1949 seine weissen langen Haare ab und beginnt sei
1040 1905 2134 2032 nen Kaffee zu trinken).
1062 2099 3085 2201 (von rückwärts schnell auf den Wahrsager zu,
569 2035 964 2204 Pierrot:
1046 2185 3094 2290 redet auf ihn ein: er will den Bart, die Haa-
1043 2255 2665 2414 re, den Talar haben) Hier ist Geld.
579 2442 2951 2550 Der Wahrsager: (erhebt sich, zieht seinen Talar aus)
1065 2576 3120 2697 (legt ihn an.Ebenso den weissen Bart und die
566 2611 964 2728 Pierrot:
1046 2665 3104 2798 weissen Haare. Er nimmt den Platz des Wahrea-
1049 2779 1533 2910 gers ein).
582 2922 2776 3078 Der Wahrsager: (verschwindet mit seinem Kaffee),
588 3132 2792 3282 Vater, Mutter, Katharina und Eduard: (treten sin).
1065 3291 3072 3425 (redet der Mutter zu, sich wahraagen zu las-
598 3288 906 3441 Vater:
1062 3409 1323 3565 sen).
595 3530 1870 3727 Mutter: (setzt sich hin).
