3512 4120
1023 594 3151 785 bei der Hand, setzt sich mit ihr an den Tisch)
569 737 3122 988 Katharina; (in den letzten Sekunden wie willenlos gewe-
1064 877 2957 1001 sen, lehnt sich wieder auf, doch ihr Blick
1045 956 2938 1102 wird bald mild, ja zärtlich, und sie lässt
1058 1051 2404 1261 sich auf den Sessel sinken).
1074 1172 3170 1366 (erneuert seine Liebesgeständnisse immer glü-
575 1204 981 1429 Pierrot:
1061 1337 1458 1515 hender).
594 1480 3141 1658 Katharina: (schliesst die Augen, lässt sich von Pierrot
1061 1601 3021 1718 Worten berauschen.Dann aber, zur Besinnung
1064 1677 2576 1868 kommend, erhebt sie sich wieder).
1099 1804 2309 1992 (will sie an sich ziehen).
594 1864 991 2026 Pierrot:
610 1988 2068 2230 Katharina: Lassen sie mich!...
1061 2198 2979 2373 Warum wehren sie sich? Sie sind ja nicht
610 2220 1016 2417 Pierrot:
1083 2338 2779 2439 ungerührt, ich seh' es,ich fühl' es.
613 2452 3024 2630 Katharina: (auf ihren Ring zeigend) Ich bin verlobt.
1083 2639 3186 2801 Das geniert mich gar nicht.- Fort mit diesem
613 2605 1010 2824 Pierrot:
1083 2779 1337 2932 Ring.
619 2878 3084 3116 Katharina: Was fällt Ihnen ein? Meine Eltern! (weist
1093 3043 1680 3176 zum Balkon).
1109 3164 3195 3322 (erklärt sich bereit, sofort zu den Eltern hi-
613 3230 1023 3351 Pier rot:
1102 3300 3154 3459 nauf zugehen und um Katharinens Hand anzuhal-
1109 3405 1356 3503 ten).
638 3542 3116 3726 Katharina: Was fällt Ihnen ein? Wer sind sie denn ei-
