3528 4136
580 568 3054 758 Pierrot: ( kommt vorbei, nun von links, grüsst höflich)
593 764 2432 964 Katharina: (kümmert sich nicht um ihn).
580 926 2583 1193 Pierrot: (bleibt stehen, grüsst nochmale).
600 1151 2516 1377 Katharina : (lacht, dann liest eie weiter).
580 1348 2383 1532 Pierrot: (bleibt beim Gitter stehen).
600 1467 3070 1677 Katharina:(spielt die Entrüstete, steht auf, will sich
1077 1635 1612 1793 entfernen).
597 1754 997 1935 Pierrot :
1084 1764 2316 1970 (fleht sie an, zu bleiben).
597 1922 2915 2122 Katharina: (mit verachtendem Blick) Was wollen Sie
1090 2070 1603 2254 eigentlich?
1074 2183 3151 2357 Ich bin entzückt von Ihnen, erlauben Sie, dass
593 2216 1000 2386 Pierrot :
1090 2332 2912 2538 ich mich zu Ihnen in den Garten begebe!
597 2493 1093 2699 Katharina:
1126 2477 1800 2706 Sie sind toll!
1087 2657 3183 2793 Wenn ich nicht zu Ihnen hinein darf, Fräulein,
600 2683 990 2886 Pierrot:
1077 2790 3109 2886 kommen Sie doch heraus. Sehen sie, wie herr-
1077 2870 3170 2993 lich der Abend ist, Machen wir einen Spazier-
1074 2961 1990 3115 gang zur Wiese hin!
600 3109 1090 3286 Katharina:
1158 3090 3154 3267 (entfernt sich in der Richtung des Hauses).
597 3244 3022 3448 Pierrot: (überlegt einen Augenblick, dann begibt er
1090 3406 2022 3564 sich in den Garten).
600 3496 3190 3776 Katharina: (schon am Eingang des Hauses, wendet sich um,
