3480 4200
2853 451 2943 573 30
1075 662 3100 825 trifft jedesmal, sie erhält Komplimente von
1081 752 3100 905 allen Seiten, wird heiterer.Beim dritten Mal
1072 828 3173 1004 zielt sie auf den Trommler. Sie trifft wieder:
1094 944 2984 1084 er beginnt zu trommeln, aber statt seines
1088 1017 3109 1161 Gesichte ist plötzlich das Gesicht Pierrote
1094 1155 1667 1315 ereschienen).
1158 1286 1804 1487 (schreit auf).
624 1311 1104 1519 Katharina:
1123 1414 3196 1612 (kommt erst in diesem Augenblick wütend ange-
614 1497 992 1676 Eduard:
1104 1580 3055 1715 hinkt und sieht eben, wie Katharina, gleich
1110 1660 2620 1842 einer Wahneinnigen davonstürzt).
633 1788 2991 2009 Die Anderen (verstehen es nicht, sind fassungslos).
1120 1980 1983 2198 Grosse Verwirrung.
675 2153 2389 2351 Vater, Mutter, Eduard: (Katharina nach).
1545 2313 2134 2540 Verwandlung.
1414 2706 2086 2850 Sechates Bild,
1782 2805 2086 2930 ======== ̃
688 2904 3026 3103 Praterauen an der Donau.Mondschein. Zuerst stille.
691 3042 3244 3202 szene leer. Endlich stürzt Katharina herbei. Ganz wirr,
694 3132 3176 3279 wie wahneinnig. Sie eilt hin und her, weiss sich nicht
694 3244 3173 3368 mehr aus. Sie bildet sich ein, dass sie den Pierrot um-
717 3333 3154 3493 gebracht hat. Dann besinnt sie sich, dass das ja nicht
720 3416 3119 3570 möglich sei. Sie ruft eich die Erlebnisse des heuti-
710 3525 3279 3653 gen Abende zurück. Der Pierrot in der X omödie, der Hut-
733 3605 3020 3787 schenschleuderer, der Photograph, der Wahrsager, der
