3512 4120
563 601 3026 796 Eduard: (erhebt sich, nimmt etwas beleidigt Abschied).
573 784 2108 937 Katharina: (reicht ihm die Hand)
1072 972 2655 1161 (küsst die Hand,zögert forzugehen)
569 966 937 1142 Eduard.
579 1116 3154 1302 Katharina: (sieht ihn erstaunt àhochmütig an) Sie haben
1056 1289 2114 1388 mir doch Adieu gesagt?
1075 1436 3106 1571 (mit zuckenden Mundwinkeln, entfernteich. An
592 1430 944 1638 Edward:
1078 1548 3087 1647 der Gartentür bleibt er noch einmal stehen,
1075 1635 3170 1743 deutet durch eine Handbewegung nach dem Hauss
1065 1708 3116 1865 hin an, dass Katharina ihn den Eltern empfeh-
1068 1814 1564 1977 len möge).
1136 1945 1487 2127 (nickt)
595 1967 1081 2127 Katharina:
595 2134 963 2278 Eduard:
1091 2156 1315 2287 (ab)
1120 2230 3109 2418 (allein, atmet auf. Sie setzt sich in einen
601 2297 1081 2482 Katharina:
1068 2389 3000 2553 Schaukeletuhl, nimmt ein Buch und liest).
1072 2578 2041 2706 Wieder Leute vorbei.
1129 2687 3167 2895 (sieht ihnen nach, inabesondere einem jungen
595 2661 1091 2869 Katharina:
1068 2809 2812 3007 Paar, das sich sehr verliebt gebärdet)
601 2975 3080 3122 Katharina: (seufzt und liest weiter. Sie beginnt sich
1075 3077 3116 3208 für die Lektüre zu interessieren.Ihre Augen
1078 3160 3119 3272 leuchten.Sie nickt): Ah, welch ein Buch! Von
1088 3266 3141 3378 Liebesgeständnissen, von Umarmungen,von Mord-
1094 3381 3176 3490 taten steht hier zu lesen! (Sie vertieft sich
1084 3435 2185 3615 wieder in die Lektüre).
