3416 4072
507 526 3009 733 Pierrot: ( kommt vorbei, nun von links, grüsst höflich).
510 723 2363 907 Katharina: (kümmert sich nicht um ihn).
520 885 2502 1127 Pierrot: (bleibt stehen, grüsst nochmals).
530 1088 2464 1330 Katharina : (lacht, dann liest sie weiter).
517 1288 2328 1482 Pierrot: (bleibt beim Gitter stehen).
520 1459 3003 1618 Katharina: (spielt die Entrüstete, steht auf, will sich
998 1579 1534 1753 entfernen).
520 1695 943 1863 Pierrot :
1001 1727 2228 1911 (fleht sie an, zu bleiben).
526 1866 2835 2083 Katharina: (mit verachtendem Blick) Was wollen Sie
998 2008 1534 2176 eigentlich?
526 2147 930 2309 Pierrot:
994 2163 3077 2341 Ich bin entzückt von Ihnen, erlauben sie, dass
1001 2283 2841 2441 ich mich zu Ihnen in den Garten begebe!
520 2393 1004 2615 Katharina
1046 2422 1721 2615 sie sind toll!
533 2609 927 2809 Pierrot:
1001 2606 3103 2744 Wenn ich nicht zu Ihnen hinein darf, Fräulein,
1001 2722 3016 2803 kommen sie doch heraus. Sehen sie, wie herr-
998 2799 3093 2925 lich der Abend ist. Machen wir einen Spazier-
998 2890 1902 3064 gang zur Wiess hin!
530 3045 1014 3180 Katharina:
1072 3019 3061 3187 (entfernt sich in der Richtung des Hauses).
517 3167 933 3368 Pierrot:
1011 3161 2948 3400 (überlegt einen Augenblick, dann begibt er
1004 3335 1953 3490 sich in den Garten).
523 3448 3113 3652 Katharina: (schon am Eingang des Hauses,wendet sich um,
