3432 4088
2789 518 2918 681 35
508 678 1619 835 Die Eltern: (erstaunt).
515 853 2090 1029 Eduard: (kann es nicht fassen).
518 1017 3034 1202 Katharina: Glauben gie es nur,ee iet wieder alles gut,
991 1126 1898 1305 ich bin Ihre Braut.
574 1305 919 1424 Mutter:
1032 1286 2554 1481 So reichen Sie ihr doch den Arm.
518 1456 872 1600 Eduard:
1017 1453 2874 1600 (tut es, vorläufig ohne innere Beruhigung
1004 1584 2899 1726 und beide Gesellschaften wenden sich zu -
988 1657 1848 1810 gleich zum Gehen).
991 1829 3094 1939 Die Gesellschaft Pierrote nach rechts, die Ka-
998 1920 1992 2083 tharinene nach links.
995 2068 2952 2196 Nach ein paar Schritten,wie unwillkürlich,
1001 2168 3012 2294 sehen sowohl Katharina als Pierrot sich um.
998 2281 3028 2388 Ihre Blicke begegnen sich auf eine Sekunden
998 2356 2930 2469 zuerst noch voll Erinnarn, in Zärtlichkeit
1004 2457 2971 2576 und Erbitterung - dann fremd, zu ewigem Ab
1007 2529 1337 2648 achied.
998 2692 2924 2827 Sie wenden sich von einander ab und beide
1001 2805 3094 2893 Gesellschaften setzen ihren Weg fort. Die Mu-
1007 2902 3122 3003 sik aus dem Prater ertönt lebhafter. Ehe noch
1004 2984 2899 3097 alle Personen von der Bühne verschwunden
1004 3072 2090 3235 sind, fällt der Vorhang.
