3416 4056
2886 381 3026 619 11
535 562 2177 816 Katharina: (erblickt ihn plötzlich).
1003 826 1739 953 sie erschrickt.
1010 976 2936 1120 (macht ihr ein Zeichen zu schweigen, kommt
538 960 940 1140 Pierrot:
1006 1097 2652 1234 ganz nahe, nimt Katharinene Hände).
542 1230 3233 1408 ratharina: (bittet ihn wieder zu gehen, schon ganz schwach).
535 1411 2959 1565 Pierrot: (schwingt sich über die Fensterbrüstung, man
1020 1518 3023 1658 sieht ihn noch Katharinen zu Füssen sinken.
1016 1612 2167 1799 Dann fällt der Vorhang.)
1434 1926 2026 2076 Erstes Bild.
1465 2056 2113 2167 näyttäjärjä
562 2220 2973 2351 Kleines Praterwirtshaus mit Garten. Abend. Laternen
562 2381 3050 2528 brennen. Rechts Pêdium, auf dem eben ein Akrobat seine
565 2561 3060 2712 Kunetstücke zeigt.Klavierspieler begleitet ihn.An der
572 2735 3076 2886 Tischen Publikum, iest und trinkt. Applaus. Akrobat ver-
575 2919 1391 3086 lässt das Podium.
572 3013 3106 3240 Der Wirt, der Direktor, des Direktors Tochter Anna: (sto-
1033 3200 2458 3384 hen vom,alle sehr aufgeregt).
1033 3310 1535 3538 Wo ist er?
582 3364 853 3511 Wirt:
575 3481 1816 3722 Direktor: Ich weise nicht.
