3432 4072
2877 483 3022 647 31
634 618 3120 801 Tromnler, immer war er's! Aber er kann doch nicht über
634 779 3079 871 all gewesen sein?...Ich bin verrückt! Ich kann nicht
634 871 3171 1057 weiter leben... Sie eilt gegen das Ufer zu,wie um sich
634 946 1820 1104 ge ins Wasser zu stürzen.
634 1073 3092 1306 Pierrot: (kommt in demselben Augenblick, im Sommeran-
1088 1230 2231 1401 zug, hält Katharina auf).
631 1379 3016 1590 Katharina: (erkennt, ist entsetzt und will fliehen).
634 1581 2653 1764 Pierrot: (hält sie fest) Was hast du denn?
1448 1666 1697 1786 du'e?
640 1707 2287 1943 Katharina: Bint undia Wirklich du?
634 1874 1600 2095 Pierrot: Natürlich.
640 2073 2145 2268 Katharina: Wie kommet du hieher?
640 2265 3057 2442 Pierrot: Ich gehe hier spazieren im Mondschein und
1126 2363 1660 2502 denke dein.
1158 2489 2562 2685 Warst du nicht dort, fort, dort?
640 2464 1120 2675 Katharina:
637 2647 1035 2865 Pierrot:
1174 2672 3101 2871 (tut, als wenn er sie gar nicht verstünde)
634 2817 1123 3013 Katharina
1158 2852 3114 3019 Ich habe dich doch gesehen mit meinen eigen
1117 2975 3054 3082 nen Augen. Als Pierrot in der Komödie, als
1117 3070 3149 3164 Hutsch###nechleuerer, als Photograph, al s Wahr¬
1123 3158 3076 3332 sager; als Trommler - ich hab'dich ja er-
1126 3231 1555 3373 schossen?
650 3351 1044 3543 Pierrot:
1167 3325 3130 3515 Du träumet. (er spielt den Nachdenklichen.
1129 3477 3019 3625 Ah, ich beginne zu verstehen. Du hast mich
