3432 4072
1030 540 1417 727 keiten).
518 662 2222 886 Katharina: (nimmt sie kühl entgegen)
980 855 2971 1058 Nach einer Weile erscheint Pierrot,
524 1024 3040 1236 in einem eleganaten sommeranzug. Er kommt von rechts
552 1239 3006 1408 die Strasse einher, als harmlos vergnügeer Spaziergän-
549 1417 2931 1617 ger. Er erblickt Katharina, scheint sofort sehr ent-
549 1573 3043 1795 zückt, bleibt stehen, blickt Katharina nochmals an. Sie
559 1807 3018 1932 kümmert sich nicht um hhn.Endlich wirft er ihr einen
556 2010 964 2144 Kuss zu.
571 2057 2366 2275 Katharina (wendet sich entrüstet ab.)
584 2272 2135 2456 (Die Andern haben nicht bemerkt).
577 2453 2931 2631 Pierrot: (geht seinen Weg weiter nach links, wendet
1061 2637 3143 2818 sich,ehe er verschwindet, noch einmal nach Ka-
1064 2853 1632 3056 tharina um).
596 2987 3081 3159 Vater: (erhebt sich von dem Tisch, die Zigarre im Mund,
1061 3137 3221 3387 und spaziert wohlgelaunt im Garten auf und ab)
612 3387 1938 3549 (Die Andern bleiben sitzen).
