3528 4168
1439 662 2066 822 Drittes Bild.
1542 800 1657 896 g-
1398 912 2882 1129 Inneres einer Photographenbude.
563 1091 3128 1238 Der Photograph: (eben damit beschäftigt, ein Paar zu pho-
1065 1193 3103 1343 tographieren. Auf einem gessel sitzt eine Kö-
1100 1280 3087 1407 chin, neben ihr, die Hand auf ihrer Schulter,
1056 1375 3160 1519 steht xxx Korporal.Der Apparat steht ganz nah,
1059 1465 2482 1683 am hinteren Eingang der Bude).
576 1641 2335 1842 Der Photograph: (arrangiert die Pose).
1059 1772 2994 1961 Die Beiden benehmen sich sehr ungeschickt
1046 1942 1459 2079 komisch.
598 2028 3093 2255 Der Photograph (hinter dem Apparat, nimmt das Bild auf
1081 2185 2495 2306 und geht in die Dunkelkammer).
595 2300 3112 2553 Korporal und Köchin: (bleiben regungelos in ihrer Posi-
1075 2482 1375 2613 tion".
598 2626 3125 2770 Zwei junge Leute: (Künetler,mit langen Haaren und flie-
1081 2745 2575 2911 genden Kravatten kommen herein).
611 2831 2533 3100 Korporal und Köchin: (bleiben regungelos).
608 3026 2559 3250 Die Künstler: (pflanzen sich vor sie auf).
617 3189 2553 3432 Korporal und Köchin; (bleiben regungelos).
630 3371 3119 3573 Der eine Künetler: (kitzelt die Köchin mit einer Feder
1088 3538 1855 3695 in der Nase).
621 3627 2028 3893 Köchin: (bleibt regungelos).
