3416 4072
981 522 3092 747 bei der Hand, setzt sich mit ihr an den Tisch)
513 722 3045 915 Katharina; (in den letzten Sekunden wie willenlos gewe-
1010 880 2890 962 sen, lehnt sich wieder auf, doch ihr Blick
1003 943 2877 1082 wird bald mild, ja zärtlich, und sie lässt
1003 1035 2314 1212 sich auf den gessel sinken).
1013 1209 3076 1345 (erneuert seine Liebeageständnisse immer glü-
532 1174 912 1396 Pierrot:
991 1294 1393 1459 hender).
522 1424 3067 1564 Katharina: (schliesst die Augen, lässt sich von Pierrot
1000 1570 2950 1684 Worten berauschen.Dann aber, zur Besinnung
997 1643 2507 1801 kommend, erhebt sie sich wieder).
529 1810 937 1975 Pierrot:
1019 1814 2234 1965 (will sie an sich ziehen).
544 1972 2013 2190 Katharina! Lassen sie mich!...
1000 2190 2899 2288 Warum wehren sie sich? Sie sind ja nicht
538 2181 946 2345 Pierrot:
1013 2291 2687 2440 ungerührt, ich seh' es,ich fühl' es
541 2431 2937 2646 Katharina: (auf ihren Ring zeigend) Ich bin verlobt.
535 2640 934 2763 Pierrot:
1019 2621 3092 2757 Das geniert mich gar nicht.- Fort mit diesem
1016 2728 1260 2874 Boa. Ring.
544 2858 2994 3070 Katharina: Was fällt Ihnen ein? Meine Eltern! (weist
1006 2985 1592 3111 zum Balkon).
1022 3152 3102 3269 (erklärt sich bereit, sofort zu den Eltern hi-
544 3152 931 3273 Pierrot:
1016 3254 3057 3361 nauf zugehen und um Katharinens Hand anzuhal-
1016 3342 1253 3466 ten).
538 3494 3013 3643 Katharina: Was fällt Ihnen ein? Wer sind sie denn ei-
