3512 4152
1066 628 2309 875 Klavierepieler begleitet).
2612 750 2728 950 P.S.
616 828 2534 1088 Katharina: (immer erregter, erhebt sich).
1109 991 3159 1244 (beruhigt sie, ohne den Grund ihrer Aufregung
625 1078 969 1269 Eduard:
1097 1153 1578 1322 zu ahnen).
641 1281 3153 1500 Die Eltern: (zu Eduard) Sie ist nun einmal so. Ein jun-
1106 1400 2850 1594 gee Mädel. Das wird sich schon geben.
1128 1562 3091 1709 (wirft sich in einem Anfall von gespielter
634 1597 1044 1784 Pierrot:
1116 1684 1991 1888 Raserei zu Boden).
1175 1797 3150 2038 (eilt jetzt ganz nach vorn, bis zum Podium)
656 1872 1128 2059 Katharina:
1125 2009 3088 2181 Wie Pierrot den Kopf erhebt, muss er Katha-
1131 2097 3100 2231 rinen gerade ins Auge sehen.Er erkennt sie
1144 2206 3100 2381 verbirgt es aber sofort wieder, dass er sie
1144 2319 1722 2506 erkannt hat.
659 2466 1894 2678 Katharina? (starrt ihn an).
1156 2625 3203 2797 (hat sich erhoben, sieht sie wie erstaunt an,
666 2669 1072 2881 Pierrot :
1166 2725 3122 2869 spielt dann gleich seine Szene weiter.Geht
1153 2819 3225 2950 auf dem Podium als ein Verzweifelter hin und
1150 2928 3231 3066 her. Manchmal mit einem Seitenblick auf Katha-
1147 3041 1450 3219 rina).
1216 3162 3266 3388 (wird von Eduard an den Tisch zurückgeholt).
681 3197 1169 3409 Katharina:
1194 3344 2088 3581 Alle reden ihr zu,
750 3509 3153 3728 Die Mutter: Offenbar regt sie das spiel so auf. Ich
