3416 4072
1001 564 3046 753 erblickt Pierrot, ist erstaunt, macht eine ab-
1001 716 2380 886 wehrende Gebärd, will rufen).
1026 871 2993 1097 (rasch zu ihr hin) um Himmels willen rufen
536 889 936 1029 Pierrot:
1013 982 1484 1174 sie nicht.
1072 1122 2928 1360 (gebietet ihm, sich sofort zu entfernen).
533 1156 1019 1339 Katharina:
1038 1314 3003 1484 (plötzlich zu ihren Füssen, nimmt ihre Hand
533 1332 939 1472 Pierrot:
1023 1429 1723 1608 und küsst sie).
539 1590 1931 1791 Katharina: (wird verwirrter).
1019 1760 3133 1896 In diesem koment erscheint über ihnen auf dem
1019 1884 2990 2020 Balkon die Mutter und ruft nach Katharina.
548 2033 2910 2178 Katharina: (erschreckt, macht pierrot ein Zeichen, er
1044 2138 2188 2321 solle sich nicht rühren).
555 2296 908 2439 Mutter:
1044 2274 2625 2498 (ruft noch einmal nach Katharina).
558 2460 2904 2587 Katharina(geht nach vorn,zeigt sich der Mutter).
1023 2656 3037 2798 Komm' bald ins Haus, es wird kühl. (sie ver-
548 2653 911 2817 Mutter:
1029 2761 2070 2919 schwindet ins Zimmer).
548 2922 3034 3049 Katharina; (wieder unter den Balkon zu Pierrot zurück,
1038 3021 2665 3148 bittet ihn,er solle endlich gehen).
1078 3151 3012 3331 Nein. (er b schwört sie, bei ihr im Garten
558 3161 958 3328 Pierrot:
1035 3272 2882 3378 bleiben zu dürfen.) Dort unter dem Baum
1038 3365 3117 3471 sieht uns niemand. Auch wird es immer dunkler.
1035 3461 3000 3641 (er geht mit ihr nach linke vorn, führt sie
