3512 4152
1038 598 2835 866 auf xxx die Bühne.,sehen einander an.
601 785 1733 1073 Publikum: (applaudiert).
1497 1012 2069 1202 Verwandlung.
773 1238 937 1396 G.C.F.P.
1468 1335 2159 1574 Zweitee Rild.
598 1487 3110 1687 Andere Partie des Wurstelpraters. Allerlei Buden im Um-
588 1649 3090 1771 kreis. Lärm, Musikkapellen, viel Menschen.Ein Hutschen-
601 1716 3197 1881 schleuderer eben damit beschäftigt, einige Stubenmädchen
604 1836 1852 1994 und Soldaten zu schaukeln.
1086 1946 3197 2159 Vater, Mutter, Katharina und E duard erscheinen.
601 2175 2961 2324 Katharina: (bald verstört, bald absichtlich lustig).
1109 2363 2311 2515 (in glücklicher Stimmung).
611 2311 976 2525 Eduard:
1086 2528 3161 2667 Wohin willet du gehen? Dort ins Ringelspiel,
627 2534 970 2767 Mutter:
1099 2605 3087 2744 oder in die Bude dort, vor der der Ausrufer
1099 2719 2457 2858 schreit? Oder in den Zirkum?
630 2858 1972 3094 Katharina:Nein, nirgends hin.
1109 3061 3242 3210 (macht auf die Hutsche aufmerkeam) Wie lustige
640 3100 931 3287 Vater:
1115 3139 2909 3313 so in der Luft hin und her zu fliegen!
656 3268 2466 3485 Eduard: (nobel, ist nicht sehr dafür).
724 3430 2867 3701 ater und Mutter: (reden beiden zu) Warum nicht?
643 3666 2677 3902 Hutschenschleuderer: (lädt sie höflich ein).
