3496 4200
641 638 3140 878 Trommler, immer war er's! Aber er kann doch nicht über
654 807 3083 970 all gewesen sein?...Ich bin verrückt! Ich kann nicht
641 903 3204 1162 weiter leben... Sie eilt gegen die Ufer zu, wie um sich
651 1021 1857 1194 am in Wasser zu stürzen.
654 1142 3124 1350 Pierrot: (kommt in demeelben Augenblick, im Sommeran-
1120 1289 2263 1487 zug, hält Katharina auf).
667 1401 3057 1659 Katharina: (erkennt, ist entsetzt und will fliehen).
1139 1608 2703 1841 (hält sie fest) Was hast du denn?
667 1634 1082 1841 Pierrot:
1487 1733 1736 1864 du' s?
670 1819 2330 2014 Katharina: Bist mit wirklich du?
667 1975 1653 2196 Pierrot: Natürlich.
677 2148 2202 2374 Katharina: Wie kommet du hieher?
686 2285 3108 2559 Pierrot: Ich gehe hier spazieren im Mondschein und
1171 2429 1711 2610 denke dein.
680 2550 2617 2760 Katharina: Warst du nicht dort,dort, dort?
1222 2738 3172 2907 (tut, als wenn er sie gar nicht verattinde).
693 2744 1098 2936 Pierrot:
702 2888 3207 3086 Katharina: Ich habe dich doch gesehen mit meinen eige-
1187 3054 3118 3153 nen Augen. Als Pierrot in der Komödie, als
1184 3127 3207 3281 Hutschenechleuderer, als Photograph, ale Wahr
1181 3217 3134 3421 sager; als Trommler - ich hab  dich ja er-
1184 3319 1631 3482 schossen?
1235 3415 3214 3600 Du träumet. (er spielt den Nachdenklichen.
718 3392 1111 3657 Pierrot:
1197 3577 3096 3715 Ah, ich beginne zu verstehen. Du hast mich
