3480 4200
2829 476 2953 684 29
1362 633 1988 764 Fünftes Bild.
1355 748 1985 917 ̃ ̃-
604 850 3084 1064 Andere Partie des Praters. Allerlei Buden,eine offens
614 972 3183 1141 Schiesenbude ganz vorn. Hinter dem Stande junge Mädchen,
617 1071 3017 1215 die die Gewehre laden, Gäste, die schiessen. Vorn der
620 1125 3120 1342 Watschenmann, an dem jemand eben seine Kraft probiert.
633 1285 2145 1544 Vater, Mutter, Katharina: (kommen).
630 1489 1752 1713 Katharina: (verstört).
1115 1672 2292 1876 (sucht sie zu beruhigen).
633 1726 1000 1899 Mutter:
636 1815 3100 2033 Katharina: (weist auf den Volosipedzirkus, in den sie
1125 1985 1755 2173 hine in will).
1131 2148 2455 2372 Was fällt dir ein mein Kind!
649 2180 1007 2375 Mutter:
1195 2298 3196 2528 (will in eine andere Bude, wird davon abge-
652 2340 1147 2535 Katharina:
1138 2432 1521 2570 halten)
1125 2541 2784 2758 Endlich kommen sie zur Schiessbude.
1144 2742 3040 2896 Nun will ich auch zeigen, was ich für ein
678 2739 984 2947 Vater:
1115 2854 3056 3004 trefflicher Schütze bin. (er nimmt einnGe-
1151 2941 3174 3094 wehr,zielt und trifft nichts. Das wiederholt
1167 3065 2848 3187 sich einige Male; er wird verlacht).
1176 3148 3167 3356 (redet seiner Tochter zu) Versuch's du ein-
700 3206 991 3401 Vater:
1157 3327 1387 3494 mal.
1173 3442 2304 3647 Man gibt ihr ein Gewehr.
783 3570 3257 3877 Catharina: (zielt auf den Adler, dann auf die Glaekugel,
