3512 4200
2763 497 2859 662 25
1129 581 2847 829 schwindet hinter dem schwarzen Tuch).
1102 832 3245 970 (kommt vom r체ckw채rtigen Eingang, schleicht sich
617 841 1006 1024 Pierrot:
1093 934 2937 1039 an den Photographen heran, fasst ihn und
1084 1024 3015 1141 schleudert ihn in die Dunkelkammer, die er
1048 1090 3102 1212 versperrt, bleibt eine Weile an seiner Stelle
1078 1209 3149 1314 hinter dem Apparat, kommt dann mit der Platte
1084 1281 2877 1455 hervor und tritt vor die anderen hin).
620 1419 2632 1584 Katharina: (sieht ihn an.Erstarrt geradezu).
1135 1641 3018 1778 als Photograph) Ich komme gleich wieder.
608 1632 1012 1766 Pierrot:
1114 1724 2374 1880 (geht in die Dunkelkammer).
1150 1862 3212 2024 (geht in der Bude hin und her,greift sich an
623 1910 1102 2078 Katharina:
1111 1997 3105 2108 den Kopf, zur Mutter) Haat du nicht bemerkt?
1096 2099 3161 2209 Der Pierrot und der Hutschenschleuderer und
1099 2179 2982 2347 dieser Photograph, war es nicht immer das
1084 2281 1862 2446 gleiche Gesicht?
626 2386 2164 2602 Die Mutter: (weise nichts davon).
1084 2623 2458 2763 (hat seine Pose beibehalten).
638 2605 940 2790 Vater:
632 2793 2581 2952 Katharina: (zur T체r der Dunkelkammer hin).
620 2916 3021 3125 Photograph: (kommt aus der Dunkelkammer heraus,reibt
1108 3069 2946 3176 sich die H채nde, hat eine Banknote in der
1084 3185 3090 3311 Hand, xxx die er eben von Pierrot bekommen
1087 3248 1347 3413 hat).
1111 3395 2907 3518 (zu Katharina) Da kommt er ja eben. Du
647 3377 982 3554 Mutter:
1120 3497 3009 3655 siehet doch, dass es ein ganz anderer ist.
632 3646 2548 3778 Photograph: (wieder in die Dunkelkammer).
