4106 3703
1527 936 2598 1115 Herbst auf die justreichen Fragen
1539 1071 2561 1210 Wie waren Sie.“ Doch etwas
1559 1165 2528 1295 antworten zu können. Wohin
1554 1259 2553 1379 wenn ich noch nicht und sicher
1543 1347 2468 1483 ist’s auch noch nicht. Mwe ist
1557 1439 2602 1591 schon seit 18 Tagen in Sulden.
1545 1541 2545 1691 haben Sie schon von einem Unter¬
1551 1642 2586 1754 Hans von Kahlenberg itwas gehört.
1559 1734 2516 1840 Man hat mir vor einigen Tagen
1557 1818 2593 1933 ein Buch „Ein 2 Wrr“ v. H. v. K. zuge¬
1566 1894 2567 2020 schickt. Wie der Einer, der Idenz
1561 2001 2555 2104 zu haben scheinst. Es ist entsehlich!
1657 2105 2199 2319 sey   ich
2112 2332 2476 2472 Gustar Kto
1526 2442 2394 2627 Litte, greißen Sie Bur-Hofmas
