4552 3688
1559 1114 2963 1277 Liebe Urthur, ich hätte ursprünglich die Absicht die in die Civilisation
1555 1231 2940 1336 zurückkehrenden kühnen Forscher in einem schwungvollen Fast¬
1581 1292 2946 1419 gedicht zu begrüßen, wie das so meine Art ist. Aber es schla¬
1592 1366 2949 1450 mir das Material, ich weiß nicht welche Orte Sie entdeckt, welche
1522 1406 2914 1504 Leistungen Sie vollbrecht haben. Keine Ansich & Worte hat den
1562 1468 2944 1557 Weg zu mir gefunden. Und sie waren doch bestimmt den stolzen
1517 1522 2925 1639 Anhang eines Albums zu bilden! Na, ich nehme an, daß alles
1578 1578 2967 1686 gut gegangen ist - die Herren auch – und daß die verschiedene
1585 1651 2928 1765 Dramen die besten Fortschritte gemachte halen. Wenn Sie
1595 1707 2928 1792 es übrigens so heiß gehabt haben wie wir in Wien, denn
1569 1774 2946 1869 muß es nicht immer ein ungetrübtes Vergnügen gewesen.
1587 1825 2897 1928 sein. - Ich war in die vorigen Woche 2 1/2 Tage in der
1580 1888 2851 1988 Brühl und hätte von dort beinahe einen Ausflug
1571 1953 2893 2109 auf den Juseren längel gemacht. Herrschst Herr Gerard
1611 2014 2268 2138 Gruß an Sichnd u. Herschaffermü¬
