4488 3624
1211 996 2244 1116 bringe, ihre Sünden abzulüben, und
1195 1081 2182 1204 einer solchen Gefahr will ich
1202 1178 2199 1314 mich doch nicht aussihen. Ich
1218 1258 2184 1393 Puis oder Max in der Wohnung
1123 1322 2188 1488 nicht ganz allein lassen, ich
1201 1437 2233 1567 halte dann wirklich keine ruhige
1177 1509 2202 1667 Stunde in Salzburg. Es ist also
1170 1603 2177 1736 nicht zu machen. Ich werde also
1167 1702 2154 1824 wahrscheinlich den ganzen August
1194 1769 2223 1906 in Wien bleiben, wie im vergnügen
1173 1844 2152 1994 Jahr. Wie sich das Wetter geht
1188 1941 2160 2061 an lisst, dürfte es ging gut
1183 2036 2174 2154 zu antragen sein? Sie schicken
1201 2120 2224 2237 nur von den verschiedenen Italiener
1197 2205 2133 2316 Ansichtskeiten und wenn Sie
1209 2284 2185 2386 im September nach Wien kommen,
1148 2365 2154 2485 werden Sie mir zu erzählen,
1164 2427 2139 2562 was ich verloren habe, wie lange
2316 1005 3358 1130 Sie bei den verschiedenen Trödlere
2330 1097 3418 1211 waren und wie oft die Gesellschaft
2335 1176 3425 1310 nicht – ganz er nig war. Grüsten
2328 1244 3369 1373 Sie übrigens alle Teilnehmer
2365 1328 3447 1437 besonder Baw Hofmann und Goldterei¬
2357 1412 3397 1518 Es sind übrigens noch immer heute
2342 1495 3421 1629 in Wien, bei der besten Vorstellung
2335 1571 3429 1713 der Jecessions-Beihen Brand war
2342 1692 3327 1790 es wieder sehr gut besucht und
2336 1741 3366 1884 man sich sogar Leute, denen es zur
2333 1822 3401 1966 freundlichen Gewohnheit geworden
2346 1924 3358 2068 ist. genannt zu werden. - Eben
2347 2034 3351 2157 komme ich am Westbahnhof. Ich habe
2358 2121 3322 2247 Emil. dem kühnen Prieser¬
2300 2191 3422 2344 Reisenden das Geleit gegeben; er
2288 2305 3372 2428 wäre unglücklich gewesen, wenn ich
2298 2396 2931 2533 des unterlaßen hätte.)
