4068 3749
1965 993 2895 1197 überm sehr tausend prekzig.
903 1050 1807 1222 eine Künstler natür wär¬
1951 1146 2974 1279 anzunehmen belieben, man
846 1143 1905 1314 so könnte ich auf meinen Spazier¬
1959 1230 2982 1374 trifft sogar noch Dichter, wenn
860 1252 1891 1401 gungen über Ring und Gürtel¬
1951 1331 3037 1467 man Glück hat; vor wenigen
852 1336 1861 1464 straße in dem sauerlichen Wien
1970 1393 3031 1557 Tagen habe ich im Verkauf eine
863 1415 1807 1554 die schönsten Entdeckungen
846 1489 1918 1619 machen; ich könnte die träumende
1973 1499 3059 1614 Viertelstände zwei gesehen:
2789 1589 2876 1652 P.S
849 1576 1897 1723 Großstadtseite betauschen, die sich
1965 1589 3056 1723 die Herren Eber- und Dormann
846 1665 1782 1815 über sich selbst leugt, um das
2057 1668 3051 1823 – In den ersten Tagen des
844 1750 1821 1880 Leben zu deuten und dem
2011 1772 3002 1921 August werde ich oder wahr¬
844 1834 1902 1981 ironisch lüchelnden Schicksel seine
1978 1861 3031 2011 scheinlich doch fortgehen, nicht
849 1902 3042 2106 letzten perversen Heimlichkeiten aus eigenem Antrieb, nicht
895 2011 1889 2169 abzulisten - nein, es geht
1995 2052 2963 2177 um mich zu erholen, mir
903 2093 1899 2248 wirklich nicht, ich kann nun
1984 2120 3083 2280 im der Schande zu entrinnen.
871 2196 1856 2327 einmal in dem Genre¬
2011 2215 3064 2357 den ganzen Somer hier gewesen
865 2270 1804 2427 nichts leisten. Es ist
2011 2310 3061 2463 zu sein, um ein etlibi nach¬
890 2367 1899 2512 auf noch gar nicht so leer
2014 2389 3002 2544 weisen zu können, um im
936 2460 1916 2612 hier, wie die abwesenden
