4457 3607
676 301 1087 448 pondenz-Karte.
760 530 1370 714 Arthur Schnitzler
785 776 1227 932 Wien
695 886 1356 1032 II. Frankgasse 1.
322 1267 1375 1407 Vorspütung eingelangt. – Was ist's mit
329 1330 1391 1437 Lichtenberg? Sollte ich unbewußt die Höhe der
332 1373 1451 1496 Moderne erklaüen und ein Plagirt begangen
351 1432 1450 1561 haben: Ich werde ja sehen, wenn Sie mir freundlichst
361 1488 1381 1586 die Stelle zeigen werden, denn das Buch auch
342 1555 1386 1667 noch kaufen, um mich davon zu überzeugen.
360 1609 1351 1695 nen. - Ihr Rielwerd K. H. bei Ihnen.
406 1653 1401 1769 Grüßen Sie ihn herzlich von mir, denso
364 1723 1429 1825 Dr Goldmann. - Ihr Recitetir, Marzle
389 1783 1397 1888 Salzer hat wieder für Thun Näher gefragt,
336 1822 1447 1928 für zweimal etwas von Ihnen gelesen (Danksteine)
347 1870 1460 1971 einmal bei stürtl im Prater, einmal in Boden
342 1925 1459 2033 Ihre Genossen waren H. Sonnthet. Anton Lindner u.
428 1985 1376 2074 Craroni – auch als Junger angekündigt.
313 2022 1448 2136 Ein neuer großer Dichter ist in den Zschten 14 Tagen nicht
317 2069 1485 2182 antdeckt worden. Die Zeit schläft den Sonnerschlaf. Herzlichst Ihr
1047 2112 1322 2207 Gudas Schop
322 2273 1488 2468 ich noch immer in Wien. Bei Mess ist zwar
363 2394 1493 2546 eine Freikarte für mich vorgemerkt, aber ich habe
350 2459 1535 2603 sie nicht nicht abgeholt, wurde es auch wahrscheinlich
357 2541 1423 2664 nicht. Ich habe so alle List verloren und
386 2603 1488 2735 beruhige mich mit dem Bewußtsein
400 2679 1471 2841 daß ich bis Villach fahren könnte, wenn
391 2746 1465 2881 ich wollte. Das ist auch etwas. Von
401 2819 1521 2951 S.R. Golm hin ich nichts gewesen. Übrigens hat der
401 2895 1453 3008 Wenn mit seinem Benehmen Recht, wie er
429 2953 1456 3084 dadurch Exemplare absetzt. Wenn er sich Themen
431 3006 1510 3156 lonsin sympathisch gemache hätte, wäre ihm das
409 3065 1581 3201 vielleicht nie gelungen. Ärger zu erregen, scheint also
400 3115 1497 3251 ein gutes Mittel zu sein. Das kann man sich ja merken.
1086 3154 1562 3291 Herzog. Ihr Gartenkret.
375 3221 811 3339 Grüße an Bar. Hofmann
2584 267 2885 388 25.X1 94
1990 448 2484 581 Tiefer Freund!
1966 559 2928 701 lerlichen Dank für ihr Buch.
1943 649 2881 795 Es ist eine schöne wertvolle
1935 751 2999 881 Arbeit, die in ihrer vornehmen,
1969 823 2935 971 acht künftte ischen Einfachheit
1981 934 2943 1069 ergreifend wir 11t. Ich finde
2131 1487 2611 1627 Jahrrespondenz-Karte
3422 1702 4145 1904 Gustav Schwarzkopf
1807 1740 2904 1882 Herrn Dr Arthur Silmitzler
1769 1844 1903 1963 le
2441 1882 2574 1971 le reste de ses
2434 2022 3000 2121 in
2305 2002 2406 2127 The
2215 2094 2999 2207 IX Frankgasse 1.
