4068 3749
1004 1268 1917 1406 es hier? Sie können sich leicht
985 1371 1901 1485 denken, daß meine Sommer¬
1019 1461 1948 1583 Existenz geht nicht besonders an¬
1024 1526 1896 1669 regend ist. Das Ein zige.
1031 1621 1988 1751 was meinem Leben in den
1038 1717 1997 1841 letzten Weihen einen Inhalt gab:
1049 1804 2000 1939 die neue Köhne, bringt mir auch
1073 1900 1909 2034 Seine Überraschungen mehr.
1111 2001 1931 2141 Von Paris hat ich gestern
1039 2122 1955 2234 Nachricht bekommen; er ist mit
1042 2196 1931 2320 seinen Eltern schon wieder
995 2268 1882 2406 in der Fusch, sie haben es in
999 2369 2001 2489 Goselnsar nur zwei Tage aus¬
1003 2461 1944 2603 gehalten. Reidolf befindet sich
1049 2583 1946 2695 leidlich, er klagt zwar immer
2089 1220 3134 1355 und ist in beständiger Angst, aber
2099 1308 3150 1428 wir sind zu schon zu frieden, wenn
2102 1397 3191 1534 seine Angst sich als gründlos erweist
2130 1501 3099 1615 die nächste Woche muß er zum
2129 1573 3175 1710 großen Teil in Wien zubringen.
2137 1649 3182 1783 rin seine Arbeit zu machen. Wenn
2129 1728 3188 1885 es mir schon glücklich vorüber wäre!
2195 1840 3121 1973 Meine Brüder denken herzlich
2098 1915 3184 2069 für Ihre Geiste und erwidern dieselben
2121 2024 3152 2165 bestens: den Gruß an Herrn Wachtel
2099 2100 3168 2249 werde ich bestellen, die geforderte Kühle
2129 2195 3149 2333 werde ich leicht aufbringen. Wo aber
2118 2298 3115 2421 soll ich die frivile Würme für den
2131 2378 3083 2507 Gruß an die Tini hernehmen?
2188 2474 3177 2606 Da werde ich viel vorher einige
2150 2551 3195 2684 Sienen nur Anatole lesen müssen,
