4568 3688
2396 1148 2638 1254 31.8.99
1694 1289 2775 1379 Liebe Arthur, ich will Ihnen mit anzeigen
1705 1326 2774 1461 daß ich noch lebe und Ihnen für Thien lieben
1704 1396 2771 1533 Brief denken. Ich hatte die redliche Absicht ihnen
1724 1493 2776 1611 auch sechs Seiten zu schreiben, die notwendige
1723 1555 2749 1670 Zeit hätte ich schon dazu erübrigt, aber es
1723 1610 2779 1727 fehlt mir wirklich an Material. Nichts
1737 1694 2774 1793 das eine Mitteilung fordert, nichts, das auch
1740 1744 2729 1841 und eine Betrachtung verdien. In den
1771 1819 2743 1918 letzten vier Wochen hat ich mich nicht
1732 1866 2799 1971 einmal mehr geriogent, nicht einmal über¬
1747 1923 2788 2063 die geschränkliche Unter der 11.ß in der Doepfes-Sache.
