4504 3657
3142 1570 4261 1666 erkündigt sich noch immer, ob man nicht bald
3152 1634 4261 1741 nach Hause gehen wird. Weiss ist Stadfahrer
3145 1689 4219 1808 geworden und beteiligt sich selbstverstrindlich
3174 1750 4174 1860 sehr lekhaft an den interessanten debetten über
3152 1811 4290 1912 Reider, Geschwindigkeit, Aufsteigen, Abspringen u. s.
2892 1843 2986 1941 G.C.
3177 1878 4280 1960 Und ist kann nicht mit reden. Meine Iſolirt.
3177 1949 4172 2051 heit gelangt mir immer mehr zum
3177 2009 3519 2101 Bewußtsein
3174 2051 4226 2141 Mein werden Sie hoffentlich nicht mehr bezweifeln,
3141 2112 4178 2214 daß ich edel bin. Sie schreiben mir 9 Zeilen
3154 2175 4184 2267 und meine Antwort wird die schwindelnde
3187 2212 4258 2324 Höhe von 27 Zeilen erreichen. Es bleibt mir auch
3187 2269 4278 2370 nur mehr eine Zeilen für eine Grise von D. Goldwein und
3131 2312 4296 2434 für die Versicherung, daß es mich sehr freien wird Sie wieder
3986 2375 4084 2431 fr. 7
3142 2385 3993 2495 in die Frankgasse begleiten zu können. Herzte¬
3986 2383 4255 2492 desusbar Schutz
3193 2631 4193 2766 danke ich noch Thema für Thre¬
3199 2718 4165 2870 freundliche Einledrich zum
3208 2790 4242 2938 Nacht mahl, die ich je mich nicht
3209 2867 4216 3024 annehmen kann und grüßte
3252 2964 3757 3126 Sie herzlichst.
3825 3203 4120 3312 Gustav
