4568 3704
2665 471 2748 531 « ;
2436 747 2674 853 7.8.99
1789 946 2837 1120 hinter Arthur, die beiden Ansichtskeiten
1769 1037 2826 1167 aus Prestazzo und Martino fde, ich Jannotag
1783 1107 2821 1241 gespek. Sonntag, also erst nach Absendung
1792 1179 2797 1320 meiner Karte erhalten. Warum
1795 1237 2782 1377 sind Sie nicht länger in Martiner
1797 1314 2881 1470 geblüben? Hat es Ihnen nicht zugesezte.
1858 1404 2842 1516 Aus der Tussache, daß Sie einen
1781 1474 2805 1628 Brief von mir bekommen – um
1819 1548 2861 1664 meine Ankunft anzuzeigen, hätte
1817 1622 2794 1788 je eine Karte gemügt,  werden
1844 1693 2849 1862 Sie schon erraten haben, daß ich nicht
1854 1784 2779 1922 die Absicht habe nach Ischl zu
1846 1867 2885 2008 kommen. Meine Trägheit, die Unlust
1859 1977 2847 2095 „Was zu beginnen oder gar eine
1860 2040 2847 2165 Veränderung mit mir selbst
1874 2146 2898 2263 vorgunehmen, ist so groß geworden,
1883 2214 2890 2366 dest ich die notwendige Energie
