4472 3608
1444 402 1645 519 1 1-18 1
2415 887 2737 1002 4. VII or
1808 1118 2876 1254 Lider Urthür, es wird sich leider:
1810 1223 2758 1342 nicht erwehren lassen. Von der
1813 1286 2864 1411 großen Fußtren mit Bahn und
1808 1373 2822 1476 Prst hätte ja für mich nie die
1817 1448 2842 1552 Rede sein können, aber einige
1832 1522 2832 1651 Tage Salzburg wäre zu zu leisten
1818 1621 2828 1715 gewesen. Nun teilt oder meine
1837 1687 2897 1816 Köchin, wie ich Ihnen schon mit¬
1837 1781 2841 1898 geteilt, eine stilgerfahrt an.
1846 1872 2825 1969 und zwar von 12. wie es jetzt
1844 1945 2850 2067 Erst gesetzt ist V kolnub hat ich ihr
1841 2047 2812 2169 schon früher bewilligt, ich kann ihn
1837 2129 2854 2248 geht nicht auf zurücknehmen
1849 2210 2913 2335 ohne mich mit ihn zu verseinden
1861 2300 2876 2423 sie wäre fähig die meistersten
1856 2388 2882 2505 Kinsequerigen zu zu seihen. Wenn
1896 2460 2834 2600 ich sie um die Möglichkeit
1763 2601 2489 2717 Sind kint am 17. zurück.
