4552 3688
1664 883 2723 1026 gar nicht fortzugehen, wenigstens nicht für
1671 969 2747 1072 längere Zeit, auf die Gesehr hin mich um
1675 1021 2726 1140 allem Credit zu bringen und im nächsten
1680 1097 2723 1215 Herbst, wenn das Gespräch mit den Leiden¬
1671 1151 2736 1276 und Freunden des Sommers bestritten wird,
1691 1215 2715 1341 ganz gesellschaft unfähig zu werden. Es
1698 1292 2727 1418 fehlt mir die Lust und Energie mich
1704 1341 2759 1470 der Einförmigkeit, an die ich mich bereit
1694 1427 2758 1548 gewöhnt habe, zu entreißen, die ich dann
1704 1481 2782 1612 nach einer kurzen Unterbrechung wieder
1718 1554 2743 1674 stärker empfinden würde, an die ich mich
1710 1609 2731 1723 neu gewöhnen mußte. Vielleicht kam
1718 1678 2762 1820 ich aber doch auf zwei - drei Tage nach dorlie;
1731 1743 2742 1901 für diese Auszeichnung wurde sich das
1758 1817 2755 1944 Ischl dann nur bei Ihnen zu bedenken,
2878 1806 2973 1903 P.
1718 1889 2712 2035 haben. Konstatiren will ich auch
1734 1948 2768 2116 noch, daß dies der längste Taus ist
1726 2048 2705 2190 den ich seit Jahren geschrieben.
1727 2132 2768 2271 habe. Nun wünsche ich Ihnen und
1739 2192 2791 2354 Ihrem Reise geführten, denen ich mein
1763 2281 2728 2432 ergedachten Grüße zu melden bitte,
1790 2362 2810 2527 schönes Wetter und viel Vergnügen.
1857 2482 2191 2620 herzlich ist
2415 2504 2661 2632 Justen.
