4568 3704
1210 1146 2133 1279 nicht aufbringen kann.
1224 1228 2240 1346 das Nüng2 unwahrscheinlich, wie
1214 1305 2283 1435 eine Ausrede, aber es ist wirklich
1228 1405 2263 1522 so, glaub mir. Selbstverständlich
1242 1478 2171 1616 Nun man sich von dieser Apathie
1217 1555 2237 1673 durch einen Rück befreien und
1236 1648 2230 1789 das würde ich wol auch nur, denn
1267 1749 2179 1878 ich nicht wüßte, daß sie in
1231 1857 2181 1975 vier Wochen zu doch wieder in
1218 1926 2248 2047 Wien sein werden. Inst würden
1235 2020 2272 2161 Sie übrigens einen schlechten Gesell¬
1276 2096 2262 2234 schaften an mir haben, - Sie wissen
1242 2189 2211 2344 zu schon, was die bei mein heißt.
1256 2276 2179 2429 der Ihre mäßige Stimmung
1236 2359 2169 2505 nur verschlechtern könnte. Ich
1277 2421 2136 2598 bin gründlich verstimmt,
1286 2532 2190 2692 ganz wirklich zu nehmen.
2332 1073 3459 1211 wie ein Instrument des Augi¬
2341 1173 3469 1305 nicht gespielt wurde. Seit einem
2355 1248 3396 1380 Vonnt hat ich ja so sollten ge¬
2376 1332 3409 1472 sprochen – nur hie und d, mit
2394 1409 3406 1520 Ebermau und Kapper - und
2404 1478 3313 1623 dafür so viel Unnützes und
2390 1574 3445 1704 Unerfreuliches gedacht. - Ebermai¬
2397 1661 3430 1790 reist Ende dieser Woche fort nach
2398 1742 3411 1853 Selzburg, wird dann auch nach
2388 1810 3468 1939 Ischl kommen. - Denk mal an
2394 1919 3383 2072 vorgestern habe ich hier Adele
2396 2013 3451 2157 Sandrock gesprochen. In meiner
2397 2093 3396 2258 Straße, auf dem Tiesen Gorken
2419 2202 3402 2358 Sie hatte die Gnade mich anzu¬
2397 2282 3458 2463 sprechen, ich hätte es gewiss nicht
2419 2367 3428 2512 gien; sie sieht gut aus, wird
2440 2462 3459 2606 stank, was sie sehr be/regt macht.
