4552 3672
2390 880 3477 1019 auch noch nicht begründ. Allein
1174 912 2235 1054 In Berlin oder dürfte die Situation
2422 943 3529 1085 aus unserem kleinen Kreis heraus
1191 1018 2270 1164 pittant werden, wenn muß vielleicht
2414 1042 3500 1170 werden die deutschen Bühnen für
1132 1126 2134 1236 nicht immer ganz gemütlich
2400 1125 3510 1258 die nächste Zeit so reichlich versorgt
1227 1201 2241 1327 Unter diesen Umständen dürfe
2425 1230 3402 1358 werden, daß sie mich wirklich
1156 1279 2210 1403 es wol Anfang Weder werden.
2418 1301 2914 1448 nicht brauchen.
1174 1358 2155 1498 bis Sie nach Wien komm.
2487 1408 3517 1537 söle die unsagtere Gemeinheit
1250 1446 2232 1582 Richard hat mir einen Brief
2425 1499 3505 1619 in der Sache Dreyses werden wir
1171 1544 2200 1678 geschrieben, ausgerechnet einen
2438 1605 3502 1721 uns noch gemeinsam mündlich
1181 1621 2200 1768 Tag vor seiner Abreise von
2425 1662 3419 1834 genug ärgern, schreiben kann.
1181 1713 2204 1841 Seeboden. „Nuschel Kinder“ habe
2438 1769 3029 1928 man darüber nicht.
1187 1813 2317 1954 ich nicht gesehen, die letzten Nunige
2517 1886 3578 2042 die Zeisereuung wird hoffentlich
1223 1899 2196 2023 der Fackel nicht gelesen,
1268 1973 2175 2117 und ein drame hat ich
2497 1997 3477 2110 intensiv genug sein, um
