4552 3688
2284 783 3410 918 die wol zum großen Teil im Landauer
1147 853 2186 1005 mit ihrem Unser thek in Marienbed
2292 868 3386 1014 zurückgelegt werden dürfte, mit machen
1131 938 2205 1092 Ihn unzufrieden waren, und ihn vor der
2316 950 3310 1051 werde. Was ich 4 Seiten mit den
2309 998 3351 1124 Gründen anfüllen wollte, die mich
1158 1004 2201 1136 Resiculen zeit fort sind. Hier auf
2323 1063 3389 1196 davon abhalten, so würde das nicht viele
1151 1084 2184 1190 der Ringstraße, der noch immer meine
1161 1147 2200 1273 Übend schneigung pillen, ist man
2319 1134 3369 1279 nutzen, da Sie diese Gründe doch un¬
2311 1196 3368 1348 zureichend hinden würden; sie sind
1158 1195 2232 1342 wenigstens von Enttäuschungen sicher
2320 1283 3354 1408 es vielleicht auch wirklich, ich er schon
1182 1277 2211 1402 der liebe gute, alte Raub bleibt sich
1185 1346 2191 1482 dort immer gleich. Auf einer dieser
2323 1357 3342 1495 sie also ihnen und mir? Es wäre je
1178 1416 2190 1557 Sommerreisen habe ich auch Dr. Kasser
2327 1432 3333 1578 ganz leicht, ich könnte einfach sagen,
1182 1491 2202 1644 getrofsen, gestern auch Ebenmann und
2330 1487 3438 1642 daß ich gerade vom 6. bis ausgerechnten
1200 1565 2228 1713 Beontre! Oh, es sind schon nach Leu¬
2357 1567 3354 1708 16. August von einem heftigen
1220 1654 2187 1781 in Wien, sogar. Der Hirschfeld,
2386 1627 3386 1777 Abbeits fie er befallen sein werde.
1255 1732 2236 1875 Übrigens bin ich auch einmal mit der
2364 1710 3396 1853 das mir nicht gestattet u. s. w., aber
1185 1794 2198 1929 neuen Stadtbahn von Karlsplatz nach
2354 1788 3452 1919 das würden Sie nur nicht glauben; sagen
2354 1878 3414 1989 wir also es ist Stimmungssache. (Ich
1192 1875 2191 2028 Hietzing gefahren und habe dabei an
2361 1950 3415 2079 weiß, daß ich eigentlich gar kein Recht
1189 1968 2233 2100 unsere beste grausige Fehrl“ gedacht
2360 2019 3435 2142 hier Stimmungen unterworfen zu sein, daß
1251 2037 2266 2193 Auch für Abwechs lieg ist gesorgt.
2357 2083 3427 2205 man dazu viel jünger sein und noch so
1203 2127 2305 2256 Mar ist heute angekommen (sehr zufriede)
2374 2142 3438 2278 und (weile andere Eigenschaften haben muß)
1232 2211 2264 2337 Emile führl übermorgen für 6 West¬
2384 2222 3431 2353 oder manchmal lede ich halt auch über meine
2386 2313 2757 2420 Verhältnisse.)
1218 2323 1366 2433 sind.
1280 2329 2254 2462 Was mich betrifft, so glaube ich
2428 2354 3442 2469 den Vertrauen teile ich Ihnen mit, daß
2438 2406 3435 2569 ich mich mit der kühnen Idee trage.
1277 2396 2292 2577 nicht, daß ich die berühmte Frist partie,
