4472 3594
2626 596 2943 758 7.XII 99
1625 689 2908 865 Liebe Vothur, ich bin Freitag bei
1662 830 2969 940 Chiavorei geladen, großes Zwube¬
1695 903 2938 1036 Erst zu Ehren Ganghösers) kann
1674 996 2908 1150 also von Ihrer liebenswürdigen
1695 1090 2682 1218 er inladung - ei - sie w.
1718 1174 2560 1353 Ich gruss Sie herzlich
2424 1356 2775 1471 Gustow
2452 1683 2915 1823 26. III.
1587 1774 2920 1941 Liebe Urthur, man redet mir sehr zu
1592 1875 2941 2031 noch einige Tage hier zu bleiben und
1574 2008 2978 2125 In Sie morgen nach Baden gehen, würde
1585 2067 2929 2188 wir uns zu doch keine sehen. Vor der
1587 2137 2945 2279 ganz großen Ferienreise kommen Sie doch
1571 2228 2876 2364 wol noch einmal von Reichenen nach
1594 2296 2959 2452 Wien. Nicht: „Lis dahin gute Neu¬
1604 2384 2630 2595 haltung. Herzlichst
2625 2457 2929 2621 Gustand
