4552 3688
2294 724 2632 895 29.7.99
1709 1059 2691 1204 hiebei Urthür, ich war erstaunk
1693 1130 2768 1302 noch aus Veliter einen Brief zu Wien,
1686 1221 2724 1383 ich hat gepleilt, daß sie schon in xxkl
1709 1314 2695 1468 sind. Dr. Kapper fügte nur, daß Sie
1713 1398 2657 1543 nach Teckl lerufen. Wurden zu ihrer
1704 1459 2741 1607 Patientia (die alten Dame aus der Prater¬
1708 1557 2692 1692 strafe, die gefährlich enttren 42 sei.
1730 1633 2753 1752 Samie Frau hat es ihm geschrieben.
1718 1720 2726 1825 die es von Ihrem lassen Mandl er¬
1712 1776 2679 1910 fahren hatte. Es wäre also nicht so¬
1728 1850 2776 1980 schlimm oder überhaupt nur Gerücht?
1814 1922 2725 2071 Es scheint daß Sie sich in Velden
1709 2007 2758 2159 doch ziemlich. lehnglich gefühlt haben. Der
1706 2079 2764 2212 Ort muß sich wol sehr zu seinem
1718 2163 2762 2288 Vorteil veründert haben. Demals hat
1737 2240 2700 2357 man so schlecht gegessen. Gestern
1725 2328 2734 2462 hat ich Hofmansthab’s gesprochen, die
