4585 3780
983 472 1357 616 Tout-il.
743 492 991 636 V.J. 1 11/1
1750 1068 2728 1184 und erzählte mir, daß sie
1733 1160 2770 1270 180 mal gespielt und alle Stücke
1757 1229 2805 1356 selbst insienirt huld. Wängende
1764 1314 2797 1442 Geschäfte gemacht habe. „In meinem
1773 1390 2822 1513 Kasser ist geht der Ehrgeiz tief unter
1769 1457 2724 1567 verpackt und das Heckbuch ganz
1789 1526 2787 1620 oben, sagte sie Tuchbinder könte
1756 1580 2835 1709 aus dieser Begegnung zwei "reizende".
1748 1674 2750 1778 Feuilletärs machen. Als wir uns
1765 1749 2805 1864 verabschiedet hatten, dachte ich mir: Ge¬
1783 1825 2752 1947 ist es mir, daß sie gewiß längst
1777 1891 2811 1992 meinen Namen vergessen hat, sonst
1780 1986 2775 2112 wurde sie doch sicher erzählen: Neulich
2281 2076 2747 2173 - : diesen aus
1787 2074 2217 2185 habe ich die Sehn.
1777 2149 2818 2275 dem Zuchthaus entsprungenen Idirten
1780 2256 2028 2371 gelroffen.
1811 2314 2771 2456 Litte, empfehlen Sie mich allein
1819 2387 2768 2526 Mitgliedern daher Familie und
1812 2471 2827 2613 grüßten 8m, auch Ihre lieben keine Stessen
1820 2542 2637 2664 herzlichst vom Onkel, Glatzkopf".
2131 2644 2787 2811 Herzlich J. Gustav L
