4552 3733
1987 745 2109 860 Von
1991 837 2120 918 G.C.F.P.
2341 807 3467 947 die wol zum großen Teil im Landmür¬
1201 870 2236 1019 mit ihrem Uusen thek in Marienbed
2356 900 3443 1030 zurückgelegt werden dürfte, mitmachen,
1188 956 2255 1085 I. ha unzufrieden waren und ihn vor der
2365 974 3373 1078 werde. Was ich 4 Seiten mit den
1208 1036 2257 1153 deſtienten Zeit fort sind. Hier auf
2365 1038 3420 1164 Gründen anfüllen wollte, die mich
1204 1086 2228 1204 der Ringstraße, der noch immer meine
2385 1096 3439 1223 darin abhalten, so würde das nicht viel
1212 1166 2248 1285 Abendspaziergänge pitten, ist man
2374 1173 3419 1282 nutzen, da Sie diese Gründe doch un¬
1206 1236 2277 1347 wenigstens vor Enttauschungen sicher
2368 1233 3432 1373 zureichend hinden würden; sie sind
1233 1303 2260 1422 der liebe, gute, alte Raub bleibt sich
2371 1298 3408 1432 es vielleicht auch wirklich, ich er schon
1233 1377 2239 1494 dort immer gleich. Auf einer dieser
2374 1396 3399 1518 sie also ihnen und nur. Es wäre je
1230 1436 2252 1571 Sommerreisen habe ich auch Dr. Professor
2372 1459 3384 1602 ganz leicht, ich könnte einfach sagen
1236 1509 2255 1653 getrofsen, gestern auch Ebenmann und
2374 1519 3495 1673 daß ich gerade vom 6. bis aus gerechnet
1249 1593 2283 1726 Beonton! Oh, es sind schon nach Leute
2402 1602 3401 1736 16. August von einem heftigen
1275 1674 2243 1789 in Wien, sogar: Her Hirschfeld,
2431 1683 3427 1796 Arbeitsfieler befallen sein werde.
1300 1749 2278 1892 Übrigens bin ich auch einmal mit der
2405 1747 3450 1876 das mir nicht gestattet u.s.w., aber
1230 1824 2231 1942 neuen Stadtbahn von Karlsplatz nach
2402 1823 3489 1935 das würden Sie mir nicht glauben; sagen
1236 1899 2248 2035 Hietzing gefahren und hat dabei an
2406 1906 3453 2030 wir also, es ist Stimmungssache. (Ich
1239 1972 2280 2112 unsere beste grausige Fehrl.“ gedacht.
2406 1970 3453 2107 weiß, daß ich eigen 1lich gar kein Recht
2406 2044 3474 2172 hier Stimmungen unterworfen zu sein, daß
1298 2058 2291 2201 Auch für Abwechs leug ist gesorgt
2406 2112 3444 2224 man dazu viel jünger sein und noch so
1249 2150 2343 2284 Mit ist heute angekommen (sehr gefunde)
2410 2175 3484 2315 und soviele andere Eigenschaften haben muß.
1274 2227 2316 2357 Emile führl übermorgen für 6 Steh¬
2421 2257 3467 2378 aber manchmal bin ich habt auch über meine
1270 2336 1405 2444 sind.
2426 2337 2804 2445 Verhältnisse.)
1312 2334 2295 2501 Was mich betrifft, so glaube ich
2468 2364 3479 2507 der Vertrauen teile ich Ihnen mit, daß
1313 2421 2330 2588 nicht, daß ich die berühmte Fußpartie,
2472 2434 3478 2592 ich mich mit der kühnen Idee trage.
