4472 3594
1204 945 2186 1089 hat erst den Umweg über
1194 1030 2171 1150 Bukarek gemacht, wie aus
1180 1146 2187 1254 dem Poststeugel ersichtlich, ihn sie
1170 1226 2164 1335 den Weg nach Wien fand.
1309 1327 2152 1418 des verschwinden. Ihrer
1160 1377 2228 1492 Stücke habe ich natürlich bemerkt
1185 1463 2198 1605 ich muß Ihnen ausuchtung sagen,
1161 1544 2193 1711 es hat mich nicht überrascht. Er
1167 1633 2194 1764 Jv. 2 ihnen natürlich mit irgend
1145 1704 2130 1828 einer Ausrede geratwortet
1154 1801 2153 1924 und die Versicherung gegeben,
1159 1877 2176 2006 daß man auf ihn rechnen könne.
1144 1974 2179 2085 daß er unentwegt u.s.w.
1257 2060 2181 2178 die Bekommen, die Sie ein¬
1135 2150 2157 2267 wähnen, Salten, Wasserman,
1153 2222 2137 2354 u. 1.. hat ich seit Monaten
1160 2320 2146 2458 nicht zu sehen, auch seit langer
2310 952 3373 1089 Zeit kein Küsse haus, da sie ihn,
2319 1037 3417 1159 keine Berlin Zeitung gedesen
2346 1124 3410 1245 ich dußt schon gar nicht mehr
2349 1219 3315 1313 was vorgest. Heute hab ich
2349 1288 3439 1403 zum ersienmal wie der Graben¬
2358 1374 3424 1521 luft gertmet und mit einge¬
2316 1441 3075 1566 Stammgästen gesprochen.
2354 1538 3328 1675 Ich wünsche es gewist, daß
2312 1609 3271 1720 Sie um den 10. herum
2320 1717 3334 1829 nach Wien kommen, aber ich
2323 1813 3383 1920 gleiche noch nicht recht deren.
2340 1900 3401 2028 Man wird vor sei ihm Sie länger
2319 1987 3372 2122 in Berlin festzuhalten und
2343 2085 3409 2211 da unter eine die verschiedensten
2342 2170 3253 2287 weiblichen Wesen zu
2344 2243 3380 2373 verstehen sind, so werde ich wol¬
2343 2342 3256 2467 leider Recht behalten.
