4569 3672
1765 872 2827 1006 gar nicht fort zu gehen – wenigstens nicht für
1786 939 2835 1047 längere Zeit, auf die Gefahr hin auch um
1771 1009 2826 1101 allen Credit zu bringen und im nächsten
1789 1076 2823 1185 Herbst, wenn das Gespräch mit den Leiden¬
1773 1124 2821 1221 und Freuden des Sonnes zwischen wird
1777 1194 2813 1312 ganz gesellschafts unsühig zu werden. Es
1801 1264 2827 1388 fehlt mir die Lust und Energie mich
1797 1335 2850 1430 der Einförmigkeit, an die ich mich beviel
1786 1399 2857 1517 gewöhnt habe, zu entreißen, die ich dann
1794 1467 2872 1569 nach einer kurzen Unterbrechung wieder¬
1801 1534 2848 1648 stärker empfinden würde, an die ich mich
1805 1600 2823 1702 neu gewöhnen mußte. Vielleicht kam
1809 1658 2845 1788 ich aber doch auf zwei - drei Tage nach der Le¬
1821 1730 2823 1864 für diese Auszeichnung wurde sich der
1838 1796 2839 1916 Ischl dann mir bei Ihnen zu bedenken,
1800 1871 2797 2003 haben. Konstatiren will ich auch
1813 1928 2841 2084 noch, daß dies der längste Tauf ist
1805 2021 2785 2168 den ich seit Jahrenn geschrieben
1810 2096 2856 2234 habe. Nun wünsche ich Ihnen und
1817 2176 2868 2330 Ihrem Reise geführten, denen ich mein
1840 2274 2794 2405 ergnensten Grüße zu melden bitte,
1863 2333 2882 2488 schönes Wetter und viel Vergnügen.
1924 2452 2261 2601 herzlich k.
2471 2487 2732 2609 Gustow.
