4568 3688
1701 1193 2844 1276 die einem selbst des Mitleid verleiden könnte, nicht einmal
1704 1248 2844 1330 über die „Gäthe-Seier“ und die verschiedenen Aussähe,
1743 1306 2792 1421 Es scheint, daß auch zum Ärgern Gesellschaft
1745 1361 2827 1482 gehört. – Daß ich schon zweimal im Theater
1743 1447 2882 1532 war bei einer sehr schlechten Vorstellung (Meindburg
1743 1505 2772 1609 und einer nicht guten (Haufenkirche) wird
1751 1556 2808 1673 Sie kaum interessiren. Mich hat es auch nicht
1757 1634 2841 1735 interessirt. Gestern Alend habe ich in meinem Straße
1764 1697 2846 1795 den Schütt getroffen, den jetzt wie der sehr lieb’ tut
1781 1761 2822 1851 Er läßt Sie grüßen. Ich stelle mir vor, daß es
1795 1814 2822 1908 vom ersten Septembr den sich hübsch in Ischl sein wird;
1782 1881 2600 1973 da müssen doch schon neil abgereist sein.
1801 1936 2451 2027 keit Vergnügen in Inastruk.
2302 1984 2859 2084 Herzlichst geise ich als W.
