4568 3704
2459 860 2707 975 8 VII 91
2066 1176 2514 1323 Lieber Freund!
1902 1335 2891 1512 Besten Dank für Ihren Brief; es
1904 1457 2910 1577 war nett von Ihnen, daß Sie ge¬
1901 1525 2827 1685 schrieben haben. Eigentlich habe ich
1914 1619 2926 1789 Thüen nur das zu seyen, denn mitzu¬
1926 1725 2920 1854 leiden gibt es nichts. Sie müssen
1935 1813 2899 1957 das begreiflich finden. Wenn Sie
1936 1896 2916 2047 unter so günstigen Bedingungen
2002 2010 2912 2116 Ischl. Ausblick auf die „herrliche“
1952 2090 2832 2219 Natur vorzüglich lignere –
1962 2178 2949 2303 nichts erleben und noch nicht einmal
1963 2259 2963 2403 zur Empfindung reinen Glückes
1977 2347 2880 2490 gelangt sind, wie soll ich
