4600 3706
2298 1112 2537 1247 20.2.95
1581 1124 2920 1359 Liebe Urteil, den „Stück“ habe ich nicht genommen und
1598 1277 2948 1418 gespürte; wenn er mich doch nicht vom Fleiß bringt, so
1608 1352 2903 1468 können Sie ersehen, wie groß meine Unlust ist,
1631 1421 2841 1544 die übrigens nebenbei auch von müchternen
1630 1463 2868 1625 praktischen Erwägungen gestützt wird. Wir
1638 1507 2942 1693 werden je wieder sprechen. Wir lange bleiben Sie
1662 1613 2980 1759 selbst drei noch in Höchel. Wie bös Kind daher Monate?
1670 1667 2900 1804 Und dann? Bleibt es bei der Stadtow nach
1687 1720 2915 1872 Thüringen. Hier ist es eilriges seit zwei Tagen
1673 1786 2927 1935 so kühler Wetter eher geeignet an Reise gedanken zu
1690 1877 2522 1998 entwöhnen als dazu anzuweizen.“
1986 1939 2785 2071 herzlichst ihr Unter¬
