4552 3672
2383 746 2688 924 29.7.99
1791 1074 2793 1237 Liebe Achtur, ich war erstaunk
1775 1144 2854 1323 noch aus Velota einen Brief zu Wien¬
1774 1229 2825 1412 ich hat gegrült. Dass Sie schon in xxkl
1795 1327 2787 1485 sind. Dr. Kapper fügte mir, daß Sie
1799 1411 2759 1568 nach Teckl berufen wurden zu ihrer
1794 1481 2834 1637 Patientia (der alten dann aus der Prater¬
1790 1569 2786 1717 strafe, die gefährlich enttren 42 sei.
1816 1636 2860 1784 Somme Frau hat es ihm geschrieben.
1810 1721 2819 1856 die es von Ihrem Onsin Wandl er¬
1806 1786 2763 1935 fahren hatte. Es war also nicht so
2912 1811 3001 1914 P.
1812 1843 2869 2013 schlimm oder überhaupt nur Gerücht?
1895 1938 2819 2095 Es scheint daß Sie sich in Velaten
1798 2013 2853 2180 doch ziemlich behaglich gefühlte heim. Der
1800 2109 2869 2238 Ort muß sich wol sehr zu seinem
1814 2167 2858 2321 Vorteil veründert haben. Demals hat
1831 2263 2797 2378 man) so schlecht gegessen. Ehe Herrn
1824 2341 2850 2484 hat ich Hofmansthab’s gesprochen, die
