4568 3688
3001 430 3279 558 14 1 11
2343 510 2431 626 r
2409 886 2722 1015 12.9.99
1754 1136 2854 1292 Tiele Urthür, seit 3 Tagen bin ich
1715 1234 2931 1396 in der Brieht – auf allgemeins Neidengen¬
1745 1339 2840 1469 natürlich regnet es seit diesen drei
1754 1393 2918 1558 Tagen und hat 9 u, weil ich „kästlich“
1777 1494 2880 1643 Landluß rthmen und mich an
1786 1573 2874 1726 den sonnigen Steizen der Natur.
1803 1644 2909 1812 erfreuen will. Ihr Brief würde
1794 1744 2898 1882 mir erst heute nachgeschickt, wenn
1813 1824 2869 1959 Antwort trifft hoffentlich noch zu
1827 1886 2940 2065 rechter seit ein. Ich glaub, Sie wollen
1818 1983 2842 2116 und werden die kleine Reise
1839 2068 2918 2249 unternehmen. Warum auch nicht!
