4687 3687
2467 118 2757 270 20/2 1899
4084 134 4188 230 14.
3362 178 4159 313 Hilr Urthür annoch komme nicht nicht
3385 266 4166 366 So heeft es doch in Gottes!  Seiten, so
2509 266 2681 404 Gruss
3391 324 4180 406 98 Zeilen, das ist nicht zu überblieben.
904 371 1096 462 woetse
3369 373 4311 469 nicht von mir. Ich versuch es auch gar nicht, Ihm
2503 393 2657 453 dans le dernier
773 424 1076 498 Passein
3398 426 4305 543 ihnen nur, um Ihnen Ihren schönern Beich
2487 431 2686 529 Nürnberger.
206 473 560 565 Befinden
793 478 1060 552 des an
3402 480 4280 569 schon zu denken – wenn ich ein Redecken
2452 500 2728 596 Bratwurstglöck
234 522 1078 610 die leidiger Kehlkorf
3402 533 4280 630 wäre, wurde ich die bleibte Indeskortire.
219 578 1099 668 Uhrwegen die nicht auf
3403 587 4304 685 begehen, ihn teilweise abgedrucken, „lt. Sch.
2425 589 2706 696 München
232 632 1112 723 gören wollen, ein be¬
3427 648 4287 757 aüßerst sich in einem Beyl aus Preis über
257 681 1007 768 Friedngender. Die
2440 667 2742 795 Frauenplatz 9.
3412 710 4193 797 die neuesten Erstferenungen er sich
246 724 1072 826 Gepäckhaft hier daß
3423 764 4282 857 und dann um Ihnen zu ihrem Geburktag,
257 786 1143 880 sehr viel zu wünkhen
2369 777 2690 945 Herzlichst
3423 811 4311 926 – er ist doch morgen ober anwenn der möchten
246 835 1127 940 übrig; sanz. im Gegen¬
3411 871 4226 964 Tage - zu gratuliren. Sie werden
225 889 1130 991 zu unseren Tisch in der
1987 927 2255 1025 herzliche Grüsse
3412 927 4264 1023 mit Recht vermuten, daß mich nur
216 945 1034 1031 Brühl, bin ich an,
2291 904 2699 1085 Gustav Kurtz
3418 985 4264 1080 Beschei und Schadensreide dazu ver¬
201 996 1054 1092 unsere Table - d'iste der
2090 993 2605 1108 Malmine Chianasch
1608 1023 2188 1141 Prosit Blume! V. Chiavaçoi
3420 1047 4285 1161 anlassen. Ich kann mir doch das Ver¬
214 1054 1027 1148 mögte. Es geht also
219 1114 1069 1210 nicht der Koff für das
3431 1110 4265 1214 gnügen nicht verfügen, es hast zu
2740 1139 2992 1252 22.7.98
223 1165 893 1257 Klampe Fovielehm
3441 1179 4284 1290 stellen, daß auch andere Teuk älter,
284 1215 1020 1313 Ich wie hoffen, dass
1822 1163 3231 1322 Liebe Vrtheil ich werde also entweder melbte Nachmittag oder von
3436 1243 4284 1367 werden. – Weil Ungelegt in Herden
225 1271 1123 1362 Ich bald recht günstiges
1829 1291 3215 1393 27. ten Morgen in Salzburg sein, kann aber nur bis 28. Stlands
3449 1319 4213 1451 und auf Wieder xyz in Wien
187 1320 1043 1406 über kaum Befind in
1842 1329 3224 1444 bleiben, da Hirtsfelte, die in den ersten Tagen die August nach Hein¬
197 1377 1025 1451 bereister kann und
1840 1398 3117 1487 dorf gehen, noch schon am 26. in trauntischen erwarten.
3525 1378 3968 1525 herzlichst xxx
181 1416 1040 1502 verbleibe einstweilen.
1889 1444 3090 1536 zu der Billigkeit „der Elikto-Hötel“ habe ich wenig
187 1463 1087 1565 Maran Ihr ganz ergeben
1853 1485 3191 1594 Zutrauen. Man hat mir ein Hötel „zur neuen Stadt“ gleich
185 1512 1134 1601 Lösel Tafechof 15/9 Uudorf schwarskor¬
3813 1476 4202 1665 Als unter
1864 1558 3135 1679 beim Bahnhof, Haydenstraße auf gut empfehlen. Wenn ich
1150 1550 1540 1686 7 Pren 26. III. 99
1858 1625 3152 1719 vor Ihnen am 26. ankomme, werde ich Sie dann gegen Abend in
4054 1650 4294 1762 3. V. 97
1867 1675 2820 1808 Ihrem Hotel erwarten. Auf werden schon
214 1655 1576 1800 Liebe Urthür, ich will Ihnen nur für Ihre Karte
3431 1732 4517 1840 Heilen Urthur! Wenn Sie vielleicht noch etwas
2684 1739 3054 1864 Herzlichste Ihr
223 1764 1523 1898 danken und Ihre Grüße herzlichst erwidern.
3423 1822 4539 1902 Neid brauchen, um es deutlicher zu empfinden, daß
290 1820 1654 1949 Ereignet hat sich nöchte. Das Wetter ist noch immer
2786 1822 3056 1942 elsustor
3418 1862 4505 1949 es in Paris augen blicklich angenehmer sein muß.
3416 1924 4523 2000 als in drin, so bin ich gerne bereit Sie zu beneiden
208 1896 1645 2032 so schlecht, als ob wir die Absicht hätten, eine größere
1866 1916 2990 2074 Mein letzten Empfehligen Ihren Frau Mann
3449 1969 4485 2056 Gar zu schwer wird nur das nicht werden und
235 1965 1547 2103 Partie mit der Stadtbahn zu machen und die
3418 2029 4523 2108 an Zeit fehlt es mir auch nicht. Von mir kann ich
248 2038 1570 2152 dritte Numer der Läckeln, mich welche alle Chreten¬
3436 2083 4474 2174 Ihnen gar nichts mitteilen. I accori ist wir klich
228 2101 1550 2212 schegürgungen mit Ungeduld warten, ist noch
3447 2128 4543 2230 das einzig Bemerkens werte, was ich seit ihrer Abreise
2871 2134 3095 2262 18.7.98
243 2184 1574 2295 nicht erschienen. Wenn ich Ihnen sage, daß ich nur
3441 2181 4501 2275 erlebe habe. Hier ist alles einverändert, nur noch
252 2233 1637 2355 meinen Nachmittagen nichts anzusorgen weist und
3447 2251 4505 2326 ein wenig öder und abgeschielter wie immer um
1806 2179 3257 2356 Liebes Urthür, ich werde Freiheftens echt am 26. ten Abends
3461 2300 4503 2378 Schluß der Seisen. Man führt noch immer derselben
266 2306 1627 2434 daß ich mich sehr gerne mit Ihnen zusammen in das
1808 2322 3239 2414 von Wien abreisen können, weil klar, den ich doch gerne erwarten,
3485 2349 4479 2443 Gespräche, man rechne? Noch immer den andern
1824 2371 3159 2478 möchte, erst an diesem Tage hier eintreffen soll. Wenn
261 2380 1587 2498 Berliner Straßenkken“, stürzen möchte, so dürfen Sie
3488 2409 4523 2498 Leuten die Santièmen nach, man schult noch
1829 2431 3144 2532 Sie am 24. ten von Sützkug fort wollen, könnten wer
761 2445 1230 2550 Tham Gueter.
3498 2469 4550 2572 immer bei Pücher Peter und Dr. Ebernau
344 2467 578 2557 gleichen
1853 2485 3144 2581 wob mir einen hellen Tag zusammen verbringen.
1869 2552 3206 2646 Ich komme aber vielleicht doch, ohne damit ein Versprechen zu
1143 2554 1451 2688 21.7.99
1876 2597 3242 2710 geben. Sie sind doch in demselben Hötel, in dem wir vor mir schon
1880 2668 3213 2760 gewohnt haben.“ Selbstverständlich sind Sie nicht gebürden. Denn
837 2628 1637 2757 will. Ihnen nur den Em¬
286 2664 469 2768 Lieber
4213 2659 4534 2802 6.12.96
1887 2719 3219 2816 Sei Ihre Dispositionen ändern wollen. Sollte es sich nicht
775 2711 1561 2840 nete bestätigen. Zu erzählen,
310 2753 478 2862 pfand
1876 2780 3202 2887 ein teilen lassen, was ich doppelt bedeuere würde, weil ich je
875 2807 1681 2925 fel kein in eres Erlebniss!
3456 2780 4548 2952 Liebe Urther, schon seit 8 Tagen
1864 2833 3159 2934 auch Sehling gerne wünschen möchte, so wiensch ich ihm für
321 2833 650 2947 weiß ich in
328 2891 1654 3019 gehabt, es geht mich sonst nichts vor. Nicht ein¬
1876 2907 3144 2992 Ihr Reise des Beste. Auf würschenden im Herthl. - Sie
3440 2894 4521 3028 bin ich für Mittwoch bei Nothrif
1887 2951 3166 3057 können es mir übrigens getroft glauben, daß es in Wien sehl.
331 2943 1650 3081 mal die fällige Fackel“ ist erschienen. Es ist
1900 3018 3177 3106 sehr langweilig ist. — Mit der Litte mich Ihrer Frau Memma¬
3450 2976 4537 3108 zu einer Tarrk-Partie eingeladen,
406 3012 1650 3153 wahrscheinlich zu heiß. —.12it dem Herrn
2786 3041 2985 3157 Gustar.
1896 3043 2708 3177 bester zu ernlichhaften und herzlichst Ihr
3447 3057 4550 3200 ich habe mich schon herrn Wassermann
335 3072 1536 3204 Sie eine schöne Radpartie gemacht.
730 3137 1663 3284 mich Ihrer Frau Mann und Thor
3467 3146 4559 3255 der so freundlich war, mir Mitteilung
411 3186 558 3298 Ich will.
724 3217 1395 3338 leistens zu empfehlen
3463 3211 4512 3347 zu machen, mein Bedauern aus
840 3267 1576 3400 kann, wenn Sie ihn nächsten
3470 3298 4463 3438 gesprochen, daß ich der Vorlesung
962 3354 1255 3452 ich nunher
3479 3385 4479 3527 nicht beiwohnen kann. Nun
