3480 4088
299 538 2928 793 ten das Zimmer verlassen, die Mutter striekte emsig. Ich
292 669 2995 931 kam in jenes Flüsterm, das manchen Naturen im Gespräch mit
316 844 2797 1072 einem weiblichen Wesen eigen ist, dem sie einmal ihre
303 971 2995 1250 Liebe gestanden haben. Plötzlich standen Henry und ich in
326 1116 2904 1402 der Fensternische, wohin das Licht der Lampe schüchtern
373 1277 3012 1509 drang, heftig fühlte ich mich an beiden Händen ergriffen,
339 1459 2955 1684 sie drückte mir einen Brief in die Rechte, ich rief halb-
339 1600 2914 1842 laut: "Jenny!“, sie sah mieh lächelnd an; rasch verbarg
417 1781 3049 1950 ich den Brief, und keins von uns sprach ein Wert darüber.
370 1882 3069 2101 Dann sassen wir wieder bei der Mutter, und die Worte fles-
424 2057 2921 2286 sen gemächlich hin und her. Ich empfahl mich bald und
400 2178 3059 2450 eilte die Treppe herunter. In der Hausflur blieb ich ste-
397 2370 3096 2659 hen und unter der hängenden Glaskugel, in der das Gaslicht
400 2501 3086 2763 flimmerte und las den Brief. "Hast du mich denn nicht mehr
454 2652 2931 2911 lieb" stand auf dem Zettel, und nichts mehr. Langsam
460 2797 3109 3065 schritt ich durch's Hauster, kreuz und quer durchwandert
427 2934 3089 3160 ich die Strassen, und da ein Regen anlub, setzte ich mich
2269 3092 2588 3247 13/10.
427 3153 592 3230 ins
427 3160 1153 3314 ins Kaffeehaus,
467 3247 3042 3455 Ich setzte mich an ein Fenster und zündete mir eine Zi-
457 3355 3059 3620 gärette an. Zum dritten Mal las ich jene Worte. Dann sah
487 3489 3072 3802 ich hinaus auf die dunkle Strasse, auf XXXIX### die Leu¬
