3432 4120
475 528 3023 750 Er eilte einer jugendlichen walblichen Gestalt entge-
365 697 2970 916 gen, die mit raschen Schritten aus einer der Alleen her-
372 830 2569 1019 vorkam, und drückte ihr mit Innigkeit die Hand.
627 1012 2147 1208 Das Mädchen war ernst und sehöa.
621 1132 2539 1377 "Was trägst du hier. Robert?“ fragte sie.
627 1344 1162 1530 "Mein Bild."
634 1474 1570 1643 "Dein letztes Bild?"
637 1543 3023 1805 =Kein anderes, Liebste. Und wenn du mich nicht auch
412 1726 3060 1965 verlässt, so kannst du's sehn, wie ich es dort hinter dem
461 1839 3027 2127 dichte Gesträush in den Teichwerfe unter die Schwäne.
657 2084 1812 2273 "Dein Bild in den Teich?"
657 2200 2980 2399 «Wenn ein Feuerbrand näher wäre, so ginge es wahr-
431 2396 1663 2592 scheinlich in Flammen auf.
657 2506 2536 2708 "In die Flammen - dein herrliches Bild?"
690 2668 2887 2838 *Wenn ein Sturmwind sich erhöbe in diesem Augen-
455 2768 3023 3017 blicke, würd' ich's ihm vertrauen, dass er es in Fetzen
451 2947 3116 3140 zerreisst, hinauffwirbelt in die Luft und die Stücke nach
455 3156 1573 3325 allen Seiten verstreut."
737 3252 2904 3461 "Was ist dir widerfahren, dass du so spriehst?"
720 3398 3116 3647 "Die alte Klage, Friederike, wirst du nun wieder hö-
475 3538 3057 3744 ren, die alte Klage, die mir niemals so tief vom Herzen
528 3704 3126 3909 kam als heute, - und wirst, mild wie immer, dem verdros-
