3448 4120
333 461 3037 760 senen Sinn Trost und Ermutigung zusprechen, gutes, gelieb-
350 733 938 918 tes Mädchen.
572 814 2977 1039 Sie hatte sich an den Rücken einer Ruhebank gelehnt
353 922 2980 1238 und reichte ihm beide Hände. „Satz’ dich zu mir her, Ro-
410 1120 2963 1349 bert, und sieh mir ins Auge." Er liess sich langsam an
373 1208 2920 1524 ihrer Seite nieder, aber ins Auge sah er ihr nicht. Er
373 1359 2957 1655 griff nach dem Schirm, den sie neben sich gelegt hatte,
427 1494 3078 1786 zeichnete im Sande wunderliche Figuren, dann fuhr er mit
451 1672 2980 1978 einem wilden Strich dazwischen und blickte heftig auf.
