3464 4072
2518 358 2602 650 2
462 589 3098 908 darin überein, dass er die Rolle unvergleichlich hinreis-
519 780 3047 1028 send gespielt hatte. Henry trat herein; sie hatte eben
469 931 3011 1192 Klavier gespielt; sie kann gar nichts. Sie fragte nach
529 1062 3000 1286 meinen letzten litterarischen Arbeiten."Ein gelesenes
499 1242 3051 1417 Blatt in Berlin hat eine Nevelle von mir zur Veröffent-
502 1363 3195 1571 liehung angenommen", erwiderte ich. Herr Willner, der auch
502 1514 3037 1728 dazugekommen war, sagte: "deh ja - Sie - nun freilich."
522 1574 3138 1845 "Wie meinen Sie das, verehrter Herr Willner" fragte ich
516 1802 3188 2009 mit einem Lächeln, das vor lauter Aerger beinahe zärtlich
576 1912 3168 2116 aussah. "Der Sehn eines Waldländer!" rief er ekstatisch
589 2039 3191 2284 aus, und trank aus Begeisterung eine halbe Tassee Kaffee
542 2187 3181 2404 in einem Zug. - Ja, ich habe meinem Vater viel zu danken.
566 2378 3168 2565 "Geradezu alles!“ sehrie der junge Dektor. Beinah wollte
553 2498 3195 2662 ich auf diese Aeusserung hin wieder mismutig werden, aber
599 2652 3155 2826 wie es oft bei mir der Fall ist, ergriff mieh eine Mei-
2696 2783 2954 2970 22/9.
586 2833 1537 3017 terkeit eigener Art,
563 2930 3071 3151 da ich Leute, die geistig so weit unter mir stehen, so
630 3088 3064 3288 über mich urteilen hörte. Ich begann lustig den Gang
559 3248 3195 3436 der Rede weiterzuftühren und vandte mich zumeist an Jonny.
636 3386 3151 3607 Ich sah des helden Mädchen Augen leuchten und ihre Mit-
593 3583 3178 3737 eke begeisterten mich mehr und mehr. Vater und Sohn hat-
