3448 4120
2610 281 2716 502 2
492 453 2977 737 Als Robert noch nicht zwanzig Jahre alt war, stand im
264 641 2861 948 Katalog der Jahresausstellung zu lesen: "No.412, Robert
278 935 1166 1051 Weller, Genrebild.
515 909 2930 1199 Robert sass in einem Winkel des Gemäldesaals, nicht
301 1090 2785 1440 weit von seinem Bild. Es war ein regnerischer Tag im
330 1229 2997 1599 Spätherbst, und der Besuch war schwach. In einem heutigen
307 1381 2921 1688 Morgenblatt war eine Kritik über die eben eröffnete Aus-
370 1480 2851 1824 stellung erschienen; eine Stelle daraus lautete: "Mit
367 1602 3003 1966 Anerkennung sind auch zu nennen die Studien ven....“ Und
383 1764 3020 2088 nun folgten zehn oder zwölf Namen, darunter "Robert Vel-
406 1890 3013 2237 ler, der Sohn des ausgezeichneten Malers". Zwei, die vor
413 2032 2861 2372 übergingen, sprachen eben von der Kritik. "Ist er ge-
423 2108 3046 2531 nannt?" fragte der eine. "Wie kann man nur se naiv sein"
443 2323 2947 2626 er widerte der Andere. "O Kinderseele! Als ob man ein
420 2465 3076 2785 Werk tadeln dürfte, dessen Schöpfer Weller heisst. - Haft
479 2633 3000 2960 du es gesehen? Wir sind schon daran vorbei. Vollen wir
439 2778 2997 3106 nicht...? Ach, wir werden nicht so viel versäumen; kommt
2666 2897 2934 3066 27/2.
496 2993 1781 3287 nur." Sie schritten weiter,
720 3076 3036 3363 "Das Bild gefällt mir recht wehl", sagte ein neuer
522 3224 3148 3594 Besucher und bat seinen Begleiter um den Katalog. "412..
532 3333 3178 3740 Robert... Voller... Ah, der Sohn Felix Wellers! Ist denn
512 3466 3112 3879 diesmal nichts von Felix Veller in der Ausstellung?“ Sie
