3448 4104
450 414 3049 717 suchten nach einem Gemälde des berühmten Malers undgin-
450 550 2933 894 gen weiter. Einige junge Mädehen blieben stehen, und
420 697 3059 1014 eine fragte, ob der junge Veller ein hübscher Mensch sei.
400 917 3029 1164 Der ältere sei noch heute ein schöner Mann. - Ein Fami-
480 1058 3086 1288 lienvater mit Frau und Kindern kam herbei und hielt eine
470 1198 3079 1501 weitläufige Rede über die traurige Tätsache, dass grosse
454 1331 3066 1638 Väter gewöhnlich unbegabte Söhne hätten. Dann nahm er An-
490 1511 3049 1738 lass, seinem Aeltesten bittere Vorwürfe wegen des letz-
510 1601 3039 1882 ten Zeugnisses zu machen. Noch traten einige Kollegen
467 1762 3113 2018 des jungen Malers dazu und tadelten an dem Bilde ganz be-
474 1888 3053 2185 sonders, dass es sein Maler auf so leichte Weise in die
477 2099 3159 2272 Ausstellung hätte bringen können. Und einer fand, dass am
487 2179 3166 2432 meisten Genie dazu gehören würde, mit dem Namen Veller un-
504 2375 3166 2566 bekannt zu bleiben. - Als es um die Mittagsstunde leer im
547 2486 3026 2702 Saal war, verliess Robert seinen stillen Platz in der
500 2679 3129 2816 Beke, nahm das Bild von der Wand und eilte damit aus dem
510 2779 3036 2989 Saal, die Treppen hinunter auf die Strasse. 14/7.81.
2552 2909 3029 3089 Böckstein.
494 2923 2586 3136 Er ging durch die Strassen der Stadt, bis er
500 3103 3086 3316 nach kurzer Weile in einen Park kam. Er setzte sich auf
564 3229 3109 3453 eine Bank und dachte nach. Es dauerte aber nicht lange,
524 3390 3163 3600 da sah er wieder auf und sandte den Blick durch die viel-
564 3523 3206 3733 fach verzehlungenen Laubgänge, als ervartete er jemanden
