3448 4088
2405 380 2809 574 20/9.80.
297 344 2182 627 Der Sohn des Berühmten, Tagebuchblätter,
2202 317 2329 577 b
530 564 2926 731 Der Tag gestern verging recht lustig. Zum mindesten
310 691 2836 901 lässt sich vermelden, dass ich mit Bellmann, Wildt und
354 824 2746 1054 noch einigen Andern durch die Reihen des RXX Prater
327 947 2953 1218 streifte, unter Seatten grünender Bäume süssen Weines ge-
314 1104 2983 1351 ness, mit einem hühsehen Mädchen bekannt wurde, und mit ei¬
380 1251 2989 1471 sie küsste und mit einem Mal nach einer raschen Umarmung
434 1421 2909 1628 auf Wiesen und Matten umhertellte, als wäre das Leben
340 1558 3019 1788 wirklich schön. Als es Nacht wurde, ging's durch die Staat
344 1711 2859 1945 ich lachte sehr viel, weiss nicht mehr wesshalb. Meine
340 1835 2873 2119 Freunde waren nicht so lustig wie ich; sie sind nie so
350 1968 2919 2232 lustig als ich und nie so traurig. Heut ist ein Tag ven
397 2139 2959 2412 matten Scheine; kaum bin ich aufgelegt, Willners zu be-
364 2369 2122 2612 suchen, kaum sehn ich mich nach Henry.
1728 2405 2766 2699 Abend desselben Tages
594 2632 2936 2889 Die Mutter des Hauses sass mit dem 24jährigen Sehn
407 2756 3049 3056 Albert, der vor ein paar Monaten sein Jus abselviert hat,
370 2899 3056 3163 und sich mit grosser Befriedigung Dektor nennen hört, beim
374 3056 2953 3303 Kaffee, und lud mich höflich ein, Platz zu nehmen, Frau
384 3213 2919 3436 Willner gratulierte mir mit ihrem gewöhnlichen Gesicht
394 3333 3049 3620 voll dummer Freundlichkeit zu der letzten Leistung meines
414 3496 2939 3783 Vaters in dem neuen Stück von N. Die Zeitungen stimmen
