3384 4072
2461 446 2724 656 1881
1998 456 2211 653 3/4.
353 543 3024 813 Der ausgezeichnete Maler Felix Weller hatte einen einzigen
346 759 2960 899 Sehn. Man wusste von der Existenz des jungen Robert, war
363 926 2990 1099 sehr freundlich mit ihm, wenn man ihm begegnete, und ver-
396 1049 2970 1259 fehlte niemals, sich nach dem Befinden seines Vaters zu
380 1192 2850 1395 erkundigen; man trug ihm Grüsse an ihn auf, und verab-
410 1315 3030 1538 schiedete sich schliesslich mit der Versicherung von dem
366 1495 2840 1678 Sehn, dass er wahrhaftig einen berühmten Namen trage.
373 1608 3017 1901 Robert erwiderte gewöhnlich:... Ja, das wusste man nicht,
380 1755 3004 2065 man kümmerte sich auch nicht weiter darum. Wenn es einem
410 1898 3067 2161 oder dem andern einfiel zu fragen, was man denn von Robert
396 2031 2954 2324 Weller höre, so fertigte man dieses Thema meist mit der
446 2234 3054 2471 Bemerkung ab, dass grosse Väter immer unbedeutende Söhne
453 2318 3000 2614 hätten; dann lächelte man - oder läehelte auch nicht...
460 2507 3107 2754 wie es eben Ort und Zeit der Konversatien verlangten, und
463 2684 2431 2924 begann über etwas Viehtigeres zu plaudern.
430 2797 3024 3087 Rebert kam in die Malerakadende, die Lehrer lobten ihn,
430 2954 3014 3217 hatte Protektien, das war selbstverständlich,- er hatte
436 3094 3084 3363 vielleicht auch Talent, aber das var ungewiss. “Aber der
446 3240 3110 3493 Weg ist ihm gebahnt“, sagten die Leute. “Wenn er ein Bild
456 3367 3024 3633 in die Ausstellung schickt, braucht man nur einen Nagel
500 3536 2860 3853 in die Wand zu schlagen - aufgehängt wird es sich###
