5933 5080
1482 186 4524 415 Ob mein Urteil, eine neue Gesellschaftsmoräl steige
1124 367 4438 523 herrn u. nehme Ihrer vermeintlich zeitlosen Liebes Vielewitt
1141 449 4533 653 Geltung und Belang, wirklich zu trifft, darüber wird die Zukunft
1115 579 4568 774 entscheiden. Die Verwilderung u. zugleich (Holgerichtig!) Bagatelli¬
1106 691 4386 864 sierung des Liebestebens währender Tage hat das Sepuelle statt
1124 817 4533 994 degendiret u. eine Lösung des Eros vom Sepus, jeder Agage vom
1132 916 4317 1119 Ers bewirkt u. damit Liebesprobleme höhere Art sichtbar
1128 1063 4321 1245 gemacht, die in Ihrem Werke noch nicht erscheinen. (das ich
1128 1171 4533 1370 zur Vergültigung meiner Zeiten verweisen auch: Max Scheler
1128 1283 4563 1512 Wesen u. Hermen der Sympathie, u. auch die Scheidung des Seprullen
1149 1404 4472 1590 vom Erich bei Eduard Spränger, Physologie des Jugendlichen
1491 1564 4494 1763 5. Mißverstanden holen Sie das Wort von der, „im üblen
1132 1633 4429 1841 Sinn bürgerlichen Hoche“. Ich bin weder Sozialdemokkeit noch gar
1132 1763 4477 1958 Kommunicht. Ich ersehne, ich erwarte die Heilung der Zeit u. Welt
1158 1893 4485 2091 von einer Rückkehr in ehles Bürgerium, ein Bürgertum mit
1128 2009 4442 2191 hoffen Bindungen (Einehe, Kinderzucht, Arbeit, Bescheidenheit,
1132 2187 4347 2333 Ehrlichkeit usw.). An übeln Sinn bürgerlich, d. h. Bürgerschaft
1132 2256 4542 2459 (dieschremdwort wollte ich verdeutschen) war die Epoche von 1870-1914;
1128 2390 4490 2601 überfall, geil, unernst, glauben – u. ziellos, drohnenhaft waren
1124 2575 4568 2757 mindestens jene mitschaftlich gehobenen Stände des Bürgertums,
1132 2666 4339 2826 die langsam aufzehnten, was ihre bescheideneren u. fleißigeren
1124 2779 4468 2930 Vorhöhren zusammengericht hatten - jene Gesellschaft, die in
1128 2895 4568 3129 Ihren Rechten für Künftige zeiten forträtiert ist. In den Verspottung,
1162 3034 4542 3198 Verdammung der Literaten= u. Demagegengfrühe von der Allgemeinen
1158 3163 3578 3306 Menssenliebe, bei ich mit Ihnen eines Sinnes
1711 3232 4520 3440 wirthsache, daß Sie über Ihre Stellung zum Delaminis aus
1158 3371 4468 3543 nicht sagen wollen, gerade darüber hätte ich am liebsten etwas
1158 3505 4460 3647 gehört. So muß ich mich gedulten, bis Sie mir in mündlicher
1158 3587 4460 3738 Unterhaltung ein Wort drüber gönnen. Dann wollen wir
1145 3690 4542 3876 auch gemeinsend wördern, ob Ihre Dichtung tatsächlich, ohne Wort
1149 3824 4451 4014 Gottes ist ein Vorwurf (oder Heftstellung) dies übrigens, den
1132 3906 4023 4101 Gnedrich Schlegel nicht gegen solle erhoben hat.
1625 4027 4386 4183 Sollte ich in meinen rath hingeschriebenen Zeilen
1128 4183 4364 4317 dem einmal zu heftige Ausdrücke gebraucht haben, so
1145 4235 4619 4421 nehmen Sie das nicht übel. In derommission bleiben nicht einmal
1141 4360 4377 4546 die Engel sacht, geschweige nun ein gelernten Kritiker
1430 4451 4624 4650 Seien Sie schächtens gegrüßt an Ihrem in unummittbaren
2861 4533 3535 4706 Hornes.
1201 4524 2394 4702 Verzeug ergebenen
