5936 5064
2294 1387 3777 1563 Seh ich also hier ein großes Versprechen für die Zukunft,
2135 1490 3741 1636 so scheint mir - ich daß doch nicht essen meine Eindruckte aus¬
2124 1552 3848 1698 Kirchen - im übrigen dieses Stück Künstlerich nicht so gelungen
2135 1625 3842 1784 wie die „Komodie der Verführung“. Die Molina Liebe, Alter
2144 1691 3865 1835 u. Krieg sind nicht genügend ausbalanciret, stören u. Hemmen
2137 1769 3773 1927 sich wechselseilig: der alte Scheitzler u. ein neuer, ganz anders
2137 1820 3797 1968 gerichleter Scheither gehen das sei nander. Und dieser neue Scheitzler
2154 1893 3754 2052 ist sich wohl des Weges, aber noch nicht des Zieles bewusst¬
2144 1957 3760 2088 weshalb das Stück denn mehr abgebrochen als abgeschlossen
2152 2017 3685 2172 ist; hast fürcht ich, der lezte ark könnte dem Bühnenschicksal
2144 2071 3767 2247 gefährlich werden. - Also zusammensassend: es ist nicht Ihr
2152 2135 3773 2317 bestes Werk, aber eines, das zeigt, wie unandlungsfähig Sie
2159 2234 3734 2392 noch immer sind u. wohin sie künftigen Weisen gerichtet
2154 2275 3848 2433 ein werden. Das neue Geschlecht leidet weniger als seine Eltern
2137 2326 3844 2510 an den Liebesproblemen, ist aber u mehr tiefer erschüttert durch solche
2148 2416 3812 2577 des Geistes, der Gesellschaft des Glaubens, indem Sie mit dem, sang
2341 2470 3829 2605 ter auch diesen näher getreten sind, beweisen Sie, wieviel
2997 2519 3848 2622 gezogen haben. - Wühl ich doch nur
2167 2542 2347 2635 Wm Wizi
2995 2575 3698 2682 über ihre letzten dikungen
2339 2592 2648 2671 noch diesem nach
2761 2613 3917 2748 Rundthau Bl es abgelehnt xxx Ausend komm. xxx 26
2416 2639 2607 2768 wer ich sein.
