5895 4984
4029 453 4243 606 2.3089
1509 718 4417 888 gründenden Wie der Gestaltung. Nur bezüglich das Stilshabe ich allerdings
1505 823 4377 997 einer Bewertung stattgegeben und da Freilich zu Ihren Ungunsten. Aber das
1469 914 4362 1102 konnte Ihnen, wie schon mein erster Brief bemerkte, nicht neu und unerwar-
1483 994 4352 1204 tet sein, denn ich wiederholte damit nur eine schon früher ausgesprochene
1490 1200 1824 1338 Meinung
1799 1168 4286 1363 Von einem "Ausspielen" des einen Dichters gegen den andern, wie
1490 1302 4406 1530 Sie das diesmal zu nennen belieben, ist doch wirklich die Rede nicht. Aber
1480 1403 4333 1632 wer erkennen will, muß vergleichen; jegliches menschliche Wissen basiert
1498 1509 4352 1715 auf irgend einer komparativen Methode. Dürfte die Wissenschaft solche Re-
1519 1614 4261 1824 lationen nicht mehr wagen, so müßte sie auf objektiv wissenschaftliche
1519 1708 4391 1926 (was natürlich mit einem Körnchen Salz zu nehmen ist) Betrachtung lebendi-
1501 1828 4410 2005 ger Gegenwartskunst völlig verzichten und diese zur Gänze jener Journaille
1527 1897 4417 2089 überlassen, über die ich letzthin zu Ihrem Mißfallen so wegterfend sprach.
1509 2027 4366 2168 Wohl stellen Sie mit Recht dem zeitungsverachtenden Gelehrten die der le-
1516 2118 4381 2310 dernen Gelehrsamkeit spottenden Tagesschreiber entgegen, ich fürchte nur,
1527 2219 4359 2382 dieser Gegensatz siedelt dort, wo auch der überwiegend größte Teil Ihres
1519 2295 4337 2535 Werks siedelt: in der guten Vorkriegszeit... Denn daß heute "höchst an-
1530 2430 4348 2593 ständige, kluge und gebildete Menschen" unter den Tageskritikern des Bu-
1534 2531 4290 2720 ches (nicht des Theaters!) in der Mehrzahl - was sage ich, auch nur in
1527 2629 4370 2803 größerer Zahl zu finden seien, leugne ich rundweg und würde Ihnen schwer
1548 2709 4402 2897 fallen, zu beweisen. Was übrigens kein Vorwurf gegen die Journalisten als
1545 2796 4344 2984 Schriftsteller, sondern vielmehr gegen die Geringschätzung der literari-
1545 2926 4406 3108 schen Lebenswerte von Seiten der Zeitungsunternehmer sein soll. Bei allen
1534 3017 4384 3180 Göttern beschwören aber möchte ich Sie, mich nicht zu jenen albernen Leu-
1559 3133 4381 3275 ten zu zählen, die den Gelehrten und die Wissenschaft mit allen Tugenden
1556 3213 4373 3412 begnadet meinen, hingegen alle Sünde und Schande bei den Unzünftigen su-
1556 3296 4395 3488 chen und finden. Fast stelle ich mich lieber ins andere Lager. So war est
1556 3441 4359 3586 denn auch nicht so gemeint, daß die edle Lust des Erkennens nur in lang-
1556 3521 4406 3692 weiligen Fachzeitschriften (etwa weil sie keine andern Lüste zu befriedi-
1563 3644 4395 3833 gen vermöge...) zu Hause sei, und wir vereinigen uns in der Ueberzeugung,
1567 3706 4315 3898 daß Geistes- und Charaktereigenschaften nicht nach Berufen getrennt --
1570 3855 3659 4007 sondern in einiger Qualität allerorten sehr rar sind.
1878 3909 4370 4101 Schließlich muß ich entgegen Ihren zum Voraus geäußerten leisen
1556 4032 4322 4199 Zweifeln doch bemerken, daß bei den Lesern der In Rede stehenden Zeit-
1567 4119 4406 4304 schrift, die wirklich nur strenge und engste Fachgenossen sind, tatsäch-
1574 4235 4449 4402 lich die Kenntnis meiner Arbeiten über Sie und also auch meine bezügliche
1577 4326 4435 4562 Stellung zu Ihrem Werk als bekannt vorausgesetzt werden durfte; und eben
