5936 5064
1146 339 4581 507 nach dem, mit Sie glauben, ich noch dem, uns versiegt. Sollte Leopfalt
1176 468 4500 623 "problematisch" zwischen den "Krieger" u. den" Dichter gestellt werden,
1151 601 4500 743 so dürfte das Problem nicht durchkreuzt werden durch das ihrer Stellung
1138 661 4517 829 wischen Alter u. Jugend. Ich erinnere mich übrigens auch keiner Stelle
1134 812 4478 945 in Lemildes Reden, wo sie ein Schwantten ihrer Neigung zwischen dem
1134 902 4569 1030 „Mann der tat“ u. dem „Man das Geistes“ ausdrückte. Von einer
1142 1005 4508 1168 unauflöslichen Beziehung zwischen dem wolischen u. dem politischen Teil
1142 1125 4491 1258 des Damers (Hochweilen Sie) findet man in dem gegrückten Werke
1151 1189 4453 1357 nicht einmal die Spuren. In Ihren Verarbeiten u. Entwüchen mag
1142 1284 4435 1481 dergleichen noch stehen. (Dem Liborsistoritter ist solche Verkennung
1164 1395 4586 1606 des eignen Werts- Vermehrtung des Gewollten mit dem Geleisteten.
1151 1567 4397 1739 nicht fremd. In einer Studie über Hebbel die nächstens erscheint,
1172 1640 2383 1838 sag ich einige Schreiber.
1365 1692 4616 1936 3, der Vormürich "dürftiger Gemeinglätzigkeit" Ihrer papifistischen
1146 1872 4414 2035 Brunbiationen mag in der Fam zu prob sein; in der Sache steh ich fest,
1146 2001 4513 2151 denn ein Dichter darf nicht Banalitäten äußern lassen, macht er zur
1172 2121 4453 2250 Sache nichts Neues, oder bescheiderer gesprochen: nicht Eigenwärtiges
1159 2203 4577 2379 vorzubringen, so schweige er. Seit Schülertagen ist mir in schrecklicher
1168 2306 4496 2512 Erinnerung ein Verstürme von O. Blumenthal, der tote Läne,
1164 2447 4474 2615 das in vivialster Sprache Zeitungsbenalitäten verzucht: ein Schul¬
1146 2529 4410 2714 beispiel von Ungrasie. Und O. B. hätte dennoch mit Recht schaupten
1142 2623 4435 2795 düchen, daß über die in seinem Theaterstück behandelten Herzen seit
1129 2761 4496 2950 Jahrhunderten niemand etwas wesentlich Neues vorgebracht habe.
1155 2851 4534 3074 Es kommt nicht auf eine (sehr eingewürdige) Neuheit im, sondern
1151 2963 4599 3182 auf Tische. Und Sieheres ist über den Papisismus denn doch schon gesagt
1159 3117 4599 3341 worden, u. Aigens sogar etwas Neues; ich nenne bloß den Namen
1159 3225 1662 3431 Landhi
1327 3315 4521 3547 4, Indem ich den Libeur- u. geistes geschichtlichen Ort Ihres Werks
1138 3529 4371 3675 zu bestimmen versuche, unterscheide ich Ihre Genemtion von einer
1164 3607 4530 3791 nachgeborenen veränderten. Art d. Viehe dieser Veränderung können
1146 3753 4504 3907 Sie bezweifeln; ob aber auch verstehen? Der historiker, ein rückwärt
1151 3843 4435 4053 geehrter Köphet, kann die Vergangenheit begreifen; die eigne
1164 3989 4350 4148 Zeit schon nicht mehr oder nur selten, er muß dies Geschäft
1146 4079 4586 4281 ge nachdem — Kritikern u. Politikon überlassen, denen es besser
1164 4221 4324 4371 gelingt, der Gegenwart gerecht zu werden. Über die eigne¬
1142 4320 4341 4487 Generalien hinaus aber dringt keines Menschen begreifen;
1159 4423 4551 4663 mir verstehen ausgezeichnet dahöre Väter, zur Not und selbst,
1164 4543 2383 4710 niemals unsere Kinder.
