6424 5208
328 1968 2002 2086 der man erst ermittl, wie viel jenen andere fehlt,
311 2024 1994 2187 mag auch ihre Problematik tiefer u. zeitgemüßer sein.
572 2107 1972 2272 xyz macht nicht, ob Ihnen das Aprilhehl der
326 2178 2039 2350 "Preußischen Jahrbächer zugegangen ist, in dem die erste
322 2268 2039 2410 (größere) Hälfte meines ungekündigten Aufsatzes abge¬
334 2350 2026 2463 druck ist; wähling dazu habe ich gegeben sollte hin nicht
334 2401 2007 2572 entsprochen worden sein, so müssen Sie sich gedulden, bis
334 2495 2022 2590 - im Mai - der 2. Zil erscheint u. ich dem meine Sonder¬
328 2553 2022 2720 abzüge erhalte. Wenn Sie meine - sehr aushöhrliche - Ab¬
328 2648 1955 2765 Landlang gelesen haben, so grünen Sie nur dann
341 2703 1996 2849 gewisseine - möglichst offenherige - Antithilik
341 2785 1833 2924 aus der ich auf jeden Fall viel zu lernen hoffe
489 2851 1985 2997 Seien Sie nochmals beibakt u. schönstens
369 2963 2090 3108 begrüßt an Ihrem getreuen Verehrer u. Monogènchen
1115 3066 1841 3252 Jos. Körner
