5871 5066
3750 402 4341 599 PRAG XIX., Na-hutich 661.
1388 491 2076 621 PROF. Dr. JOSEF KÖ NNER
3951 904 4471 1131 2. Mai 1931.
1897 1101 2943 1239 Hochverehrter Herr Doktor,
1908 1164 4390 1369 gleich Ihnen sollte auch ich mit einer Entschuldigung beginnen,
1510 1298 4326 1462 daß Ihr sehr gütiges Schreiben von Ostern erst heute Erwiderung findet.
1521 1440 4449 1566 Wollen Sie bitte aus meiner Zögerung nicht schließen, daß dieses Schreiben
1521 1495 4460 1655 mich in sachliche Verlegenheit gesetzt hätte; aber wohl in persönliche Vor-
1525 1603 4371 1767 wirrung. Ich kann ja Ihren ausführlichen Brief in jedem Sinn nur als ein
1521 1745 4367 1860 Geschenk betrachten 9 als ein wertvolles! - und hätte es, um zu so kost-
1540 1841 4397 1975 barem Geschenk zu gelangen, offenbar gar nicht schlauer anstellen können,
1540 1934 4497 2068 als daß ich - Ihrer Meinung nach - zuvor Ihren Unwillen erregte. Aber weder
1533 2016 4166 2172 diese^ unmittelbare, noch jene mittelbare Wirkung war beabsichtigt.
1927 2139 4367 2258 Im Ernst zu reden: - (Aber wie soll man ernst bleiben, wenn die
1533 2206 4483 2366 Geschichte so drollig ist) -in wecheelseitigem Mißverständnis sind wir einer
1544 2303 4464 2481 über den andern erstaunt, machen einer dem andern eine Empfindlichkeit zum
1551 2433 4527 2582 Vorwurf, die hier wie dort gar nicht ins Spiel gekommen zu sein scheint. Ich
1533 2548 4356 2652 war erstaunt über die durchaus unzutreffende Interpretation der kleinen
1533 2608 4345 2771 Studie und mehr noch darüber, daß Sie mir eine übelwollende Beurteilung
1533 2727 4371 2861 Ihres Werks zutrauen. Weil ich mich aber keineswegs für unfehlbar halte,
1544 2838 4431 2976 und es doch immerhin möglich wäre, daß trotz bester Absicht infolge notge-
1551 2931 4416 3076 drungener Kürze oder schriftstellerischen Ungeschicks in meine Sätze eine
1544 3002 4371 3214 Färbung gekommen sei, die Ihre Auffassung ermögliche, ja erzwinge, legte
1544 3151 4364 3274 ich die Anzeige ein paar befreundeten (und sämtlich Ihrem Werk zugeneig-
1559 3199 4427 3404 ten) literarischen Freunden zur Beurteilung vor; keiner wollte Ihre Beau-
1551 3355 2206 3486 ständung teilen.
1946 3374 4408 3545 Wenn Sie sich das Blatt (aber damit mute ich Ihnen wohl zuviel
1551 3512 4416 3675 zu) nochmals ansehen wollten, so würden Sie finden, daß auf S.33 mit dem
1540 3605 4479 3776 Worte von der berühmten Jugendnovelle kräftig genug ausgesprochen ist, daß
1544 3739 4371 3887 David nun mit einem Dichter verglichen werden soll, der nach Niveau und
1544 3828 4535 3995 Ansehen hoch über ihm stand. Im Folgenden wird dann bloß die Motivik beider
1551 3954 4386 4088 Dichter gegenübergestellt in völlig wertefreier Betrachtung. Den Lesern
1562 4066 4423 4196 der gelehrten Zeitschrift durfte gar nicht ausdrücklich eingeschärft wer-
1562 4189 4390 4308 den, daß hier bloß von einem unterschiedlichen Was die Rede sei und gar
1533 4267 4404 4464 nicht von dem den Wert und die Bedeutung des Dichters überhaupt erst be-
