5928 5064
3669 515 4281 715 PRAG XIX., Na hutich 661.
1323 373 2019 738 PROR. Dr. JÖSEF KÖennER
2427 419 3204 862 Van Brief
3769 858 4296 1088 26.Mai 1930.
1685 1038 2739 1235 Hochverehrter Herr Doktor,
1681 1231 4273 1419 gestatten Sie mir die Mitteilung, dass ich Mitte dieser Woche nach
1338 1381 4258 1589 Wien komme und mir erlauben werde, Sie Donnerstag oder Freitag telephonisch
1304 1577 4304 1708 anzurufen. Ich hätte diesmal aber auch eine recht unbescheidene Bitte. Mir ist
1304 1750 4300 1873 zur Anzeige in einer wissenschaftlichen Zeitschrift ein neues Buch über J.J.
1315 1877 4177 2019 David zugeschickt worden, und um meiner Arbeit mehr Gehalt zu geben, möchte
1296 2050 4300 2169 ich dafür gerne irgend welches neue Material haben, das Sie mir vielleicht in
1292 2131 4312 2289 Form von Briefen, die etwa David seinerzeit an Sie geschrieben hat. Überlassen
1292 2273 4385 2465 könnten. Vorausgesetzt natürlich, dass Sie dergleichen Anliegen nicht prinzipi-
1292 2442 4354 2642 ell von vornherein ablehnen. Ich darf darauf vielleicht mündlich zurückkommen.
1681 2608 2727 2796 Mit den schönsten Grüssen
2677 2754 3685 2981 verehrungsvoll der Ihrige
3362 2927 4015 3239 p. Römes
