5871 5066
3478 355 3704 510 “
3054 427 3247 597 m
3466 469 3825 609 peu de ses
1270 480 1712 616 Rolind aV.XIX DA5
1244 556 4113 684 cher Weise. Nach Dilthey ist Dichtung vor allem ein "Organ des Lebensver¬
1263 688 4101 801 ständnisses", Mikoskop und zugleich Makroskop des Lebens, sie zeigt dem
1259 779 4128 919 Menschen das Wesen und die Möglichkeiten seiner Existenz und hilft so das
1259 877 4166 983 Leben verstehen und klären. Hingegen unterscheidet Gundolf streng zwischen
1259 987 4196 1119 einem Dichten der Gestaltung und einem Dienen der Schilderung. "Beide (ich
1259 1077 4135 1213 zitiere wörtlich) werden oft verwechselt: dichterische Menschengestaltung
1263 1176 4154 1304 ist das Vermögen, innere Gesichte durch Sprache erscheinen zu machen, nach
1259 1281 4147 1410 außen zu entwirken. Menschenschilderung ist das Vermögen, gesammelte Merk-
1263 1380 4218 1531 male aus breitem Beobachtungsstoff, auch Selbstbeobachtungsboff, zu vereini-
1263 1474 4158 1610 gen, zu deuten und zu sagen. Die Beobachtungen mögen Gemilenplätze oder Ent¬
1270 1584 4237 1697 deckungen sein. Sind sie Entdeckungen, so wirkt oft als Schöpfertum, was tie-
1263 1675 4169 1811 feres Wissen ist. So bei Balzac, Dickens, Tolstoi, Dostojewski. Menschenge-
1259 1788 4120 1905 staltung ist a priori, Menschenschilderung a posteriori." Ihr Werk als
1259 1879 4184 2003 das eines Psychologen ist durchaus schildernd; ich würde als Gegensatz etwa
1259 1977 4154 2117 die Namen Jean Paul und Stifter nennen, bei denen Gestaltung durch Sprache
1263 2087 4192 2219 das Primäre ist. Im übrigen wird man gerade bei Prosaschriftstellern selten
1259 2196 4215 2336 gestalterische Dichtung finden, weil diese vor allem im lyrischen Werk lebt;
1259 2298 4120 2415 Schriftsteller, die ohne lyrischen Ehrgeiz, d.h. doch wohl im Allgemeinen
1244 2381 4283 2593 ohne eigene Sprache sind, bleiben eben darum sprachlich konventionell.
1240 2476 3270 2608 Aber ich will wirklich keine Abhandlung schreiben.
3504 2529 3995 2627 G.C.H.F.
1591 2582 4113 2699 Vielmehr komme ich auf den Wingang dieses Schreibens zurück, auf
1244 2691 4188 2809 den Unterschied zwischen objektiver, wertefreier Charakterisierung, wie sie
1240 2763 4147 2918 die Wissenschaft, und einem rein quantitativen Lob- und Tadelerteilen, wie
1244 2895 4207 3005 es die nach Geist und Charakter korrupte Tageskritik unserer Zeitungen übt.
1255 2986 4101 3118 Ich weiß schon lange, und nun hat es mir leider auch Ihr Brief bestätigt,
1232 3077 4218 3228 daß dieser letztere Unfug den schaffenden ein gesundes Verhältnis zur Kritik
1236 3205 4166 3379 fast unmöglich macht. Den wissenschaftlichen Betrachter bewegt nicht Liebe,
1232 3285 3633 3406 nicht Haß, sondern einzig und allein die Lust des Erkennens.
1550 3360 4124 3523 Meine Freude wäre groß, wenn diese bescheidenen und (aus leidigem
1213 3444 4162 3689 Zeitmangel) allzu hastig hingeworfenen Zeilen Einiges zur Klärung beitragen
1232 3565 1591 3708 sollten.
1569 3644 3198 3814 Mit dem Ausdrucke unwandelbarer Verehrung
3153 3761 4143 3992 Ihr Ihnen sehr ergebener
3670 3999 4067 4234 Y
3258 4082 3583 4324 frs.
3765 4162 4052 4290 G.H.P.
3289 4245 4173 4442 R. Perny
