5954 5065
1270 405 4322 696 Unterbringung alle Not habe. Ich höffe, dass er, schlimmstenfalls gekürzt, in
1281 570 4273 773 nächsten Jahr in den Preussischen Jahrbüchern erscheinen soll. Leider halten
1281 643 4276 872 mich meine sehr weitschichtigen dokumentarischenn Forschungen immer zu von dem
1304 723 4380 956 "Tigentlichen" ab, und wenn ich einmal mit diesem endlosen Zeug fertig sein soll-
1300 853 4146 1063 te, wird es vermutlich auch mit allem übrigen schon oder bald fertig sein.
1281 1006 3232 1220 Verzeihen Sie diesen melancholischen Stosseufzer
2884 1121 4341 1320 Ihrem Ihnen Verehrungsvoll und treu-
3469 1262 4360 1411 lichst ergebenen
3814 1488 4181 1694 Nôrme
3779 2605 4422 2800 HedesegdA. eddo in
3814 2731 4414 2903 ot edad, ist jei
3817 2830 4433 2999 Ira aifrea doen
3569 2941 4464 3114 lesed doen enten darub
3355 3056 4426 3224 gelebne meffe es istnt notta!
3087 3140 4452 3351 u meiw at neidosndleW aasb dol nie
3274 3255 4445 3404 xxx nenil ied redrov
2345 3274 2563 3374 G.H.F.P
3255 3358 4016 3546 o J e.. I...
3152 3416 4468 3638 w eale tül xun ejusd dol; mond nie
2731 3550 4479 3752 das ente, meistenes: da siebaffoä aenle gnuf
1622 3615 1997 3741 G.H.A.F.A
2314 3638 4487 3898 ebuos, neÿgmeidosed ich Jhöin notwieses rentem ni dol eib
1553 3714 2119 3856 G.H.F.P.
1870 3764 4479 4012 h.dolfg.M.eriffow mestesre xxxnuffe###e! bau begaukremed eraddouste
1652 3794 2253 3951 irra ara ae
2291 3882 4502 4127 Sihnätstovnd deren doliebten bau###seffemmessen rüleid ziem
2280 3947 4510 4192 ab das meb, xxx übend xxxndroV meule us woon redntW meselb di
2253 4062 4517 4292 enu Jäser asb, erdal nesneg meaeib nI.ebulw neaasf nekorib
2268 4181 4533 4410 dota heb, dortdag ebnataus stse! uA negichie mente zum dol
2264 4257 4533 4579 tet nehroweg dolergnalmu os tods isb - enöstgaïT sai redü
