5916 5080
1996 520 2982 656 Verchitester Herr Doktor
2009 608 3646 738 Kann war ich nach Prag zurückgekehrt,
1969 666 3595 829 so war eine heftige Erkältung mich aufs
1967 746 3611 882 Krankenlager u. mein ganzes Arbeitspro¬
1972 826 3646 941 gramm über den Hansen. So kam ich erst pät
1964 914 3688 1031 zum Semil Ihres neuen Buchs u. wollte doch nicht
1961 986 3670 1125 danken, eh ich einen, xi's auch nur vorläufigen,
1948 1045 3646 1189 Endurch der Ritter davon gewonnen hatte. Jans
1943 1127 3528 1226 bin ich noch nicht durch, aber habe mich doch
1943 1221 3688 1317 schon an manchem tiesen u. weisen Wort erfreuen.
1961 1285 3603 1388 können. Einwande zu äustern, machen sie
1953 1370 3640 1474 einem schwer, denn die wahrbatt ergreifende
1948 1442 3558 1543 Bescheidenheit des „Vorworts“ nimmt der
1948 1506 3539 1615 Kritik aller Wind aus den Segeln. - Am
1961 1588 3627 1687 wenigsten gefallen haben mir „Spüche in Versen.
1961 1671 3616 1759 Die auf S. 26 darf ich wohl ein bistchen unter die
1780 1855 2145 2007 x. IV.926
1850 1852 3912 2071 Hochverehrter Herr Doktor, eingehende Beantwortung ihres
1780 1993 3856 2145 w. Biches, der mich ebenso stutzig gemacht hat, wie Sie der meine
1786 2065 3896 2199 wurde den Nahmen eines Pariortschreitens allzu sehr sprengen, drum
1770 2185 3832 2276 will ich sie lieber u Form eines Aufsatzes geben, für den ich endlich
1775 2257 3918 2356 einen Ortgefunden habe. Dort sollen alle Ihre seit Erscheinen meines
1770 2329 3838 2441 Leiches herausgekommenen Schriften besprochen werden. Dankbar
1788 2380 3814 2502 wir ich, u. im Interesse der Sache mir es, wenn Sie mir von
1775 2446 3856 2596 solchen Dichtungen, die seither nur in Zeitungen oder Zeitschriften
1756 2545 3846 2654 aber noch nicht in Büchform erschienen sind, Abzüge leitweise
1775 2622 3766 2724 u. auf ganz kurze Zeit überlassen wollten. Ich zweihle nicht,
1775 2694 3790 2788 daß mein Aufsatz alle Mistverständnisse Kären u. eine
1788 2753 3353 2889 Plathorm gänzlicher Verständigung bieten und.
2116 2844 3635 2998 Mit den verbindlichsten Empfehlungen
2670 2958 3254 3131 sehr ergeben
3166 3033 3739 3219 Ihr J. R.
1985 3310 2942 3483 Hochverehrter Herr Doktor
1895 3390 3870 3544 der gesuchte Satzstahl in der Tal bei Ehemann unter¬
1863 3488 3923 3632 dem Datum. d. 4. Febr. 1829. Goethe hat demselben Heilenkowschen
1866 3536 3976 3704 1813 in „Dichlung u. Mehrheit“ ausgesprochen (Aurgeb. Hempel XXII, S. 128).
1871 3635 4000 3776 Vgl. was über diese Herrs. so begeihnende Idee zusammengebogen
1887 3702 3947 3843 ist bei Hermann Siebeck, Greife des Denker(Ritlyart 1905, 2. etwas)
1884 3774 3939 3899 S. 150 hh. Neuestens Thrieb Kobert datoch über „Grathes Stellung,
1852 3830 3923 3987 zur Nichterblichkeitshange" in der hellündischen Zeitschrift, Mo¬
1868 3918 3968 4072 philologus Bl. ich die Zuschrift ist an der Wiener Universi¬
1852 4037 2825 4149 tätslibliothek vorhanden,
2188 3995 3992 4245 Vielen dank für Ihre Bemühung beim Pl.-Verlag!
1871 4160 3065 4309 vielleicht läßt sich dort ein Interesse
3603 4195 3867 4301 büchlen
1863 4216 3353 4360 geglauten Zullparzer-Luch erzielen. Konne¬
1863 4272 3278 4448 nach Wien, so will ich mal dort enttig
2924 4341 3294 4488 chten Herrn
2260 4363 2878 4507 mit den aller Ihren
2516 4448 3459 4629 Ihr verehrungsvoll
3193 4544 3803 4733 des König
1866 4552 2191 4757 8.2.19
