5933 5080
1821 753 3146 1065 Prof. Dr. JÖSEF KÖRNER 2 Rott
3358 791 3626 959 Prag I.,
3266 927 3688 1057 Veleslavinova 10
2043 978 3534 1211 Über vielleicht bezweifeln Sie
1721 1092 3900 1344 weniger die Tatsache des Generationswunder¬
1734 1252 3835 1447 auch im Marilischen, als mein Wertudeil
1713 1374 3778 1553 dass dies „Vosmischen“ Liebes- u. Todesgehühle
1718 1501 3775 1661 gungster Zeiten etwas höheres bedeuten als
1726 1607 3772 1783 die nur erlischen Herr Genemtion. Nun
1732 1707 3658 1894 Sie entstammen jener „posili eistischen
1740 1802 3732 1995 Eroche deutscher Geistes geschichte, die an ein
1745 1908 3875 2103 System der Werte so wenig glauben wollte
1740 2054 3856 2219 wie an Metaphosit irgendeiner Art. die
1740 2146 3677 2285 in grenzenlosem Relotivismus eine
1713 2247 3827 2417 Annochie der Worte im Stelle der Hienachie
1743 2379 3829 2553 sezte. Sie entspommen individualistischen,
1740 2472 3848 2650 sähe Ministischen Zeiten, müssen daher not¬
1767 2572 3913 2745 wendig im principium individantiam
1745 2653 3810 2881 höchstes Glück sehen, während eine All- u.
1778 2748 3791 2981 Gott-brüchtige Gegenwart darin gewill
1780 2848 3881 3057 den Sündenhall beklagt. Hier, glaub ich
1756 2962 3862 3152 gern, ist dem wechselseitigen Verständnis
1767 3076 3905 3301 eine Grenze gesetzt, weil alles Verständ¬
1764 3176 3813 3336 ins letzten Gründes (ich erinnere diesbe¬
1794 3287 3873 3472 züglich an S. Bilthlys liessinnige Über¬
1783 3415 3913 3631 legungen) auf dem Erleben gründet. Und
1770 3512 3832 3732 Liebe u. Tod „ erlebt“ jede Genomtion
1783 3621 3911 3829 auf ihre eigene, unvermechselbaren Art.
2079 3729 3911 3951 Entschieden aber sind Sie im Unrecht
1786 3859 3751 4049 mit Schwer Meinung, daß es sich in Ver¬
1791 3976 3770 4217 Kunst nicht ein Probleme handl
