6008 5066
2072 480 2324 741 G.C.F.P.
4151 1119 4367 1347 1
1363 1278 2271 1514 Prag 8.VII.30
1665 1302 3679 1661 Hochverehrter Herr Doctor,
1323 1481 4489 1832 verzeihen Sie tausendmal, daß ich erst heut dankende.
1306 1681 4546 1958 Bessötigung u. zugleich Rücksendung Ihrer David. Briefe
1335 1775 4575 2035 bewirke; gegen Kemesserende u. vor der Abreise sind allemal
1302 1937 4522 2186 die Tage zu Stürz für die Ausenderlei Geschäfte - mögen sie auch
1331 2047 4493 2344 astronomisch die längsten sein. - In den Briefen hab ich das
1339 2153 4514 2426 nicht gefunden, was ich suchte: ob u. wie David, der sich mit
1339 2279 4571 2609 Ihnen in vielen Motiven begegnete, mit Ihrer von der seinen
1327 2442 4599 2735 grundsätzlich abweichenden Behandlungsweise sich auseinander¬
1315 2568 4424 2833 setzte; ich muß diesbezüglich also wohl eigene Hypothesein
1807 2755 4571 3028 Herrn wurde ich darüber Ihre Meinung hören. Vielleicht
1323 2821 1746 2996 wagen.
1323 2906 4351 3118 darf ich im Herbst, wenn mir auf der Ruttreise von einer
1315 3028 4404 3321 übermorgen anzutretenden Studienreise in die West¬
