5928 5064
1332 1186 4465 1404 schmerzlich bewußt geworden, wie schwierig, ja hast unmöglich es
1320 1372 4504 1554 auch für einen schon bemähsten Schriftsteller, der aber keine persönlichen
1281 1491 4302 1653 Beziehungen zur "Presse hat, es heutigen Lags ist", seiner Stimme
1281 1582 3386 1768 den Weg in die Öffentlichkeit zu bohnen
1967 1614 4084 1919 Hoffentlich sind Sie nicht böse, daß ich
1269 1816 4461 2101 Ihre Freundlichkeit diesmal ein bißchen allzustark mißbrauche.
2228 1982 3410 2201 Mit Ihnen Grußen
2546 2169 4334 2419 Ihr verehrungsvoll ergebener
3327 2379 4278 2680 Jos. Horner
