5960 5049
2410 554 2768 775 G.C.P.
708 819 2678 994 eine sofortige Auflage von 50.-70,000 (!) u. gute
664 922 1663 1082 Beleiligung am Gewinn.
2928 932 3736 1089 Prof. Dr. JοSEF KÖRNER
4457 986 4705 1097 Prag
945 981 2557 1192 Ich bin M ein paar Tage vor Weihnachten
4401 1074 4792 1164 Veleslavinova 10
693 1118 2688 1295 (21.-24 d. M.) in Wien; wenn Sie einiges Interesse
4378 1143 4833 1290 16. XII. 1924
711 1223 2740 1406 für die Sache haben - u. übrigens nicht verreicht sind -
703 1316 2745 1504 möchte ich nur erlauben, bei Ihnen persönlich vorzu¬
3041 1342 4473 1568 Hochverehrter Herr Doktob,
677 1424 2560 1584 sprechen. falls Sie damit einverstanden sind, so
690 1514 2603 1707 haben Sie, bitte, die Güte, brichlich oder telephonisch bei
2897 1560 4846 1723 großen Dank hab ich Ihnen zu sagen für die sehr
690 1604 2626 1792 meinem Bruder (Rechtsanweil Dillex Hörner,
2869 1707 4733 1849 freundliche Zusendung Ihren beiden neuen Miette
700 1720 2621 1898 IX, Porzellangasse 16) zu hinterlegen, wann
2874 1769 4648 1918 besondere fesselt mich das Dranna, des fraglos zu
693 1810 2717 2011 Ihnen mein Besuch am wenigsten Störend wäre.
2915 1890 4874 2042 Ihren interessantessen Arbeiten gehört, allerdings
1097 1908 2549 2112 Nüchstens sond ich Ihnen eine kleine
2897 1978 4751 2106 aber auch dem Verständnisse (nicht leicht erschliesst.
690 2003 2681 2214 künstpfychologische Studie ("Erlebnis-Motir-Stoff")
2889 2088 4833 2233 drum wundert es mich gar nicht, daß die Tages Kritik
695 2130 2711 2261 die ich zum Festband unseres gemeinsamen Freundes
2874 2176 4923 2328 aus Unlaß der Wiener Premiere darüber den heillosehlen
685 2225 2521 2405 (ich glaube, ich das so sprechen?) Oskar Walfel
2874 2289 4643 2431 Blödsinn verzapst hat. Wie ich Ihnen schweschrieb,
690 2346 2596 2518 beigesteuert habe. Ihr-selbredend offenherziges¬
2887 2348 4874 2513 gedenke ich beide Bücher in einem kleinen Aufsatz zu
667 2426 2642 2642 Urteil über wäre mir von besonderem Wort¬
2879 2493 4898 2619 würdigen; hoffentlich können Sie dann nur meinigstens
2889 2547 4499 2730 am Bisher richtiges Verständnis zubilligen.
1123 2616 2220 2802 Ich begrüßte Sie schönstens
3190 2670 4689 2843 Heut kann ich mit anderem zu Ihnen!
1112 2724 2639 2928 als Ihr verehrungsvoll gegebenes
2832 2778 4802 2930 Einer meiner Freunde, der Herausgeber einer der ange¬
2820 2866 4717 3028 schensten deutschen Monalsschriften, wöffnet mit Hilfe
1815 2881 2413 3121 Fos. Höme
2822 3005 4820 3126 eines sehr unbenehmungshähigen u. unternehmungst
2820 3072 4689 3239 lüssigen Verlegers eine neue Romanreihe "Die
2843 3162 4815 3335 Zeitgenossen, die wirklich wertvolle Lottture zu
1421 3144 1947 3335 11.102
2832 3265 4851 3432 billigen Preisen in weiterte Freise tragen soll. Gerne
2814 3376 4684 3523 nichte er dafür auch sie gewinnen. Ob es irgend
2802 3489 4831 3623 möglich wäre, dem Wegion Freie von T. Fischer loszu¬
2776 3564 4645 3718 eisen? Noch willkommer wäre natürlich ein
2778 3657 4800 3772 neues Romanwerk. Sie erzählten mir ja einmal,
2778 3734 4728 3919 Sie hätten dergleichen auch dem Amboß. Jedenfalls
2784 3850 4856 4035 Vann Ihnen auch der Verlag Ungewöhnliches tieten
