5933 5080
3338 511 3504 691 1
1572 658 3730 927 eignes Werk spricht in jeder Zeile gegen
1580 825 3639 994 diese Behauptung. Nur daß der Dichter seine
1612 924 3658 1115 Problematik nicht in abstratsten Sähen,
1588 1016 3644 1255 sondern in konttreten Gestellten u habeln
1594 1137 3693 1322 ausdrückt, unterscheidet ihr vom Philosophie
1596 1242 3738 1392 Und soll ich wirklich Worte darüber verlieren,
1607 1341 3676 1486 daß wier klar u. holgerichtig denkt, noch
1596 1449 3703 1647 lange kein, sicher denker ist? viel eher
1615 1559 3496 1728 noch einer, dem Klarheit u. Konsequenz
1607 1669 3574 1849 in etwas ermangeln, weil er sich an
1615 1763 3647 1916 der unaufhebbaren Widersprählichkeit des
1612 1868 3709 2064 Lobens, der Welt wurdgedacht hat. Oder
1591 1986 3617 2155 halten Sie Schopenhauer vor tiefer, als
1596 2091 3717 2252 Hegel, Voltare für bisher als Kant?
1924 2198 3642 2389 Um Wademisses Schulwissen in der
1615 2314 3494 2454 Philosophie handelt es sich beim Dichter
1621 2386 3725 2612 gewiß nicht. Und daß Ihre Problematik
1615 2526 3625 2669 unter den Dichtern Ihrer Generäsion die
1639 2623 3717 2782 vielleicht liehste war, hab ich Ihnen aus¬
1607 2722 3617 2911 drücklich bestätigt. Aber an die Viehe der
1621 2884 3652 3040 Göttliche u. der Erlöhungshehrsucht etwa
1621 2962 3771 3131 in der Hrits Momberts, Rilttes, Werhels,
1621 3064 3741 3241 an Stehen Georges gewillige Geilmüssen, an
1621 3171 3714 3362 die Aufrichtung des innersten Menschen (nicht
1621 3260 3717 3451 nur des erölischen) wie sie sich in Damen von
1618 3362 3754 3564 Sorge, Kornfeld, Barlach, in Erzählungen
1631 3518 3730 3644 von Kaska, u. Döblin findet, scheint mir
1639 3593 3574 3795 Ihr Werk nicht heranzureichen. Dafür
1631 3733 3717 3843 bleiben Sie, mindestens den genannten
1656 3808 3711 3978 Damalikern u. Bezählern gegenüber
1639 3926 3736 4085 de großem Künstler, oft geradezu der
1642 4034 3300 4201 Meister neben den Stüngern.
