5936 5064
2027 1610 3198 1793 75.III.1926. Prag I Verlariuora 20.
2039 1691 3651 1847 Hochverehrter Herr Doktor, seiner Sie bitte nicht böse,
2030 1739 3764 1930 weil ich für Ihr neuchtes Geschenkerscheut dankte. Dringende
2030 1842 3671 1987 Amt u. Schreibtischlichten, vor allem über brannend eilige
2034 1892 3723 2025 Korretkuren imer neuen Publikation ließen mich nicht zum
2034 1935 3737 2108 Lehen kommen u doch wollt’ ich meinen Amtsgleich mit ein
2045 2002 3712 2176 war sachlichen Worten verbinden. Am meisten freute ich mich
2045 2072 3714 2232 darüber, daß Sie minder zum Versigegriffen haben - ich glaube,
2041 2151 3698 2311 auf diesem Wege könnten Sie noch große Erfolge genommen,
2041 2174 3746 2336 ob auch diesmal noch der Vers Ihnen nicht ganz gelungen ist; er
2041 2246 3773 2433 entlässt mir zu schreiben eigenen Klangs in Wortmahl wie in
2045 2334 3743 2467 Marmelodie, ich nun hchte ihn härter u. muher, u. er wird Ihnen
2052 2361 3696 2550 Läcker u. müher gelingen, wenn Sie nur einmal entsprechende
2039 2424 3730 2614 Stoffe u. Molive ausgessen. Und mir scheint, Sie sind auch dem
2059 2499 3718 2683 besten Wege zu solchen: was hier noch ganz am Hande steht
2059 2564 3680 2769 u. im Grunde kaum zur Hänglide hieschickt, das Molik der
2054 2614 3784 2830 Heimathrage (5.55 h), dem man der Eigenesebusanmerkt
2070 2688 3802 2886 u. das als ganz neues Molik zum erstemmal bei Ihnen hier erscheint,
2072 2776 3342 2968 müßte nächstens in den Mittelpunkt rütten.
2002 2853 3820 3033 recembre avec le présenteur des héros qui se sont aussi les
