5936 5048
1175 289 4350 553 hier wird nicht, mir das doch oft genug bei Ihnen geschehen ist, das
1171 514 4536 652 Leben mit dem blossen Liebesleben verwechselt, vielmehr dieses
1162 566 4432 739 Nach Bloster, mit unter ziemlich unbeträchtlicher, teil von jenem
1158 700 4368 868 erkannt u bewertet, u. damit werden Sie bestimmt gerade der
1175 778 4562 994 Zugend von heute ans Herz rühren, die in diesem Punkte sehr nühlem
1171 929 1888 1123 u. kühl urteilt.
1486 950 4601 1244 Ein hochgenuß ist es zu sehen, wie die neue Art Ihrer Darstellung
1171 1106 4476 1279 u. Einstellung sich in der Stellkunft dieses Büches spiegelt. Es ist Ihnen
1145 1248 4493 1421 die ein ganz neuer Stilgeglückt. Diese Knappen, starken stählere
1149 1365 4588 1538 jedernden Sätze, voll von einem das Kappe Gefühl bei nach zerthrengenden
1171 1456 4415 1659 Fythaus, bedeuten ohne Frage die höchste Meisterschaft Ihrer Prosa¬
2605 1564 2791 1680 pr
1192 1594 2916 1801 das ist Dichtung im höchsten Sinn.
1581 1672 4601 1866 Auch der Ethiker u. - vor allem! - Der Rückgage in mir erweist
1158 1806 4536 1979 den Böche höchste Revorenz. Es ist das sittlichste u. erzieherischste aller¬
1140 1940 4536 2100 ihrer Bücher, ich mochte es jedem jungen Mädchen in die Hand legen
1158 2078 4458 2212 Wenn Sie sonst um das Liebesspiel von Mann u. Frau eine Woltke
1179 2160 4501 2341 stöcken Duhls u. einen zwesten Geigenton legten, führen Sie jetzt den
1179 2281 4493 2411 Blicht u. Nachredanken des Lesers unmerklich aus Nebel u. Musik der
1179 2376 4376 2553 Sinnenlust hinaus in die Löhen u. diesen der Konsequenzen, der
1188 2480 4558 2687 Verantwortung, der notwendigen Entsagung. Und Theresens lebens¬
1171 2631 4549 2795 lange furchtbare Einsamkeit warnt mit diesenhaftem Droffinger
1179 2778 4506 2907 des ganze Weibgeschlecht vor den Folgen leichtsinnig-loser Liebesbe¬
1162 2851 4488 3063 ziehung, in der die Frau dem Manne nicht mehr ist als physiologische,
1171 2951 2303 3145 als somatischer Partner.
1551 3033 4432 3227 Nur einen - aber nun auch sehr stücken - Einwand hab ich
1175 3192 4519 3365 gegen dieses, durch seine Bitterkeit u. harte Objektivität des Reich Ihres
1171 3283 4536 3499 Schossens so sehr ausweitende Büh: es fehlt ihm in genossen Sinne
1175 3391 4415 3560 die Einheit. Stall des ebenmächtig gerundeten Kreises sehe ich eine
1175 3564 4527 3715 Ellipse mit 2 Benngunkten: hin Theresens Frauenschicksal, hie
1171 3655 4601 3849 Langens Entwicklung zum Berufsverbrecher. Die Union ist durch Rt. Allein
1175 3763 4307 3897 des Anloes erzwungen, nicht durch innere Lezüge zwingend!
4355 3771 4588 3918 land
1145 3858 4618 4026 Ihre die Konzertin war nicht eigheitlich. Doch möchte ich hierüber noch
1149 3957 2946 4126 nicht mein letztes Wort gesprochen haben.
1624 4022 4519 4221 Ich geraue mich kaum, dies wäre Zeug zu überlesen, das ich
1145 4164 4428 4303 mit heftiger Herder hingemarben habe; in der Krappen freien Stunde
1145 4264 4605 4437 zeichen zwei Amtsgeschichten in Ministerium u. Universität. Morgen
1145 4355 2799 4558 früh kehre ich noch Dresden zurück.
1439 4380 4596 4635 Seien Sie schönstens Bedacht für Ihre Grabe u. allen aus ihr empfang.
1162 4549 2635 4739 nen Genuß u. vielmals gegrüßt
3940 4571 4666 4800 Jn. König
1992 4571 3884 4804 wir Ihrem verehrungsvoll ergebenen
