5928 5064
3846 559 4175 767 Votre très bien de l'auteur, que
4374 1307 4558 1514 C
2571 1319 3353 1518 Salter Feulleti
3811 1405 4402 1639 PRAG XIX., Na. hutich 661.
1436 1475 2140 1671 PROF. Dr. JÖSEF KÖRNER
3909 1585 4366 1722 18. IV. 1930.
1710 1702 3384 1988 Hochverehrter Heir Doktor
1436 1866 4315 2128 heut kommt ich mit einer Bitte. Hier liegt ein kleinen
1405 2046 4323 2226 Aufsatz bei, einem Buche geltend, das, wie man mir berichtet,
1416 2187 4523 2351 Felix Salten, ud der N. N. Piese außerordentlich gerühret hat.
1412 2293 4527 2465 Dankbar war ich, wenn Sie meine weit kritischere Beurteilung
1405 2434 4382 2590 im Salten weitergeben wollten; sie ist, worüber Sie staunen w.
1393 2559 4425 2688 lachen werden; in einem fristlich - sozialen Blatt erschienen, aus
1401 2645 4538 2801 dem einfachen Grunde, weil die andern hiesigen Blätter zu solcher
1412 2797 4327 2930 ernsthaften Auseinandersetzung sich nicht öffnen wollten u.
1381 2872 4452 3017 u beschaupt einseitig u. ressentimentvoll gerne gegen die Schule
1393 2985 4370 3142 die Partei der durchgefallenen ergreifen; vermutlich, weil aus
1381 3075 4374 3255 deren Reihen vornehmlich die Redaktionsstuben sich rettru¬
1373 3177 4382 3373 tieren. Jedenfalls ist mir bei diesem Anlaß wieder einmal
