5916 5080
1116 202 4562 472 Jahren - in den weitesten Kreisen unbekannt. Daher liegt denn
1124 386 4514 571 auch die hohe u. schwere Kunst der Kritik so sehr im Ärgen. Sehen
1099 515 4484 712 Sie doch nur, wie oberstächlich u. nichtig / von tageszeitungen gar
1120 614 4407 845 nicht zu reden) z. B. in der bisherischen Kundshau bücher besprochen
1111 751 4356 927 werden. Und vergleichen Sie damit französische Zeitungs¬
1120 867 4454 1094 fruilletons oder gar Albert Ribaudets meisterliche Essais
1120 953 4399 1176 in der Nouvelle Revue frçie. - Ich gestehe, daß diese Klage
1124 1099 4493 1266 nicht ganz uninteressiert ist. Es scheint mir ein großes Unrecht
1116 1202 4454 1386 u. Übel, daß die großen Zeitungen (etwa die Neue Freie Preue)
1094 1335 4244 1502 für dieses Geschäft niemals die wirklich höchigen u. Bewüchsten
1107 1347 4386 1635 heranziehen, sondern es völlig einer unkualisizierten u. oben.
1133 1515 4338 1742 dem gewissenlosen Clique überlassen, die damit ein schönes
1133 1656 4227 1811 Stück Geld verdient, während unsereiner meist umsacht
1111 1742 4124 1970 arbeiten muß. Und wahrhaft geschädigt sind am Ende
1129 1841 4351 2086 vornehmlich die Künstler u. die nationale Kultur: jene
1124 2000 4334 2210 verlernen u. vergessen, daß die Kritik nicht dazu da ist, sie
1099 2073 4386 2356 hygewolisch aufzuloben oder Feindselig abzuschlachten (oder gar
1124 2231 4308 2459 tolzu schweigen), vielmehr sie sich selber verständlich zu machen,
1124 2343 4416 2549 das oft nur Kunstel empfunden eigen Wesen in die Klarheit
1111 2476 4514 2669 des Bewußtseins zu erheben, durch Zustimmung u. Widerspruch ihnen
1111 2553 4291 2772 Berater, Helfer, höhrer zu werden - wenn schon nicht zu dem vom
1129 2643 4403 2858 Kritikern empfohlenen Ziele, so doch zu einem Zielen u. vielleicht
1141 2789 4334 3004 ger einem höheren, als in der ursprünglichen Intention des
1146 2905 4287 3111 Künstlers lag, die nationale Kültur aber muß geschwäht
1141 3021 4429 3210 werden, wenn der Schaffende durch solche Ästerkritik versichert wird,
1141 3154 4368 3373 persönliche Schmeihelei über sachliche Förderung zustellen, sein
1111 3257 4403 3532 suchektions Ich von das ohettine Werk stellt, in Eitelkeit
1129 3356 4416 3592 u. Komödiantum entwortet u. sohin je u. je Verlogeneres
1116 3472 4403 3686 schafft, statt in an menschlichen Werten zuzunehmen u. diese
1141 3626 4278 3858 in immer tieferen u. erploren Werken zu beneihren
1798 3725 4536 3991 dh Gott, da hat ich ja zuletzt eine selbungsvolle
1176 3896 4463 4145 Kazuzinerpredigt gehalten. Verehrte Meister, lächeln Sie
1176 4107 4248 4304 über mein Pathes, aber bedenkten Sie auch: „uns das Herz
1193 4210 1824 4424 voll ist
1965 4214 4394 4523 Verehrungsvoll Ihr herzlich ergebener
3450 4403 4411 4699 Fr. Händs
