5874 5230
1041 119 1227 266 9.7.
822 155 2852 380 Krofgerehrter Herr Dohler, haben Sie besten Dank für
801 264 2734 475 Er eben ungetroffenes muchtes Schriften. Gleichzeitig
814 333 2824 525 empfange ich von Herausgebener Preußischen Jahrbücher die
796 439 2842 605 Nachricht, daß mein Aufsatz "A. sd" "Grätwerke" endlich.
793 574 2829 674 ein Aprilheft erscheinen soll. Wenn Sie es wünschen, sondern
189 563 680 690 erschienenen
801 638 2878 785 ich ihnen zu höhere Kenntnisnahme die Korrettu bogen
163 656 672 762 worten wollte.
783 703 2834 860 ein, sobald ich sie erhalte eines Ende haber, Anfang
191 729 532 876 das Zeichler
804 785 2811 964 März sein Dichte. — — Hat Ihnen der Verlag Teubner im
230 853 579 935 meiner
791 863 2545 1008 Sommer mein Kleist-Schriften gesendet?
155 894 527 1015 könntliche.
1036 909 2811 1132 Erwühne Dank u. vielesseine Empfehlungen
171 971 574 1098 Sie, auch
1527 1054 2563 1204 von Ihrem ergebensten
183 1062 532 1201 sichkeit
173 1155 527 1269 nehmen.
809 1124 1878 1269 N.S. Vor Abgang der Karte konnte ich
842 1240 1868 1338 zu schriftchen noch nach durchlesen: es ist
183 1194 649 1375 bittzen, dieses
842 1276 1989 1403 sehben auch einer Leitung zu der seit
1979 1222 2664 1478 Jn. König
809 1362 1989 1465 ein Haus Jahren soggig ausblühenen.
150 1333 667 1473 seits in meinen
137 1398 558 1561 ten, ich habe
801 1416 1995 1555 jungen Wissenthahl der Charakterologie.
1248 1542 2142 1661 Hochverehrte Herr Dohler
173 1553 421 1687 nur
1256 1599 2889 1736 Leben Sie reichen Dank für Ihre liebenswürdigen Zeilen
1227 1718 2956 1806 vom 6.XII., die mir leider erst jetzt zu kamen. Anfolge des Um¬
1232 1796 2961 1881 kurzes hatte ich nämlich Wien, wo ich mich in militärischer Dienst¬
152 1726 610 1907 den Grüßen
1238 1850 2964 1966 leistung aufhielt, verlassen u. mein hiesiges Zivilamt wieder
158 1865 581 2008 gebener
1232 1909 2956 2041 angetreten, eh aber Ihr Brief mir nachkam, war ich in meine
1230 1992 2806 2124 mährishe Heimat auf Weihnacht ferien gegangen — —
150 1964 584 2108 Römer
1452 2026 2927 2176 Ihre Kritik, verehrtester Herr Doktor erkenne ich durchaus
171 2083 501 2207 letztav
1227 2126 2930 2240 an: ursprünglich sollte der Titel des Aufsatzes heißen: „A.S. Salbst¬
155 2160 548 2281 müsse bei.
1245 2204 2912 2315 verbild, allein dies schien der Redaktion zu pregiös u. zugleich zu
1251 2276 2902 2369 nichts sagend; darum mühlte ich die andere Überschrift, die eigentlich
1238 2328 2894 2431 einem andern Zweck vorbehalten war. Ich gedenke nämlich das
140 2382 930 2491 el jenen andere fehlt,
1227 2400 2920 2496 in dem Aufsatz nur Angedeutete u Skizzierte in einer eigenen
140 2449 940 2568 er u. zeitgemüßer sein.
1256 2486 2896 2597 Schrift breiter auszuhühren u. habe die künftigen ferien bereits für
137 2524 912 2646 Wenn das Aprilhehl der
147 2566 977 2736 ngen ist, in dem die erste
1418 2579 2338 2778 Hochverehrter Herr Doktor,
140 2666 982 2803 ekündigten Aufsatzes abge¬
1406 2664 2878 2886 ich neuerdings mit einer Bitte vor Sie hin¬
147 2754 966 2886 gegeben sollte ihm nicht
1393 2762 2821 2920 treten? Das Buch über Ihre Dichtungen von dem ich
140 2824 953 2964 ten Sie sich gedelden, bis
1403 2829 2925 3020 Ihnen mündlich u. schriftlich erzählt habe, wird jetzt
1393 2920 2868 3121 endlich gesetzt, nachdem es bald ein Jahr lang
152 2907 948 3013 u ist dem meine Sonder¬
152 2976 953 3106 ne - sehr aushöhrliche - Ab¬
1382 2982 2902 3170 beim Verleger gelegen hat. Der wünscht nun
140 3051 876 3157 einen Sie mir dann
1400 3059 2878 3237 - es ist der Wiener Amaltkea-Verlag -, den Band
163 3116 922 3271 überzige - Antithilie
1380 3157 2814 3367 mit Ihrem Bildnis u. einigen Hjenenbildern zu
152 3204 804 3325 il zu lernen hoffe.
1408 3225 2909 3431 scheinken. Hätten Sie, verehrtester Herr Doktor,
140 3276 912 3416 beibekt u. schönstens
1406 3310 2840 3488 die außerordentliche Lebenswürdigkeit, uns
158 3359 1039 3522 Verehren u. Monografen
1416 3343 2974 3612 zu solchem Zweck Photographien oder Vorlagen ähn¬
140 3491 796 3664 Jos. Körner
1499 3599 2408 3824 Nochverehrler Herr Doktor
1561 3646 3199 3891 wollen Sie es gütigst nicht übel nehmen, wenn ich Sie
1475 3749 3178 3984 heute mit einer etwas zu dringlichen Bitte belästige. Ich
1478 3829 3165 4049 habe die - seinerzeit Ihnen mitgeteilte - Absicht, über Ihr Ge¬
152 3837 656 3997 Doktor,
1470 3896 3150 4106 samtweck ein Buch zu schreiben, in diesem Herbst ausgeführt,
171 3852 1253 4090 ich mit, kthl. der Aufsatz
1478 3961 3235 4170 der Druck (den der Amaltha Verlag aushürt) soll nach Weihnachten
824 3984 1333 4134 sailicherst
1480 4044 3225 4245 beginnen. Nun fehlt mir zum Belog eines bestimmten Molins
165 4038 778 4196 derschwirren wurde
530 4087 1310 4224 so Bogen/: gewill
1488 4098 3248 4317 die Kenntnis eines zweistrosigen Gedichlichens, das in Th. v. Soo nockig
176 4155 630 4274 wurden geschickt
168 4175 1292 4325 und eines Neues zu publizieren,
1511 4191 3147 4398 Eyrisch-Anthologie vor vielen Jahren gelesen zu haben, ich mich
1511 4232 3227 4467 gut entsinne. Dieser unglückselige Sonnorkÿ ist aber gegenwärtig
165 4243 1261 4410 Bau für eine spätere Urteil in
1493 4336 3219 4540 weder hier noch in Wien aufzuweiben. Hätten Sie die große Güte,
173 4333 1232 4485 ich natürlich gern erbötig.
1511 4398 3147 4599 mir den Wortlaut des unaussindbaren Verschens mitzu¬
186 4405 1346 4615 schen für gute Sommererholung
1519 4460 3170 4669 teilen? Es beginnt – nach sehr ungeführer Erinnerung - etwa
1527 4540 3129 4736 mit den Worten: "Als wir... parten/Hud ganz
155 4607 984 4808 ungsvoll ergebener
3418 150 3664 338 Bag
3382 292 4067 442 Hochverehrter H,
3865 375 4317 535 beude entworben.
3403 421 3850 519 zu meiner Sache.
3395 483 4374 605 soeben der Zeitung, daß Sie Er
3390 561 4731 677 Monats in unsre Stadt kommen wollen.
3387 643 4591 775 Bitte, verhügen Sie ganz über mich,
3377 734 4602 850 teilen Sie mir Ihre Wünsche bezüglichen
3395 806 4620 938 Unterkauft usw. mit, ich besorge
3390 886 4656 1023 alles mit größtem Vergnügen u.
3395 969 4633 1111 werde Sie auch, wenn es Ihnen recht
3380 1049 4594 1189 ist u. Sie mir krube genauere
3377 1132 4584 1263 Daten zu kommen lassen, auf dem
3395 1209 4519 1349 Bahnhofe erwarten. Ich selbst
3395 1292 4591 1421 erhüge leider nur über eine scheule
3382 1364 4545 1511 zunggesellenwohnung, die zu
3390 1442 4684 1592 wenig bequemlichkeiten bietet, als
3377 1537 4718 1677 daß M ich sie Ihnen anzubieten gegen
3374 1628 3661 1760 dürfte.
3483 1682 4454 1853 Mit den schönsten Grüßen.
3496 1798 4041 1948 Empfehlungen
3920 1878 4514 2059 Ihr ergebenster
4111 2114 4609 2256 P Römes
3315 2336 3700 2519 7. VI. 93 6.
3398 2367 5392 2599 Hochverehrter Herr Doktor, jetzt sind sie vielleicht schon von
3318 2522 5385 2661 ihrer Reise zurückt u. mein Dank für die „Räumensvolle“ kann Sie
3310 2597 5160 2723 erreichen. Meine Eindruckte das ich zurückhalten, Sie werden
4801 2597 5428 2772 Ich bin mitten in
3310 2682 4736 2772 Ich, bald in einer Ihrem eräuschtenen Form lese,
3305 2734 5364 2876 der Arbeit an dem Aufsatz, u. es ist keine lechte Urteil. Ob sie so gelang
3302 2811 4627 2956 wird, daß sie Thea u. auch mir freude macht
3571 2863 5405 3005 Eine Kleinigkeit. Ist in der Alterbestimmung des Raaben
3310 2927 5328 3093 Ganz zum Weiherz S. 24, Z. 3 v. u. und S. 25, J. W. v. nicht ein
3829 3015 5400 3173 güh, an eine künftige Auflage tilgen sollte
3591 3049 3746 3196 Ihm durch
3299 3062 3529 3230 Rudete
3646 3088 5175 3261 von mir erhalten bie in den liechsten Wochen
3305 3165 5310 3315 Neuigkeiten, von denen die eine (über kleichts) vielleicht auch
3310 3284 4501 3454 Herrn etwas Interesse abgemeint.
3628 3356 4702 3542 Mit den allerthöchten Grüssen
4002 3429 5196 3664 Ihr verehrungsk ergebener
4749 3589 5253 3780 De Röm
3746 3806 4891 4005 Hochverehrter Herr Doctor
3723 3904 5382 4072 der Überbringern dieser Zeilen, ein junger Lands¬
3718 4038 5299 4144 mann, wird Ihren eine Bitte vorlagen, die ich
3710 4103 5317 4212 mir wurmstens zu unbestuhen erlaube. Wenn
3710 4175 5351 4315 Ihren die Einladung zu einer Vorlesung in meiner
3715 4253 5335 4367 Pleinen Vaterstadt nicht ganz zu wider u. die Bedingung
3718 4299 5211 4441 gen, die der Student Ihnen bieten kann, nicht zu
3723 4385 5191 4516 schlecht sind, so wurden Sie durch Ihre Zustimmung
3718 4416 5356 4563 vielen verehrern Ihrer Kunst eine unbändige Freude
3728 4519 5348 4653 Hassen, am allermeisten aber mir selbst. Ich wäre
3723 4578 5152 4700 dann natürlich anwesend, würde, wenn Sie
3734 4664 5230 4788 gestatten, Ihrem Vortrage eingaar einleitende
3718 4708 5374 4855 Worte vorausschickten u. - darum bitte ich jedenfalls
3728 4790 5230 4932 schon heute, doch gewiß auch das Vergnügen haben
