5936 5048
700 583 2891 811 Schweckers. Ich bin nach erster u. notgedrungen
700 757 2864 915 oberstüchlicher Letttüre, mir noch gar nicht un¬
700 893 2826 1054 klaren, wo dieses Ihr Werk hingehört. Sagten
705 964 2744 1103 Sie nur nicht, es gehe zum Teil in sehr hiehe
735 1094 2761 1222 Zeilen zurück? Wenn ich meinen nächsten
724 1157 2826 1315 Konitzler-Aufsatz schreibe, müssen Sie mir zur
719 1255 2821 1410 Kenntnis Ihrer Jugendnovella-Dei Mörder
724 1361 2821 1514 verholfen, aus dem Vergleich wird sich gemuß
705 1489 2883 1631 viel seines ergeben. Vormässig bin ich unzweifel.
700 1584 2878 1740 haft, ob der höchst eigenartige Gesamtcharakte
719 1644 2875 1838 ter des neuen Buchs von einer großen Möglichkeit
700 1810 2815 1938 zeugt, die ehedem in Ihnen angelegt war, aber
700 1919 2870 2034 vernachlässigt wurde, oder ob er eine erstaunlich
700 1982 2679 2159 rasche Erfüllung meines Praphozeiens neuer
700 2085 2785 2252 Entwicklungen Herr Kunst darstellt. Freilich
4024 653 4743 844 Reichste N 2/3
4797 667 5023 828 Şak
3033 760 3831 956 Prof. Dr. JOSJF KÖRNER
4555 800 4789 915 Prag I.,
4449 879 4873 994 Veleslavinova 10
3637 874 4078 1078 Herrn
4462 961 4944 1127 23. V.1928.
3017 1015 4421 1233 Hochverehrter Herr Dohstor
3011 1154 5018 1359 was mögen Sie wohl von mir denken?
2992 1285 5034 1435 Lassen Sie mich, statt aller Entschuldigung,
2968 1408 5053 1538 des vorläufig letzte Kapitel meiner Lebens¬
2981 1476 3926 1655 geschichte vortragen.
3196 1582 4977 1745 Seit Ende Hebrune bin ich für meine
2921 1644 4813 1824 Studien vom Amte beurlaubt, seil¬
2951 1783 4911 1922 Mitte April lebe ich in Dieske (meine
2927 1873 5004 2091 Adresse: Reichsstraete 22/III). Ein dringliches
2910 2012 5069 2203 Privatgeschäft führte mich gestern auf 2 Tage
2919 2148 5026 2303 nach Prag zurück; u. da hand ich, zum Schreck
2910 2238 5028 2456 zugleich u. zur Freude, neben andere Bühern,
2921 2352 4868 2521 die Bosheit oder Unverstand meiner
2924 2453 5083 2638 Buswirtin nachzusenden versäumte, auch
2948 2556 4800 2736 Ihre "Therese vor. Thalte mich zu ein
689 2216 2791 2371 spricht gegen die letztere Auffassung die tatsache,
700 2314 2725 2491 daß von den typischen u. spazisischen Moliven
719 2409 2864 2586 ihres Spälmerks hast nichts zu spüren ist. Problem
724 2532 2785 2654 u. Behandlungsweise deuten etwa in Zeit u.
713 2652 2848 2772 Umkreis der Beitra harlau. Was aber aber
2935 2687 5048 2856 wenig gewundert, als ich in allen dres denen
719 2725 2758 2894 gerade den Kenner des Scheizlerischen Werks
2932 2796 5023 2978 Buchläden die Neurescheinung ausgestellt
700 2856 2821 3000 happiret, ist eine in diesem sonst ganz unge¬
2924 2916 5064 3060 sah, daß Sie dies mal an mich vergessen
719 2976 2766 3090 wohnte derb. herbe Kraft, man möchte gerade
2908 2981 5018 3188 haben sollten, konnte aber, die sonstige Post
713 3055 1849 3226 sprechen, dieses Ernuenbuch
1936 3071 2774 3223 bei der männlichste
2948 3153 5061 3370 punktlich nachkam, den wahren Sachverhalt
689 3153 2761 3316 ihrer Bücher. Was allen übrigen Werken den
2919 3232 3545 3392 nicht ahnen.
719 3275 2736 3441 schonderen Duft, aber zugleich auch etwas Zer¬
3199 3324 5012 3528 Umso geschwinder habe ich, durch keiner¬
724 3381 2850 3537 weichendes gibt, die gewisse verhließende Senli¬
2905 3428 5001 3656 lei dringendere Geschäfte gehemmt, gleich
700 3496 2821 3629 mentalität, fehlt hier durchaus, wie auch dem
2899 3561 4868 3752 gestern den stattlichen Band durchgelesen
705 3575 2725 3719 grauen Alltag vor dem Rosalicht der Thäfer¬
2932 3705 4879 3836 Mit dem größten Genüsse des nawen
700 3700 2701 3806 Munden sein volles Recht wird, neben die
686 3792 2804 3915 Rauschkunft sämtlicher Früherer Schriften tritt
2932 3798 5020 3950 Lehres, mit der ärgsten Hilflosigkeit des
692 3896 2725 4018 hier ein Buch (:ich müßte kein hoheres Lob zu
2927 3923 5026 4155 neugierigen, entwicklungssichtigen Libone¬
689 4016 2559 4165 sprechen) von Massicher Nächternheit.
