5895 4984
4084 236 4446 483 41 - 51
3801 446 4387 601 PRAG XIX., Na hutich 661.
1449 505 2123 708 PROF. Dr. JÖSEF KÖRNER
1640 686 4379 892 darum war ein Mißverständnis, wie es mir aus Ihrem Brief entgegentrat,
1637 833 3369 988 von meiner Seite aus gar nicht zu besorgen.
1950 899 4394 1080 Was Sie über die rein menschliche Beziehung zwischen Ihnen und
1633 1003 4372 1161 mir zu äußern die große Güte haben, ehrt und rührt mich zugleich; und
1648 1099 4431 1268 läßt mich leicht hinwegkommen über gewisse Stellen dieses wie Ihren vo-
1640 1205 4361 1375 rigen Briefes, aus denen eine gewisse Bitterkeit und fast verletzende
1651 1334 4435 1460 Ironie aufsteigt; jedenfalls glaube ich dergleichen nicht zu verdienen.
1655 1416 4331 1567 Es mag ja sein, daß ich hier und dort in dem Aufsätzchen zu unscharf
1651 1515 4442 1648 formuliert und mit zu knappen Worten bald zu wenig, bald zu viel gesagt
1640 1629 4468 1736 habe. Ueber den Pessimismus Ihres Werks könnte man natürlich nur in aus-
1662 1736 4468 1850 führlicher Abhandlung das Richtige, d.h. ungemein Verwickelte und Trans-
1651 1806 4490 2005 parente erfassen. Ob, wie Sie andeuten, der tiefere Sinn des Lebens erst
1688 1921 4501 2083 jenseits der Nahrungssorgen anhebt oder nicht (Sie dürften sich da Obri-
1662 2035 4453 2160 gens aus Schopenhauer berufen), stand ja gar nicht in Frage. Es war nur
1651 2112 4490 2271 motivgeschichtlich festzustellen, daß Davids Schrifttum innerhalb dieser
1662 2201 4431 2363 Lebenssorgen, das Ihrige aber außerhalb sich hinbreitet; was daran par-
1681 2337 3417 2459 teimäßig klingen soll, ist mir unerfindlich.
1961 2396 4468 2540 Wollen Sie es, ich bitte darum, nicht übel nehmen, wenn ich auf
1662 2510 4490 2647 Ihre Einwände gegen meine stilkritische Bemerkung nur erwidern kann, daß
1662 2614 4534 2732 Sie meinen Einwand offenbar gar nicht verstehen. Eigene Sprache kann (ich
1670 2702 4442 2879 muß leider wieder etwas theoretisch und dogmatisch werden) eine dreifa-
1674 2838 4553 2964 che Wurzel haben: ein besonderes Vokabular, eigentümlichen Satzbau, einen
1674 2934 4538 3045 unverwechselbaren Numerus (Satzmelodie, Satzrhythmus). Ich finde in Ihrer
1670 3030 4464 3141 Prosa (die ich den Versen durchaus überlegen erachte) nur etwas von der
1662 3133 4306 3270 dritten Wurzel; und das hat wohl seine guten soziologischen Gründe.
1972 3218 4438 3340 Selbstredend hat diese Beurteilung des spezifisch Sprachlichen
1662 3332 4549 3432 nichts mit der Komposition und Architektur Ihrer erzählenden Schriften zu
1674 3425 4401 3542 tun und so könnten mich die von Ihnen angeführten Lobpreisungen Ihres
1681 3517 4401 3660 Prosaspätwerks auch dann nicht in meinem Urteil erschüttern, wenn sie
1674 3616 4497 3749 von einem erlauchteren Geiste herstammten als dem meinigen. Eine Ausnah-
1674 3730 4586 3863 me mache ich freilich und dürften Sie schon in ältern Briefen finden, näm-
1681 3848 4645 3955 lich bezüglich der „Therese“; über die ich ja Ihnen und der Oeffentlichkeit
1674 3922 4490 4066 und vor allem mir selbst leider immer noch einige Rechenschaftsablegung
1674 4048 2031 4188 schulde
1998 4059 4471 4243 Ich hoffe, - darf ich es? - daß hiemit unser Briefwechsel, wenn
1688 4210 4516 4368 schon nicht zu sachlicher Befriedigung, so doch zu persönlicherBefrie-
1699 4313 4519 4508 dung gelangt sein wird. Ich will zum Schluß nicht verschweigen, daß mir
