6091 4999
1530 554 2095 690 100 dostur eV „XIX DARS“
3786 510 4480 704 Stadt N:o 2320.10.1089
1567 660 4494 851 das kleine Scharmützel in jedem Fall eine gute Lehre gab, die unsereiner,
1548 796 4358 921 der es doch zu allermeist mit toten Geistern zu tun hat, die sich nicht
1530 899 4480 1093 mehr wehren können, sehr nötig hat: Nämlich, daß man mit lebenden Geistern
1545 994 3720 1112 vorsichtiger und - zugegeben - höflicher umgehen muß.
1911 1075 4369 1244 Mit wiederholtem ehrlichem Dank für Ihre einläßliche Auseinan-
1530 1200 2957 1339 dersetzung und den schönsten Grüßen
2887 1574 4028 1695 Ihr verehrungsvoll ergebener
3771 1765 4340 2054 Korny
3680 3882 4091 4006 Hollxxx
3456 3977 4241 4138 v. m. r. mai.s 10v ou
3786 4065 4344 4237 S.a.bl.odos
2979 4127 3984 4318 xxx drebxxx. sollen wol
2920 4263 4270 4436 heirdes redolfnoss us fach nodos
2961 4377 4296 4546 Eilw xxx. xxx xxx
2396 4373 2781 4538 oia Seitee
2113 4314 2282 4560 G.F.S
