<?xml version="1.0" encoding="UTF-8" standalone="yes"?>
<PcGts xmlns="http://schema.primaresearch.org/PAGE/gts/pagecontent/2013-07-15" xmlns:xsi="http://www.w3.org/2001/XMLSchema-instance" xsi:schemaLocation="http://schema.primaresearch.org/PAGE/gts/pagecontent/2013-07-15 http://schema.primaresearch.org/PAGE/gts/pagecontent/2013-07-15/pagecontent.xsd">
    <Metadata>
        <Creator>prov=READ-COOP:name=TrHtr:version=2.1.0:model_id=51170:date=25_07_2023_08:44</Creator>
        <Created>2023-05-01T22:02:32.840+02:00</Created>
        <LastChange>2023-07-25T08:44:33.851+02:00</LastChange>
        <TranskribusMetadata docId="1416450" pageId="54947448" pageNr="31" tsid="130589411" status="IN_PROGRESS" userId="64420" imgUrl="https://files.transkribus.eu/Get?id=IJZQWYCQPVNMUPMXHXHNQMVO&amp;fileType=view" xmlUrl="https://files.transkribus.eu/Get?id=KGUWGOSFAQSOJPTTDUGKEEMN" imageId="44451529"/>
    </Metadata>
    <Page imageFilename="1416450_0031.jpg" imageWidth="5962" imageHeight="5065">
        <ReadingOrder>
            <OrderedGroup id="ro_1711830370269" caption="Regions reading order">
                <RegionRefIndexed index="0" regionRef="tr_2"/>
                <RegionRefIndexed index="1" regionRef="tr_1"/>
            </OrderedGroup>
        </ReadingOrder>
        <TextRegion id="tr_2" custom="readingOrder {index:0;}">
            <Coords points="1445,296 4563,296 4563,1945 1445,1945"/>
            <TextLine id="tr_2_tl_1" custom="readingOrder {index:0;}">
                <Coords points="4391,367 4414,367 4425,378 4432,370 4440,374 4451,367 4466,367 4474,378 4482,370 4504,378 4516,367 4523,378 4550,374 4557,287 4527,287 4519,276 4500,276 4459,242 4444,249 4436,238 4402,238"/>
                <Baseline points="4413,358 4473,352 4563,346"/>
                <TextEquiv>
                    <Unicode>1</Unicode>
                </TextEquiv>
            </TextLine>
            <TextLine id="tr_2_tl_2" custom="readingOrder {index:1;}">
                <Coords points="1466,510 4402,521 4402,423 4138,370 3813,427 3231,325 2354,446 1466,385"/>
                <Baseline points="1487,489 1576,489 1666,483 1756,489 1845,483 1935,483 2024,483 2114,483 2203,489 2293,483 2383,483 2472,483 2562,477 2651,483 2741,477 2831,477 2920,477 3010,477 3099,483 3189,489 3279,489 3368,483 3458,483 3547,483 3637,483 3727,483 3816,489 3906,495 3995,495 4085,495 4175,495 4264,495 4354,495 4413,495"/>
                <TextEquiv>
                    <Unicode>PROF. Dr. JOSEE KÖENER SÉp.G. Rl. N.a. hbuch 661.</Unicode>
                </TextEquiv>
            </TextLine>
            <TextLine id="tr_2_tl_3" custom="readingOrder {index:2;}">
                <Coords points="4327,616 4357,620 4410,593 4425,605 4444,601 4455,608 4474,601 4489,612 4512,608 4508,510 4485,514 4474,506 4432,533 4425,525 4376,529 4361,518 4323,518"/>
                <Baseline points="4348,573 4437,579 4521,579"/>
                <TextEquiv>
                    <Unicode>de V.V.</Unicode>
                </TextEquiv>
            </TextLine>
            <TextLine id="tr_2_tl_4" custom="readingOrder {index:3;}">
                <Coords points="1568,597 1840,597 1901,639 2218,631 2297,586 2675,620 2804,593 2804,495 2702,544 2566,499 2358,544 2263,495 1904,555 1750,506 1712,544 1568,540"/>
                <Baseline points="1588,585 1648,585 1738,585 1827,591 1917,585 2006,585 2096,591 2186,585 2275,585 2365,585 2454,585 2544,579 2634,579 2723,585 2813,579"/>
                <TextEquiv>
                    <Unicode>helfed heblei. Ffoa nachlsdoerexxx</Unicode>
                </TextEquiv>
            </TextLine>
            <TextLine id="tr_2_tl_5" custom="readingOrder {index:4;}">
                <Coords points="3401,586 3518,608 3586,589 3639,616 3677,589 3775,623 3869,601 4077,635 4142,620 4138,537 4005,514 3900,537 3813,495 3684,521 3567,499 3397,533"/>
                <Baseline points="3416,579 3506,579 3595,579 3685,579 3774,579 3864,585 3954,585 4043,591 4133,585 4151,585"/>
                <TextEquiv>
                    <Unicode>ressere neb di idae</Unicode>
                </TextEquiv>
            </TextLine>
            <TextLine id="tr_2_tl_6" custom="readingOrder {index:5;}">
                <Coords points="1508,676 1636,744 1738,699 1886,733 1942,692 2093,752 2192,714 2309,748 2407,695 2679,733 2649,612 1935,639 1859,597 1697,627 1508,582"/>
                <Baseline points="1529,674 1618,686 1708,686 1797,686 1887,680 1977,674 2066,680 2156,686 2245,686 2335,686 2424,680 2514,680 2604,674 2687,674"/>
                <TextEquiv>
                    <Unicode>Bab ao rusievnt.</Unicode>
                </TextEquiv>
            </TextLine>
            <TextLine id="tr_2_tl_7" custom="readingOrder {index:6;}">
                <Coords points="3291,741 3420,718 3476,760 3556,714 3658,726 3707,771 3779,729 3869,748 3873,627 3779,627 3730,593 3662,593 3635,616 3578,589 3510,605 3420,582 3356,510 3306,491"/>
                <Baseline points="3316,714 3344,716 3434,686 3523,680 3613,680 3703,674 3792,680 3882,674"/>
                <TextEquiv>
                    <Unicode>Mikkelinen:</Unicode>
                </TextEquiv>
            </TextLine>
            <TextLine id="tr_2_tl_8" custom="readingOrder {index:7;}">
                <Coords points="3888,839 3975,843 4043,809 4089,820 4108,797 4142,812 4221,797 4274,839 4357,828 4349,597 4289,623 4210,601 4081,639 4047,616 3941,627 3881,608"/>
                <Baseline points="3906,740 3995,746 4085,746 4175,752 4264,752 4354,758 4360,764"/>
                <TextEquiv>
                    <Unicode>23.IX.1930.</Unicode>
                </TextEquiv>
            </TextLine>
            <TextLine id="tr_2_tl_9" custom="readingOrder {index:8;}">
                <Coords points="3110,824 3216,801 3337,843 3382,816 3510,828 3560,801 3605,839 3711,843 3805,805 3805,733 3703,703 3669,737 3548,710 3476,756 3446,726 3337,748 3288,722 3238,756 3208,733 3110,737"/>
                <Baseline points="3129,782 3189,782 3279,788 3368,782 3458,788 3547,782 3637,776 3727,776 3816,776"/>
                <TextEquiv>
                    <Unicode>and xxx kxx</Unicode>
                </TextEquiv>
            </TextLine>
            <TextLine id="tr_2_tl_10" custom="readingOrder {index:9;}">
                <Coords points="1447,828 1474,824 1546,877 1561,862 1602,869 1659,824 1697,835 1878,816 1878,729 1844,733 1806,767 1776,748 1750,760 1697,722 1632,741 1568,695 1485,718 1447,707"/>
                <Baseline points="1469,800 1558,788 1648,788 1738,788 1827,794 1887,800"/>
                <TextEquiv>
                    <Unicode>fds als 3</Unicode>
                </TextEquiv>
            </TextLine>
            <TextLine id="tr_2_tl_11" custom="readingOrder {index:10;}">
                <Coords points="2007,914 3042,896 3038,703 2766,707 2607,752 2513,695 2384,695 2286,752 2199,710 2135,744 2003,726"/>
                <Baseline points="2024,800 2114,806 2203,806 2293,812 2383,812 2472,818 2562,818 2651,818 2741,818 2831,824 2920,824 3010,830 3046,830"/>
                <TextEquiv>
                    <Unicode>Hochverehrter Herr Dokser,</Unicode>
                </TextEquiv>
            </TextLine>
            <TextLine id="tr_2_tl_12" custom="readingOrder {index:11;}">
                <Coords points="3151,899 3374,884 3499,945 3654,896 4512,918 4512,824 4364,809 4115,862 3790,805 3677,843 3560,801 3492,854 3219,797 3151,828"/>
                <Baseline points="3171,878 3261,878 3350,883 3440,883 3529,883 3619,883 3709,878 3798,883 3888,883 3977,883 4067,889 4157,883 4246,883 4336,883 4425,883 4515,883 4521,883"/>
                <TextEquiv>
                    <Unicode>effs xxxm ous ooifjunxev aa briw.eJ</Unicode>
                </TextEquiv>
            </TextLine>
            <TextLine id="tr_2_tl_13" custom="readingOrder {index:12;}">
                <Coords points="1651,930 1678,930 1704,948 1738,922 1768,926 1787,914 1836,948 1886,933 1931,937 1931,816 1882,824 1829,809 1780,828 1761,816 1746,831 1731,820 1697,835 1651,828"/>
                <Baseline points="1672,895 1761,889 1851,889 1935,895"/>
                <TextEquiv>
                    <Unicode>.Mlse</Unicode>
                </TextEquiv>
            </TextLine>
            <TextLine id="tr_2_tl_14" custom="readingOrder {index:13;}">
                <Coords points="4123,982 4176,1005 4202,986 4266,1009 4319,990 4372,1013 4444,998 4482,1024 4516,1016 4516,918 4451,918 4436,903 4372,922 4278,888 4225,922 4168,907 4123,926"/>
                <Baseline points="4145,979 4234,979 4324,979 4413,979 4503,979 4521,979"/>
                <TextEquiv>
                    <Unicode>Gedlesie V</Unicode>
                </TextEquiv>
            </TextLine>
            <TextLine id="tr_2_tl_15" custom="readingOrder {index:14;}">
                <Coords points="1999,1043 4387,1092 4383,1005 3786,903 1999,911"/>
                <Baseline points="2018,997 2108,1003 2198,1003 2287,1009 2377,1009 2466,1009 2556,1009 2645,1015 2735,1015 2825,1021 2914,1021 3004,1021 3093,1021 3183,1027 3273,1033 3362,1033 3452,1033 3541,1033 3631,1039 3721,1039 3810,1039 3900,1039 3989,1051 4079,1045 4169,1045 4258,1051 4348,1057 4396,1057"/>
                <TextEquiv>
                    <Unicode>Ihre sehr freundliche Karte vom 5. August kam erst gestern in</Unicode>
                </TextEquiv>
            </TextLine>
            <TextLine id="tr_2_tl_16" custom="readingOrder {index:15;}">
                <Coords points="1451,1134 4194,1198 4289,1069 1447,1020"/>
                <Baseline points="1469,1087 1558,1093 1648,1099 1738,1099 1827,1099 1917,1104 2006,1104 2096,1104 2186,1104 2275,1110 2365,1110 2454,1116 2544,1116 2634,1116 2723,1122 2813,1122 2902,1122 2992,1122 3082,1128 3171,1128 3261,1128 3350,1134 3440,1140 3529,1140 3619,1140 3709,1140 3798,1140 3888,1146 3977,1146 4067,1152 4157,1152 4246,1152 4300,1152"/>
                <TextEquiv>
                    <Unicode>meinen Besitz; ich war nämlich drei Monate von Prag abwesend und die Post</Unicode>
                </TextEquiv>
            </TextLine>
            <TextLine id="tr_2_tl_17" custom="readingOrder {index:16;}">
                <Coords points="1447,1228 4338,1307 4376,1156 1443,1130"/>
                <Baseline points="1469,1194 1558,1194 1648,1200 1738,1200 1827,1200 1917,1200 2006,1206 2096,1206 2186,1206 2275,1212 2365,1218 2454,1218 2544,1218 2634,1224 2723,1224 2813,1224 2902,1224 2992,1230 3082,1230 3171,1230 3261,1236 3350,1236 3440,1242 3529,1242 3619,1248 3709,1248 3798,1248 3888,1248 3977,1248 4067,1254 4157,1254 4246,1260 4336,1260 4384,1260"/>
                <TextEquiv>
                    <Unicode>sandte mit souveräner Zensur nur, was ihr wichtig schien, nach, sodass ich zu</Unicode>
                </TextEquiv>
            </TextLine>
            <TextLine id="tr_2_tl_18" custom="readingOrder {index:17;}">
                <Coords points="1455,1300 4395,1391 4232,1270 1455,1228"/>
                <Baseline points="1475,1290 1564,1296 1654,1296 1744,1296 1833,1302 1923,1302 2012,1308 2102,1308 2192,1308 2281,1314 2371,1314 2460,1320 2550,1320 2640,1320 2729,1325 2819,1325 2908,1325 2998,1331 3087,1331 3177,1331 3267,1331 3356,1337 3446,1337 3535,1343 3625,1343 3715,1349 3804,1349 3894,1349 3983,1349 4073,1349 4163,1355 4252,1355 4342,1361 4402,1355"/>
                <TextEquiv>
                    <Unicode>meiner Freude bei der Rückkehr die schönsten verjährten Rekommando- und Ex-</Unicode>
                </TextEquiv>
            </TextLine>
            <TextLine id="tr_2_tl_19" custom="readingOrder {index:18;}">
                <Coords points="1436,1417 4398,1481 4191,1368 1432,1341"/>
                <Baseline points="1457,1403 1546,1397 1636,1397 1726,1397 1815,1403 1905,1403 1994,1409 2084,1409 2174,1415 2263,1415 2353,1415 2442,1415 2532,1421 2622,1427 2711,1427 2801,1427 2890,1427 2980,1427 3070,1433 3159,1433 3249,1439 3338,1439 3428,1439 3518,1445 3607,1445 3697,1451 3786,1451 3876,1451 3965,1451 4055,1451 4145,1457 4234,1457 4324,1463 4407,1469"/>
                <TextEquiv>
                    <Unicode>press-Schreiben in meinem Briefkasten vorfand. Viel trauriger noch aber ist</Unicode>
                </TextEquiv>
            </TextLine>
            <TextLine id="tr_2_tl_20" custom="readingOrder {index:19;}">
                <Coords points="1447,1504 4398,1587 4308,1477 1447,1447"/>
                <Baseline points="1469,1493 1558,1499 1648,1499 1738,1505 1827,1505 1917,1505 2006,1511 2096,1511 2186,1511 2275,1511 2365,1517 2454,1523 2544,1523 2634,1523 2723,1523 2813,1529 2902,1529 2992,1535 3082,1535 3171,1535 3261,1535 3350,1541 3440,1541 3529,1546 3619,1546 3709,1546 3798,1546 3888,1552 3977,1552 4067,1558 4157,1558 4246,1558 4336,1564 4407,1570"/>
                <TextEquiv>
                    <Unicode>die Tatsache, dass ich in all der Zeit, ohne es zu wissen, sehr nahe von Ihnen</Unicode>
                </TextEquiv>
            </TextLine>
            <TextLine id="tr_2_tl_21" custom="readingOrder {index:20;}">
                <Coords points="1447,1629 4440,1682 4440,1598 4126,1580 1443,1515"/>
                <Baseline points="1463,1588 1552,1594 1642,1600 1732,1600 1821,1606 1911,1606 2000,1606 2090,1612 2180,1612 2269,1612 2359,1618 2448,1618 2538,1618 2628,1624 2717,1624 2807,1630 2896,1630 2986,1630 3076,1630 3165,1636 3255,1636 3344,1642 3434,1642 3523,1642 3613,1648 3703,1648 3792,1648 3882,1654 3971,1654 4061,1654 4151,1660 4240,1660 4330,1666 4419,1666 4449,1666"/>
                <TextEquiv>
                    <Unicode>weilte, nämlich am Genfer See, wo mich die Arbeit an einem wahrhaft kolossalen</Unicode>
                </TextEquiv>
            </TextLine>
            <TextLine id="tr_2_tl_22" custom="readingOrder {index:21;}">
                <Coords points="1425,1716 4429,1780 4293,1678 1421,1644"/>
                <Baseline points="1445,1696 1535,1696 1624,1702 1714,1702 1803,1702 1893,1708 1982,1708 2072,1708 2162,1714 2251,1714 2341,1714 2430,1720 2520,1720 2610,1726 2699,1726 2789,1726 2878,1726 2968,1726 3058,1732 3147,1732 3237,1738 3326,1738 3416,1744 3506,1744 3595,1744 3685,1750 3774,1750 3864,1750 3954,1756 4043,1756 4133,1761 4222,1761 4312,1761 4402,1767 4437,1773"/>
                <TextEquiv>
                    <Unicode>Handschriftenfund so lange festhielt. Wäre es mir bekannt gewesen, dass Sie in</Unicode>
                </TextEquiv>
            </TextLine>
            <TextLine id="tr_2_tl_23" custom="readingOrder {index:22;}">
                <Coords points="1432,1840 4376,1889 4376,1810 3783,1761 1428,1746"/>
                <Baseline points="1451,1797 1541,1797 1630,1803 1720,1803 1809,1803 1899,1803 1988,1809 2078,1809 2168,1815 2257,1815 2347,1815 2436,1821 2526,1821 2616,1821 2705,1827 2795,1827 2884,1827 2974,1833 3064,1833 3153,1833 3243,1839 3332,1839 3422,1845 3512,1845 3601,1845 3691,1851 3780,1851 3870,1857 3960,1857 4049,1857 4139,1857 4228,1863 4318,1863 4384,1863"/>
                <TextEquiv>
                    <Unicode>St. Moritz weilten, so hätte ich, Ihre Erlaubnis vorausgesetzt, mir das Vergnü-</Unicode>
                </TextEquiv>
            </TextLine>
            <TextLine id="tr_2_tl_24" custom="readingOrder {index:23;}">
                <Coords points="1428,1927 3087,1954 3087,1897 2963,1855 1428,1844"/>
                <Baseline points="1451,1899 1541,1899 1630,1899 1720,1899 1809,1905 1899,1905 1988,1911 2078,1911 2168,1911 2257,1917 2347,1917 2436,1917 2526,1917 2616,1917 2705,1923 2795,1923 2884,1929 2974,1929 3064,1935 3093,1935"/>
                <TextEquiv>
                    <Unicode>gemacht, Sie gelegentlich dort aufzusushen.</Unicode>
                </TextEquiv>
            </TextLine>
        </TextRegion>
        <TextRegion id="tr_1" custom="readingOrder {index:1;}">
            <Coords points="1409,1956 4479,1956 4479,4412 1409,4412"/>
            <TextLine id="tr_1_tl_1" custom="readingOrder {index:0;}">
                <Coords points="1927,2052 4391,2086 4440,1965 1923,1954"/>
                <Baseline points="1947,2006 2036,2006 2126,2006 2215,2012 2305,2018 2395,2018 2484,2018 2574,2018 2663,2024 2753,2024 2843,2030 2932,2024 3022,2030 3111,2036 3201,2036 3291,2036 3380,2042 3470,2042 3559,2048 3649,2048 3739,2048 3828,2048 3918,2048 4007,2054 4097,2060 4186,2060 4276,2060 4366,2066 4449,2054"/>
                <TextEquiv>
                    <Unicode>Ziemlich gleichzeitig mit Ihren handschriftlichen Grüssen erhal-</Unicode>
                </TextEquiv>
            </TextLine>
            <TextLine id="tr_1_tl_2" custom="readingOrder {index:1;}">
                <Coords points="1432,2105 4402,2203 4402,2082 4213,2063 1428,2044"/>
                <Baseline points="1451,2090 1541,2096 1630,2096 1720,2096 1809,2102 1899,2102 1988,2108 2078,2108 2168,2108 2257,2108 2347,2114 2436,2114 2526,2120 2616,2120 2705,2126 2795,2126 2884,2132 2974,2132 3064,2132 3153,2138 3243,2144 3332,2144 3422,2144 3512,2144 3601,2144 3691,2144 3780,2144 3870,2150 3960,2150 4049,2156 4139,2156 4228,2156 4318,2162 4407,2162 4413,2162"/>
                <TextEquiv>
                    <Unicode>te ich Mündlich durch Vermittlung des Herrn Liptzin aus New York, der zu mei-</Unicode>
                </TextEquiv>
            </TextLine>
            <TextLine id="tr_1_tl_3" custom="readingOrder {index:2;}">
                <Coords points="1417,2192 4349,2275 4153,2177 1417,2127"/>
                <Baseline points="1439,2186 1529,2192 1618,2198 1708,2198 1797,2198 1887,2203 1977,2203 2066,2209 2156,2209 2245,2209 2335,2215 2424,2215 2514,2215 2604,2221 2693,2227 2783,2227 2872,2227 2962,2233 3052,2233 3141,2233 3231,2239 3320,2239 3410,2239 3500,2239 3589,2245 3679,2245 3768,2245 3858,2251 3948,2251 4037,2251 4127,2257 4216,2257 4306,2257 4360,2263"/>
                <TextEquiv>
                    <Unicode>ner grossen Erheiterung auf seiner Europareise überall die herrliche Kunde</Unicode>
                </TextEquiv>
            </TextLine>
            <TextLine id="tr_1_tl_4" custom="readingOrder {index:3;}">
                <Coords points="1425,2301 4402,2377 3737,2260 1425,2245"/>
                <Baseline points="1445,2287 1535,2293 1624,2299 1714,2299 1803,2299 1893,2305 1982,2305 2072,2311 2162,2311 2251,2311 2341,2311 2430,2317 2520,2317 2610,2317 2699,2323 2789,2323 2878,2329 2968,2329 3058,2335 3147,2341 3237,2335 3326,2335 3416,2341 3506,2341 3595,2347 3685,2347 3774,2347 3864,2347 3954,2347 4043,2353 4133,2359 4222,2359 4312,2365 4402,2371 4413,2365"/>
                <TextEquiv>
                    <Unicode>verbreitet hat, ich gälte in Amerika als der grösste europäische Germanist...</Unicode>
                </TextEquiv>
            </TextLine>
            <TextLine id="tr_1_tl_5" custom="readingOrder {index:4;}">
                <Coords points="1425,2441 4380,2490 4376,2396 4187,2373 1421,2297"/>
                <Baseline points="1445,2389 1535,2395 1624,2395 1714,2395 1803,2401 1893,2401 1982,2407 2072,2407 2162,2407 2251,2413 2341,2413 2430,2419 2520,2419 2610,2419 2699,2419 2789,2424 2878,2424 2968,2430 3058,2430 3147,2430 3237,2430 3326,2430 3416,2436 3506,2442 3595,2442 3685,2442 3774,2448 3864,2448 3954,2448 4043,2454 4133,2454 4222,2460 4312,2460 4390,2466"/>
                <TextEquiv>
                    <Unicode>Wieso kennen Sie ihn übrigens? Plant er etwa ein Werk über Sie in Konkurrenz</Unicode>
                </TextEquiv>
            </TextLine>
            <TextLine id="tr_1_tl_6" custom="readingOrder {index:5;}">
                <Coords points="1413,2520 1825,2517 1912,2570 2188,2562 2297,2543 2297,2449 2033,2464 1935,2430 1802,2464 1704,2418 1648,2445 1568,2415 1409,2460"/>
                <Baseline points="1433,2490 1523,2490 1612,2496 1702,2496 1791,2502 1881,2502 1971,2502 2060,2508 2150,2508 2239,2520 2305,2526"/>
                <TextEquiv>
                    <Unicode>mit Herrn Schinnerer?</Unicode>
                </TextEquiv>
            </TextLine>
            <TextLine id="tr_1_tl_7" custom="readingOrder {index:6;}">
                <Coords points="1901,2649 4262,2687 4259,2577 4039,2566 1901,2573"/>
                <Baseline points="1923,2604 2012,2604 2102,2604 2192,2610 2281,2610 2371,2616 2460,2616 2550,2616 2640,2622 2729,2622 2819,2622 2908,2628 2998,2628 3087,2634 3177,2634 3267,2634 3356,2640 3446,2645 3535,2640 3625,2645 3715,2645 3804,2645 3894,2651 3983,2651 4073,2657 4163,2657 4252,2657 4264,2657"/>
                <TextEquiv>
                    <Unicode>Mit der beabsichtigten Herbstreise nach Wien wird es leider</Unicode>
                </TextEquiv>
            </TextLine>
            <TextLine id="tr_1_tl_8" custom="readingOrder {index:7;}">
                <Coords points="1440,2717 4421,2808 4255,2664 1436,2638"/>
                <Baseline points="1457,2687 1546,2687 1636,2693 1726,2693 1815,2699 1905,2699 1994,2705 2084,2705 2174,2705 2263,2711 2353,2717 2442,2717 2532,2717 2622,2717 2711,2723 2801,2723 2890,2723 2980,2729 3070,2729 3159,2729 3249,2729 3338,2735 3428,2735 3518,2741 3607,2741 3697,2741 3786,2747 3876,2747 3965,2753 4055,2753 4145,2753 4234,2759 4324,2759 4413,2759 4431,2753"/>
                <TextEquiv>
                    <Unicode>nichts.Abgesehen davon, dass meine Börse von der Schweiz her völlig ausgeblu-</Unicode>
                </TextEquiv>
            </TextLine>
            <TextLine id="tr_1_tl_9" custom="readingOrder {index:8;}">
                <Coords points="1436,2792 4444,2876 4172,2766 1436,2717"/>
                <Baseline points="1457,2789 1546,2789 1636,2795 1726,2801 1815,2801 1905,2801 1994,2801 2084,2807 2174,2807 2263,2807 2353,2813 2442,2813 2532,2819 2622,2819 2711,2825 2801,2825 2890,2825 2980,2825 3070,2831 3159,2831 3249,2837 3338,2837 3428,2837 3518,2843 3607,2843 3697,2843 3786,2849 3876,2849 3965,2849 4055,2855 4145,2855 4234,2855 4324,2861 4413,2866 4455,2861"/>
                <TextEquiv>
                    <Unicode>tet ist, habe ich für den nächsten Monat noch eine dringende „Geschäfts“reise</Unicode>
                </TextEquiv>
            </TextLine>
            <TextLine id="tr_1_tl_10" custom="readingOrder {index:9;}">
                <Coords points="1443,2906 4353,2993 4349,2883 3801,2845 1443,2853"/>
                <Baseline points="1463,2890 1552,2896 1642,2896 1732,2896 1821,2896 1911,2902 2000,2902 2090,2902 2180,2908 2269,2908 2359,2914 2448,2914 2538,2920 2628,2920 2717,2920 2807,2926 2896,2926 2986,2932 3076,2932 3165,2932 3255,2938 3344,2938 3434,2938 3523,2944 3613,2944 3703,2944 3792,2950 3882,2950 3971,2950 4061,2950 4151,2956 4240,2956 4330,2962 4360,2962"/>
                <TextEquiv>
                    <Unicode>nach Berlin auf dem Programm, dann aber leider gar keine Zeit mehr, weil ich</Unicode>
                </TextEquiv>
            </TextLine>
            <TextLine id="tr_1_tl_11" custom="readingOrder {index:10;}">
                <Coords points="1402,3031 4417,3072 4414,2989 4179,2974 1402,2940"/>
                <Baseline points="1421,2980 1511,2992 1600,2992 1690,2998 1779,2998 1869,3004 1959,3004 2048,3004 2138,3010 2227,3010 2317,3010 2407,3016 2496,3016 2586,3022 2675,3022 2765,3022 2855,3028 2944,3028 3034,3028 3123,3028 3213,3034 3303,3034 3392,3040 3482,3040 3571,3040 3661,3046 3750,3046 3840,3052 3930,3052 4019,3058 4109,3058 4198,3058 4288,3064 4378,3064 4425,3064"/>
                <TextEquiv>
                    <Unicode>durch meine nach Beseitigung der Ihnen bekannten Widerstände erfolgte Habili-</Unicode>
                </TextEquiv>
            </TextLine>
            <TextLine id="tr_1_tl_12" custom="readingOrder {index:11;}">
                <Coords points="1436,3106 4470,3178 4466,3072 1436,3034"/>
                <Baseline points="1457,3093 1546,3093 1636,3093 1726,3099 1815,3099 1905,3099 1994,3105 2084,3111 2174,3111 2263,3111 2353,3111 2442,3117 2532,3117 2622,3123 2711,3123 2801,3123 2890,3129 2980,3129 3070,3135 3159,3135 3249,3135 3338,3141 3428,3141 3518,3141 3607,3147 3697,3147 3786,3147 3876,3153 3965,3153 4055,3159 4145,3159 4234,3159 4324,3165 4413,3171 4479,3171"/>
                <TextEquiv>
                    <Unicode>tation jetzt zu allem andern auch mit einem Kolleg belastet bin.Umso sicherer</Unicode>
                </TextEquiv>
            </TextLine>
            <TextLine id="tr_1_tl_13" custom="readingOrder {index:12;}">
                <Coords points="1425,3208 4319,3295 4062,3174 1425,3151"/>
                <Baseline points="1445,3189 1535,3195 1624,3195 1714,3195 1803,3201 1893,3201 1982,3201 2072,3207 2162,3207 2251,3207 2341,3213 2430,3213 2520,3219 2610,3225 2699,3225 2789,3225 2878,3231 2968,3231 3058,3231 3147,3237 3237,3237 3326,3243 3416,3243 3506,3243 3595,3249 3685,3249 3774,3249 3864,3255 3954,3255 4043,3255 4133,3261 4222,3267 4312,3273 4330,3267"/>
                <TextEquiv>
                    <Unicode>bin ich dann Weihnachten in Wien und werde mir erlauben, mich rechtzeitig</Unicode>
                </TextEquiv>
            </TextLine>
            <TextLine id="tr_1_tl_14" custom="readingOrder {index:13;}">
                <Coords points="1436,3340 1772,3310 2581,3367 2630,3359 2630,3272 2290,3235 1704,3261 1432,3208"/>
                <Baseline points="1457,3291 1546,3297 1636,3297 1726,3303 1815,3303 1905,3303 1994,3308 2084,3308 2174,3308 2263,3314 2353,3314 2442,3314 2532,3320 2622,3326 2640,3326"/>
                <TextEquiv>
                    <Unicode>vorher bei Ihnen anzukündigen.</Unicode>
                </TextEquiv>
            </TextLine>
            <TextLine id="tr_1_tl_15" custom="readingOrder {index:14;}">
                <Coords points="1908,3446 4376,3495 4372,3378 4255,3352 1908,3333"/>
                <Baseline points="1929,3422 2018,3410 2108,3410 2198,3416 2287,3416 2377,3422 2466,3422 2556,3422 2645,3428 2735,3428 2825,3434 2914,3434 3004,3434 3093,3434 3183,3440 3273,3440 3362,3446 3452,3446 3541,3446 3631,3452 3721,3452 3810,3458 3900,3458 3989,3464 4079,3464 4169,3464 4258,3470 4348,3470 4384,3476"/>
                <TextEquiv>
                    <Unicode>aber David schreibe ich keineswegs (wie Sie vielleicht vermuten)</Unicode>
                </TextEquiv>
            </TextLine>
            <TextLine id="tr_1_tl_16" custom="readingOrder {index:15;}">
                <Coords points="1428,3514 4289,3590 4191,3476 1425,3454"/>
                <Baseline points="1451,3500 1541,3494 1630,3500 1720,3500 1809,3506 1899,3506 1988,3512 2078,3512 2168,3518 2257,3518 2347,3518 2436,3523 2526,3523 2616,3523 2705,3523 2795,3529 2884,3535 2974,3535 3064,3535 3153,3541 3243,3541 3332,3541 3422,3547 3512,3547 3601,3553 3691,3553 3780,3553 3870,3559 3960,3559 4049,3565 4139,3565 4228,3565 4294,3565"/>
                <TextEquiv>
                    <Unicode>ein Buch; ich hatte nur für eine wissenschaftliche Zeitschrift die Abhand-</Unicode>
                </TextEquiv>
            </TextLine>
            <TextLine id="tr_1_tl_17" custom="readingOrder {index:16;}">
                <Coords points="1436,3635 4444,3711 4440,3560 1436,3529"/>
                <Baseline points="1457,3595 1546,3601 1636,3601 1726,3601 1815,3607 1905,3607 1994,3613 2084,3613 2174,3613 2263,3613 2353,3619 2442,3625 2532,3625 2622,3625 2711,3625 2801,3631 2890,3637 2980,3637 3070,3637 3159,3637 3249,3643 3338,3643 3428,3649 3518,3649 3607,3649 3697,3655 3786,3655 3876,3655 3965,3661 4055,3667 4145,3667 4234,3667 4324,3673 4413,3679 4455,3685"/>
                <TextEquiv>
                    <Unicode>lung eines Holländers zu erzensieren, eine schwächliche und dunne Schrift,</Unicode>
                </TextEquiv>
            </TextLine>
            <TextLine id="tr_1_tl_18" custom="readingOrder {index:17;}">
                <Coords points="1413,3737 4278,3779 3726,3662 1413,3635"/>
                <Baseline points="1433,3697 1523,3697 1612,3703 1702,3703 1791,3709 1881,3709 1971,3709 2060,3715 2150,3715 2239,3721 2329,3721 2419,3721 2508,3727 2598,3727 2687,3727 2777,3733 2866,3733 2956,3739 3046,3739 3135,3744 3225,3744 3314,3744 3404,3750 3494,3750 3583,3756 3673,3756 3762,3756 3852,3756 3942,3762 4031,3768 4121,3774 4210,3768 4288,3780"/>
                <TextEquiv>
                    <Unicode>die ich in meiner Rezenwion nicht nur beschimpfen, sondern durch ein paar</Unicode>
                </TextEquiv>
            </TextLine>
            <TextLine id="tr_1_tl_19" custom="readingOrder {index:18;}">
                <Coords points="1432,3828 4338,3892 4293,3790 1428,3741"/>
                <Baseline points="1451,3804 1541,3804 1630,3804 1720,3804 1809,3810 1899,3810 1988,3816 2078,3816 2168,3822 2257,3822 2347,3822 2436,3828 2526,3828 2616,3828 2705,3834 2795,3834 2884,3840 2974,3840 3064,3846 3153,3846 3243,3852 3332,3852 3422,3852 3512,3858 3601,3858 3691,3864 3780,3864 3870,3864 3960,3870 4049,3876 4139,3876 4228,3876 4318,3882 4348,3882"/>
                <TextEquiv>
                    <Unicode>brauchbare Bemerkungen und Feststellungen ersetzen wollte. Möglich, dass ich</Unicode>
                </TextEquiv>
            </TextLine>
            <TextLine id="tr_1_tl_20" custom="readingOrder {index:19;}">
                <Coords points="1402,3934 4432,4028 4429,3862 1402,3858"/>
                <Baseline points="1421,3900 1511,3906 1600,3906 1690,3912 1779,3912 1869,3912 1959,3918 2048,3918 2138,3924 2227,3924 2317,3924 2407,3930 2496,3930 2586,3936 2675,3936 2765,3936 2855,3936 2944,3942 3034,3942 3123,3948 3213,3948 3303,3954 3392,3954 3482,3954 3571,3960 3661,3965 3750,3965 3840,3965 3930,3971 4019,3971 4109,3977 4198,3977 4288,3983 4378,3983 4443,3989"/>
                <TextEquiv>
                    <Unicode>mein hiefür gesammeltes und natürlich noch unvollständig verwertetes Material</Unicode>
                </TextEquiv>
            </TextLine>
            <TextLine id="tr_1_tl_21" custom="readingOrder {index:20;}">
                <Coords points="1402,4017 4330,4142 4327,4021 4115,3987 1402,3934"/>
                <Baseline points="1421,4001 1511,4007 1600,4007 1690,4013 1779,4013 1869,4013 1959,4019 2048,4019 2138,4019 2227,4025 2317,4025 2407,4031 2496,4031 2586,4031 2675,4037 2765,4037 2855,4043 2944,4043 3034,4043 3123,4049 3213,4055 3303,4055 3392,4055 3482,4061 3571,4061 3661,4067 3750,4067 3840,4067 3930,4073 4019,4073 4109,4073 4198,4079 4288,4079 4336,4085"/>
                <TextEquiv>
                    <Unicode>in diesem Winter noch zu einem Vortrag benütze, den ich dann natürlich auch</Unicode>
                </TextEquiv>
            </TextLine>
            <TextLine id="tr_1_tl_22" custom="readingOrder {index:21;}">
                <Coords points="1417,4153 4304,4217 4142,4089 1413,4043"/>
                <Baseline points="1433,4103 1457,4109 1546,4109 1636,4115 1726,4115 1815,4115 1905,4121 1994,4121 2084,4121 2174,4127 2263,4127 2353,4127 2442,4133 2532,4139 2622,4139 2711,4139 2801,4145 2890,4145 2980,4151 3070,4151 3159,4157 3249,4151 3338,4157 3428,4157 3518,4163 3607,4163 3697,4169 3792,4176 3792,4176 3888,4175 3977,4175 4067,4181 4157,4181 4246,4186 4312,4186"/>
                <TextEquiv>
                    <Unicode>drucken lassen würde. In diesem ganzen Jahre, das recht unergiebig war, habe</Unicode>
                </TextEquiv>
            </TextLine>
            <TextLine id="tr_1_tl_23" custom="readingOrder {index:22;}">
                <Coords points="1406,4244 4346,4304 4342,4202 1406,4160"/>
                <Baseline points="1427,4210 1517,4210 1606,4210 1696,4216 1785,4216 1875,4222 1965,4222 2054,4222 2144,4228 2233,4228 2323,4234 2413,4234 2502,4234 2592,4240 2681,4240 2771,4246 2861,4246 2950,4246 3040,4252 3129,4252 3219,4252 3308,4258 3398,4258 3488,4264 3577,4264 3667,4270 3756,4276 3846,4276 3936,4276 4025,4282 4115,4282 4204,4282 4294,4288 4354,4288"/>
                <TextEquiv>
                    <Unicode>ich nur einen einzigen Aufsatz zustande gebracht, der sicher Interesse hat -</Unicode>
                </TextEquiv>
            </TextLine>
            <TextLine id="tr_1_tl_24" custom="readingOrder {index:23;}">
                <Coords points="1387,4346 4334,4436 4330,4300 1383,4232"/>
                <Baseline points="1409,4318 1499,4318 1588,4324 1678,4324 1767,4330 1857,4336 1947,4336 2036,4336 2126,4342 2215,4342 2305,4342 2395,4348 2484,4348 2574,4354 2663,4354 2753,4354 2843,4360 2932,4360 3022,4360 3111,4366 3201,4372 3291,4366 3380,4366 3470,4372 3559,4378 3649,4378 3739,4378 3828,4384 3918,4384 4007,4390 4097,4390 4186,4390 4276,4396 4342,4402"/>
                <TextEquiv>
                    <Unicode>über das Tragische - der aber so umfangreich geworden ist, dass ich mit der</Unicode>
                </TextEquiv>
            </TextLine>
        </TextRegion>
    </Page>
</PcGts>
