5675 5067
3276 377 3540 540 - "
2872 423 3064 555 &c
3291 472 3615 611 "F.H.F.P.
1132 494 1525 611 déciter des .XIX Dess
1072 577 3940 706 cher Weise. Nach Dilthey ist Dichtung vor allem ein "Organ des Lebensver¬
1068 687 3917 800 ständnisses", Mikoskop und zugleich Makroskop des Lebens, sie zeigt dem
1064 785 3959 906 Menschen das Wesen und die Möglichkeiten seiner Existenz und hilft so das
1068 898 3981 989 Leben verstehen und klären. Hingegen unterscheidet Gundolf streng-zwischen
1072 985 4019 1102 einem Dichten der Gestaltung und einem Dachten der Schilderung. "Beide (ich
1072 1083 3947 1219 zitiere wörtlich) werden oft verwechselt: dichterische Menschengestaltung
1072 1177 3974 1291 ist das Vermögen, innere Gesichte durch Sprache erscheinen zu machen, nach
1068 1283 3959 1404 außen zu entwirken. Menschenschilderung ist das Vermögen, gesammelte Merk-
1072 1393 4034 1502 male aus breitem Beobachtungsstoff, auch Selbstbeobachtugestoff, zu vereini-
1072 1487 4000 1608 gen, zu deuten und zu sagen. Die Beobachtungen mögen Gemülenplätze oder Ent¬
1060 1596 4064 1698 deckungen sein. Sind sie Entdeckungen, so wirkt oft als Schöpfertum, was tie-
1060 1683 4000 1785 feres Wissen ist. So bei Balsac, Dickens, Tolstoi, Dostojewski. Menschenge-
1068 1793 3951 1921 staltung ist a priori, Menschenschilderung a posteriori." I h r „Werk als
1053 1879 4019 2042 das eines Psychologen ist durchaus schildernd; ich würde als Gegensatz etwa
1053 1974 3981 2102 die Namen Jean Paul und Stifter nennen, bei denen Gestaltung durch Sprache
1072 2079 4011 2219 das Primäre ist. Im übrigen wird man gerade bei Prosaschriftstellern selten
1057 2208 4049 2347 gestalterische Dichtung finden, weil diese vor allem im lyrischen Werk lebt;
1053 2291 3940 2408 Schriftsteller, die ohne lyrischen Ehrgeiz, d.h. doch wohl im Allgemeinen
1060 2396 4095 2581 ohne eigene Sprache sind, bleiben eben darum sprachlich konventionell.
1053 2494 3072 2630 Aber ich will wirklich keine Abhandlung schreiben.
3283 2521 3796 2660 Mf. 1. 16
1400 2585 3928 2713 Vielmehr komme ich auf den Wingang dieses Schreibens zurück, auf
1049 2683 4011 2819 den Unterschied zwischen objektiver, wertefreier Charakterisierung, wie sie
1030 2796 3974 2917 die Wissenschaft, und einem rein quantitativen Lob- und Tadelerteilen, wie
1038 2857 4023 3004 es die nach Geist und Charakter korrupte Tageskritik unserer Zeitungen übt.
1060 2985 3917 3113 Ich weiß schon lange, und nun hat es mir leider auch Ihr Brief bestätigt,
1038 3064 4042 3234 daß dieser letztere Unfug den schaffenden ein gesundes Verhältnis zur Kritik
1034 3166 3989 3362 fast unmöglich macht. Den wissenschaftlichen Betrachter bewegt nicht Liebe,
1030 3272 3461 3404 nicht Haß, sondern einzig und allein die Lust des Erkennens.
1340 3378 3947 3510 Meine Freude wäre groß, wenn diese bescheidenen und (aus leidigem
1015 3468 4000 3676 Zeitmangel) allzu hastig hingsworfenen Zeilen Einiges zur Klärung beitragen
1038 3574 1381 3706 sollten.
1366 3664 3023 3827 Mit dem Ausdrucke unwandelbarer Verehrung
2966 3744 3970 4000 Ihr Ihnen sehr ergebener
3494 4000 3868 4234 H
3102 4076 3362 4306 tos
3540 4181 3857 4291 G.C.H.F.P
3551 4257 4008 4457 by the
