5930 5064
1130 356 4454 631 der Sohnung, geschrieben habe. Leider hälltes mir nicht leicht, solche Arbeiten
1101 597 4382 779 unterzubringen. Die gelehrten Blätter, bei denen ich ständig unterleite, haben
1075 673 4344 830 für neuesse Dichtung wenig Interesse u. Raum — 2. zu Tagesblättern steh ich
1075 749 4475 957 in keinerlei Beziehung. Wissen Sie mir im Organ zu nennen, daß gerne einen
1058 855 4365 1135 längeren Aufsatz über ihre letzten Schöpfungen annähme, so werde ich mich sogleich
2676 991 2981 1135 le reste de ses
1067 1025 1643 1228 ohne wenden.
1545 1012 4441 1283 Den Dank für die Zusendung Ihres Bühleins setze ich an den Schluß des
1118 1257 4280 1397 Biches, da der Eifer des Kritisters nun einmal vergessen hat, ihn an den Anfang
1092 1338 4230 1537 zu stellen, u. ich bitte um die Raubnis, Ihnen eine ebenso unsangreiche wie
1105 1452 4221 1668 langweilige gelehrte Arbeit, die zu Weihnachten erscheinen wird, als
1101 1622 3857 1846 umwürdiges Gegengeschick seinerzeit ubersenden zu dürfen.
1846 1655 4268 1892 Weihnachten kann ich gewiß wieder auch ein paar
1164 1821 4174 2041 Tage nach Wien. Sind Sie dann dort anwesend: für ich Sie nicht
1164 1973 3446 2218 allzu sehr, so möcht ich gerne bei Ihnen vorsprechen
1994 2113 3692 2422 Empfangen Sie die fürchten Grüße
2528 2299 4280 2583 Ihres in alter Verehrung ergebenen
3336 2591 4043 2845 Jn. Körner
