5966 5080
1021 603 2826 815 Nalüelich können u. sollen Sie diesen
712 753 2837 949 Glauben nicht teilen. Die Aller gemeinschaft,
3064 748 3884 954 Prof. Dr. JÖSEF KÖRNER
4580 712 4833 903 Prag I.,
4492 851 4936 1001 Veleslavinova 10
712 897 2708 1006 in die der Mensch geboren wird, ist mit
4317 913 4931 1109 d. J. Göding
3136 887 3646 1093 23. VII. 27.
717 980 2687 1088 ein Teil seines Schicksals", weil sie ein
2439 1073 2630 1166 n'a pas
4312 1062 4796 1227 Mühlg. 8
712 1047 2641 1207 bildender Faktor seines Gemüls
738 1166 2775 1300 würden Sie gewaltsam, gegen Ihr echtes
3115 1129 4533 1367 Verehrtester Herr Doctor,
722 1295 2780 1408 Wesen, die neue Denksorm Ihrem Werk
2945 1289 4822 1511 auf die Gefahr hin, zu dringlich oder
717 1403 2584 1521 aufzwingen, so würden schlechtere, nicht
2950 1449 5013 1625 geschwätzig zu erscheinen, beantworte ich
722 1501 2672 1666 bessere Schäften entstehen - sich Gerhret
2955 1537 4786 1712 Ihre eben empfangene liebe Karte
712 1630 2852 1790 Hauptmanns z. T. läppische Altersproduk¬
2950 1614 5075 1857 mit einem kleinen Nachtung zu meinem
707 1717 2666 1877 sion. Aber der Kriliker muß — wie der
2929 1769 3600 1950 letzten Wies¬
722 1821 2739 1996 Maler den Schotten  die geistigen Grenz.
3223 1852 4900 2063 Was ich in Ihrem Werke vermisse
712 1944 2775 2125 linien in seine Patür hineinbringen,
2955 2011 4951 2176 nicht sowohl als private Person, sondern als
717 2032 2764 2244 sacht bleibt die ganze Zeihnung unsxx
2966 2109 5090 2280 Prilisiirender Repräsentant einer jüngeren
712 2151 2661 2326 u. verschwommen. Freilich grollen die
2950 2238 4956 2393 Generation - ist der Drang u. die Recht
727 2274 4874 2517 meisten Leute dem Maler, der foratteristisch einer Sinngebung oder Sinnsindung
712 2378 2728 2584 porträtiert, weil sie sich nicht schön genug
2940 2414 5080 2548 des Lebens, der Welt. Ihre Welt hat keinen
707 2476 2806 2661 hinden; i sollten doch eher dankbar sein,
2945 2532 4905 2666 Sinn; anders gesprochen: Sie bezweifeln
712 2579 2878 2790 daß er, statt in geleckter Du Hendmanie
2929 2646 5049 2795 sei es die Existenz, sei es die Erkennbarkeit
743 2703 2708 2857 ihnen zu schmeicheln, die bezeihnenden,
2919 2764 4941 2899 eines letzten Sinns u. höchsten zurücks¬
722 2826 2733 3007 einzigärtigen, verwollen Züge ihres
2945 2780 5116 3022 deshalb muß Ihr Werk religiösen Gemütern
707 2899 2651 3105 Gesichts gesehen u. festgehalten hat.
2945 2966 4879 3131 "ohne Wort Gottes" sein, melophisch
1026 3033 2852 3239 Ich freue mich sehr, daß Sie den Unter¬
2976 3027 5008 3249 gerichteten zu wenig „lich“ die Welten.
701 3105 2780 3327 schied erkennen u. richtig bemerken, der
2924 3182 4972 3358 schauung, die aus der "Drechachen Warnung"
712 3280 2883 3430 zwischen billiger Lobhädelei eines Geschwind.
4172 3290 4456 3404 lium
2940 3280 4188 3461 schallt, wird von einem ge¬
4435 3290 4967 3466 stischen,
4167 3358 4456 3466 Geschlag
701 3388 2893 3554 schreibers u. unvernehmortlichen Journalisten
2960 3388 5049 3564 tat- u. willenskühligeren abgelehrt, in
717 3456 2605 3636 u. der bedenkhemen, nur um die Sache
2950 3512 5013 3652 gewissem Sinne als leer empfunden.
707 3564 2661 3719 bemühlen Abwägung eines - sozusagen -
2945 3626 4951 3796 Man glaubt wieder an Metaphysik.
727 3662 2837 3842 gelehrten Schriftstellers besteht. Leider ist
2929 3708 5127 3884 an tauspendente Werke, an Sinn u. Zweck
717 3770 2713 3940 dieser Wertunterschied in unserer Zeit
2929 3817 4554 4013 alles Geschehens, kurz: an Gott.
748 3904 2713 4090 - im Gegensatz etum zu der vorhundert
