5936 5048
2059 211 3789 328 eigne Nase halten. Doch scheint ein Mistverständnis
2040 267 3724 371 vorzuliegen. Nie fiel mir bei, dass das Homische u.
2053 347 3743 451 Numinose Huengleichgültig, Threm Denken pant
2046 418 3741 530 fremd väre, aber Molio (=Beweggrind) Thies Dichte.
2053 507 3760 612 ver dies bislang nicht. Wenn nach der theretischer
2059 563 3765 668 Befassung mit diesen höchsten Problemen nun auch
2053 647 3760 768 die dichterische Empfängnisfolgt der Erwägung
2053 707 3717 809 die notwendige Gestaltung, dann steht Ihnen
2059 785 3750 880 u. uns noch ein großer Alterswerk bevor, das Ihr
2040 884 3670 962 amten bisherige Schaffen weit hinter sich läßt.
2316 916 3717 1029 geärgert hab ich mich beim Lesen über
2053 1000 3760 1104 die allzuvielen Druckschler. Auch die Redaktion
2053 1085 3681 1164 ist bis weilen etwas sorglos: vol. 5.65 N:18 mit
2070 1138 3627 1244 S. 84 N° 29 u. 30; 5. 77 N° 10 mit 5.86 N° 36. Alles
2040 1214 3763 1302 weitere sollen. Le bei Gelegenheit gedrucht lesen.
2230 1279 3549 1371 Mit den allerschönsten Jürke
2350 1346 3551 1458 Ihr Ihnen treulichst ergebener
2046 1414 2437 1533 20.I.1928
3019 1421 3627 1550 Fr. Hörner
