5936 5048
2360 220 2768 425 u 25.1/18
3625 447 4224 605 PRAG XIX., Na hutich 661.
2357 396 3319 638 Spiel de Sommer (
1287 501 1971 663 PROF. Dr. JOSEF KÖ NNER
3770 685 4191 854 21.XII.29.
2022 861 3031 1067 Hochgeehrter Herr Doktor!
2022 1038 4278 1243 Sie haben mir vorgestern mit der Zusendung Ihrer neuesta
1369 1186 4267 1330 Dichtung wieder einmal einen besonders frühren Tag gemacht.Wiewohl ich über
1384 1326 4234 1452 beide Ohren tief in der Arbeit stecke, habe ich sofort alles liegen lassen
1377 1405 4202 1550 u.zunächst genaue Bekanntschaft mit Ihrem Büchlein geschlossen.Gegenüber
1377 1528 4238 1632 Ihren schweren u.schwemmütigen Gaben der letzten drei Jahre, die teilweise
1384 1622 4220 1733 zum Düstersten Ihres ganzen Lebenswerks gehören, überrascht Ihr neues Buch
1384 1719 4234 1827 durch die ungewohnte Leichtigkeit von Thema, Problem, Dalog, Charakteristik
1384 1809 4137 1924 u. Sprache. Sollten Sie auch hier wieder auf einem neuen Wege sein, andem
1387 1896 4090 2036 Wege zu einer neuen Form des Lustspiels? Besonders die Figur der Gusti
1387 2022 4195 2123 scheint mir dahin zu deuten. Ich erinnerte mich beim Lesen der feinen Be-
1377 2094 4263 2256 merkung Hofmannstmals in seinem schönen Essay über den Tasso, dass auf dem
1377 2202 4076 2310 Bühne nichts so schön sei, als wenn einer einen spielt, der sich selber
1395 2296 4166 2404 „spielt“. Es ist fraglos eine tneatralische Glanzrolle wie nur wenige in
1377 2404 2407 2573 Ihrem gesamten Bühnenwerk.
2069 2505 4162 2634 Wie Sie sich leicht denken werden (mindestens, wenn Sie
1377 2609 4220 2703 den Inhalt gewisser Gespräche, die ich mit Ihnen führen durfte, noch in Er-
2148 2699 4097 2847 ein persönliches Interesse am stärksten gefesselt
1387 2714 2072 2865 innerung haben)wa
1384 2800 4126 2951 durch den Dialog Josefa u. dem Kaplan zu Ende des zweiten Akts. Ich habe
1384 2923 4180 3027 bloss bedauert, dass das religiöse Motiv, das ja knapp an das tiefe Philo-
1377 3034 4220 3128 sophem der Theodices heranreicht, nicht energischer in den Mittelpunkt ge-
1395 3106 4260 3251 rückt wurde. Freilich wäre dann wohl aus dem Spiel,das, wenn ich recht ver-
1384 3218 3510 3351 stehe, eben Spiel bleiben sollte, zuviel Ernst geworden.
2069 3305 4090 3445 Dem Pedanten verzeinen Sie, dass er zuguterletzt gar
1366 3398 4180 3524 noch auf Druckfehler hinweist.S.56,Z.7 von oben muss es doch wohl "aus
1384 3499 4188 3640 dem" (statt "aus der") heissen.S.61,Z.13 von unten scheinen die Interpunk-
1384 3625 4166 3759 tionen verstellt zu sein. Ich lese: „Gebet; sinnlos, im Leeren“ - doch wohl
1377 3712 1798 3856 mit Recht?
2069 3759 4270 3924 Ich weiss nicht, verehrte Herr Doktor, ob Innen mein Ver-
1377 3885 4184 4040 leger, wie ich es auftrug, ein kleines Schriftchen, betitelt "Botschaft der
1387 4025 4202 4144 Romantik" im Spätsommer zugeschickt hat. Natürlich nicht zum Lesen, (es sei
1395 4119 4220 4263 denn, dass Sie an übler Schlaflosigkeit litten) sondern bloss als specimen
1395 4224 4209 4379 reverentiae. Sollte es nicht geschehen sein, so bitte ich, es mir zu sagen.
