5933 5080
1741 755 3724 916 v., Sie finden, ich überschütze Ihre Dichterische
1722 846 3822 1003 Gesamtpersönlichkeit. Als seinerzeit mein
1727 959 3786 1132 Buch erschien, sagten Sie das Gegenteil; das
1703 1097 3819 1253 zusammenhassende u. wertende Schlußkapitel
1711 1175 3800 1329 dort empfanden Sie als ungerecht. Was ich
1717 1286 3800 1477 amals wie jetzt stark unterstrichen habe, ist
1711 1391 3786 1574 die Einheit ihres Erlebens, Schauens, Denkens
1703 1517 3687 1687 voraus die innere Wahrhichtigkeit u.
1719 1639 3757 1814 Ehrlichkeit Ihres ganzen Weibs erhellt.
1709 1771 3695 1903 ein Vorzug, den man in unserer Zeit
1690 1825 3757 2043 vertrgechten Literatentums gar nicht hoch
1692 1940 3762 2151 genug stellen kann. Daß Ihre Geistesver¬
1668 2056 3738 2253 sassung „natswissenschaftlich“ sei, ist
1692 2159 3641 2355 mir nicht fremd: mit Relegoren der
1695 2283 3846 2463 Rickertschen Logik habe ich Ihm in meinem
1714 2385 3622 2587 Luche von der naturwissenschaftlichen
1703 2504 3824 2695 Mothode Ihres Dichtens gesprochen, damit
1695 2601 3865 2805 folgt, daß es Ihnen mehr um "Gehalt" als
1698 2727 3824 2932 um „Gestalt“ im eignen Schaffen zu tun ist.
1701 2827 3857 3086 woraus sich wiederum ergibt, daß der ichtheliche
1690 2986 3724 3142 Wert Ihrer Arbeiten oft geringer ist als der
1692 3099 3760 3269 ßychologische. Meine Abhandlung aber sucht
1695 3172 3851 3406 ihrem Spälwert in Dreihacher Hinsicht gerecht
1695 3288 3808 3549 zu werden: durch Ausschöpfung des Zscholgischen
1692 3404 3819 3630 Gesells, durch Bemessung des Künstlerischen
1692 3536 3865 3778 Werts, durch Aufzeigung des literarhistorischen
1695 3636 2048 3800 Ortes.
1816 3746 3730 3994 2. Ihre Seltung zum „Hang zum Wecher
1711 3881 3862 4083 ist mir östhetisch unannehmber, spfrigene.
1719 3991 3789 4212 tisch aber sehr gut verständlich. Sie geteilen
