5954 5065
3800 431 4378 619 PRAG XIX., Na hutich 661.
1366 457 2125 729 PROF. Dr., JÖSEF KÖRNER
2441 685 2699 806 G.C.H.F.P
3867 711 4349 858 4i II. 1931.
1808 869 2850 1108 Hochverehrter Herr Doktor,
1823 935 4323 1219 zunächst muß ich dringend Ihre Entschuldigung erbitten, daß Ihr
1510 1094 4349 1318 v. Schreiben vom 19. v. M. erst heute Erwiderung findet. Zwei Öffentliche
1521 1204 4342 1429 Vorträge und die massierte Arbeit am doppelseitigen Semesterschluß lies-
1521 1355 3152 1536 sen mir buchstäblich kein Stündchen frei.
1838 1363 4430 1606 Ueber den Inhalt Ihrer Zuschrift war ich (erlauben Sie dies zu sa-
1528 1491 4493 1712 gen) außerordentlich erstaunt. Es liegt ein Maßverständnis vor, das zu be¬
1536 1591 4338 1838 heben mir hoffentlich gelingen wird. Mein Artikel ist für eine gelehrte
1543 1705 4353 1908 Zeitschrift geschrieben, deren Leser über vieles, was man dem breiteren
1550 1760 4437 2029 Publikum einer Zeitung erst ausdrücklich sagen muß, aus Eigenem unterrich-
1576 1878 4460 2110 tet sind; ihnen ist zur Genüge bekannt, wer A. S. ist und es wäre geradezu
1561 1992 4393 2235 unschicklich, an solchem Orte vor dem angestellten Vergleiche Davids mit
1569 2070 4419 2316 8. erst noch den Höhenunterschied festzustellen. Die Sache liegt doch so,
1937 2187 4393 2397 in dem fast schon vergessenen David die (nicht sehr zahlreichen)
1569 2302 4393 2523 guten dadurch herausstellen wollte, daß ich ihn gegeh Sie abhob.
1569 2305 1871 2419 daß ich
1569 2412 4448 2578 Das konnte, da er dort, wo er etwa mit Ihnen gleichgerichtet ist, weit und
1583 2478 4493 2725 ter Ihnen bleibt, nur so geschehen, daß ich das Wenige hervorhob, womit er
1580 2581 4478 2817 gewissermaßen Ihr Werk ergänzt. Deshalb habe ich einige Gegensätze heraus-
1598 2710 4463 2913 gearbeitet, die, so meine ich immer noch, nicht bestritten werden können;
1595 2795 4430 3027 in denen aber doch auch gar keine Kritik, sondern nur Charakteristik des
1617 2894 4390 3079 beiderseitigen Schaffens liegt. Da ich weiter bemüht war, den zu seiner
1602 2953 4541 3215 Zeit etwagantiquiert wirkenden David als einen Schriftsteller hinzustellen,
1609 3104 4511 3274 der einer veränderten Gegenwart eben darum wieder etwas zu sagen hat, habe
1606 3185 4526 3395 ich die gegenwätzliche Behandlung des Erotischen vielleicht etwas zu stark
1613 3296 4456 3535 herausgearbeitet; daß Sie aber (wenn ich recht verstehe) überhaupt nicht
1613 3432 4496 3624 als erotischer Dichter gelten wollen, setzt mich wahrhaftig in Erstauben.
2047 3517 4526 3686 Am allermeisten aber, wenn ich dies sagen darf, verwundert mich
1613 3605 4401 3804 Ihre Empfindlichkeit über die sprachkritischen Bemerkungen. Weder sind
1595 3682 4522 3885 , diese im Inhalt neu, noch in der Form strenger als das in "A.S. Gestalten
1628 3833 4493 3992 und Probleme“ S.222 vor so vielen Jahren schon Geäußerte. Hier müßte ich
1628 3933 4541 4095 zun freilich, um das rechte Verständnis anzubahnen, eine kleine Abhandlung
1646 4021 4463 4194 einschieben über die Bedeutung, die innerhalb der Dichtung dem Sprachli-
1646 4154 4500 4316 chen zukommt. Zwei führende Geister unserer Zeit äußern sich über das ei-
1646 4239 4511 4426 gentliche Wesen und den innersten Wert der Dichtung in recht gegensätzlig
