5936 5064
3387 861 3629 976 Prag I.,
1845 869 2688 1085 Prof. Dr. JÖSEF KÖRNER
3294 931 3725 1071 Veleslavinova 10
3119 1040 3624 1188 1 t Jödling
3153 1154 3648 1276 Mütly, 8
3111 1234 3704 1404 21. VII. 2927.
1978 1313 3430 1577 Hochverehrter Herr Dohtor,
1789 1486 3807 1707 Ihre inhaltereiche Zuschrift vom 11. d. M.
1752 1643 3597 1848 hab ich als ein kostbares Geschenk in
1773 1744 3858 1941 Emphang genommen. Ich betrachte es als
1776 1901 3874 2084 einen hohen Lohn meiner Bemühungen,
1795 2042 3845 2204 daß Sie sich so ernsthaft, so leidenschaftlich
1781 2164 3887 2287 mit meinem Versuch auseinandersetzen.
1850 2279 3906 2419 Ich habe für die Beurteilung Ihrer literarischen
1813 2401 3821 2544 wie Ihrer menschlichen Persönlichkeit nur
1795 2513 3762 2661 diesem Briefe viel gelernt u. werde
1805 2592 3839 2762 von solchem Zu michs meiner Kenntnis
1805 2712 3892 2887 Gebrauch machen, wenn ich wieder einmal
1803 2810 3576 2983 über Ihr Schaffen mich zu äußern habe.
2154 2925 3924 3119 Sie gehen mit nur schroß zu Gericht
1797 3026 3892 3270 u suchen so ziemlich alles zu widerlegen,
1795 3169 3930 3358 was meine Kritik äußerte. Ich entgegne
1792 3294 3922 3475 darauf sogleich mit dem sehr gerade klin¬
1800 3361 3855 3549 genden Satze, daß Ihre Ausführungen hohl
1816 3491 3829 3648 durchweg die meinen  bestätigen. Dies
1819 3587 3906 3794 gilt es nun im Einzelnen zu erweisen.
1829 3706 3701 3826 (Leider liegt mir kein Abdruck des
1829 3807 3741 3977 Aufsatzes vor, ich muß mich auf mein
1843 3919 3504 4113 schlechtes Gedächtnis verlassen.)
