5930 5064
747 725 2799 973 Zeilen eine ungetheliche u. doch sich geschämistische Welt.
720 895 2828 1068 Auchhauung diesletztere, wie Sie wollkarg u doch untäglich
715 1025 2804 1143 den Leser aufklären, daß an der menschlichen Hänaille
701 1119 2750 1281 seiner Umgebung des Höchten gute Absichten zu nichle
706 1213 2729 1410 werden, stehe ich nicht an, als das Meisterhohlesse an
696 1324 2144 1518 dem ganzen Werkchen zu erklären.
971 1394 2812 1572 Neu i - sozusagen - ein Hartschritt in Ihrer Kunst
682 1537 2815 1699 scheint es mir zu sein, daß Sie diesmal das Problematische
712 1642 2753 1844 nicht in den Vordergrund rücken, daß es Ihnen minder
698 1731 2742 1912 um die Physiologie der Feldin (: also der Frau u. derzeugt)
706 1823 2745 2019 zusun ist, vielmehr die exisse Absicht des Wichtigern.
715 1939 2747 2082 damit verlassen Sie das heute Stock in Missbredit
725 2028 2669 2192 geratene Gebiet des Physologismus u. beweisen,
706 2170 2675 2295 daß Sie nicht blost in der Kunst Ihrer Generätion
701 2219 2731 2400 der Impressionisten  sondern auch in der züngsten,
701 2319 2796 2532 der „objektiven Erzähler“ (ich denke an O. Stoertl, P. Ernst,
696 2459 2818 2596 Tanz Kaska i.a., die vollendete Meisterschaft besitzen.
1025 2572 2664 2774 hierlich bleibt zu behärchten - u. dies hab ich
701 2685 2815 2842 gleich eingangs anzudeuten mir erlaubt - daß solche Leser
720 2809 2637 2966 u. Krilitter, die bei Ihnen vorzüglich des Problematische u.
682 2901 2553 3047 Physologi sierende wünschen u. suchen u darüber die
698 2982 2869 3182 veründerte Absicht u. Leistung des neuen Bühleins verkennen,
690 3106 2683 3292 den Vorwürf geringeren Interesses, vielleicht gar den
696 3209 2774 3395 erlohmender Recht erheben werden; darum seh ich, als
682 3322 2650 3505 meine Pflicht an, nicht bloß in diesem privaten u.
666 3427 2823 3605 (wohür ich Verzeihung erbitte) allzuhäftigen Schreiben
682 3562 2812 3726 meine aufsichtige Bewunkung auszusprechen, sondern
671 3653 2793 3831 auch öffentlich in dem hier dargetanen Sinne meine
679 3764 2723 3939 Ansicht auszusprechen. Sehen Sie des bitte nicht als
647 3896 2621 4063 ein leeres Versprechen an, weil ich wieder mein
682 4001 2796 4193 Wort bis heute nichts über xxx Else u. die Neuöder¬
4562 836 4791 1011 Prag 1.,
3025 887 3845 1046 Prof. Dr. JISEF KÖRNER
4462 973 4880 1108 Veleslavinova 10
4398 1095 4872 1246 14.XI.1925.
3090 1289 4185 1507 Verehrter Meister —
3009 1472 5039 1661 solche Anrede müssen Sie mir Heut gestatten,
2971 1602 4921 1815 da ich unmittelbar noch vollendeter Lektüre
2936 1761 4770 1933 Ihrer neuen Meisternovvelle diesen Brief
2923 1847 4840 2055 beginne. Sie jeden mit der Frau des Richten,
2934 1984 4724 2173 ein wahres Muster echter Novellenkunft
2923 2100 4999 2311 geschossen, ein klassisches Stück. Nur ganz wenige
2917 2230 5031 2413 Thres älteren Erzählungen sind an einem Kunst¬
2909 2332 4950 2534 wert dieser neuen gleichzuhalten. Und dennoch
2896 2413 4888 2667 müssen Sie sich gerne von den bisher neuchten
2885 2578 4904 2783 Verehrern wenig Dankermieten. Warum?
2925 2669 4867 2858 Weil Sie mit u. in diesem jüngsten Werkkein
2920 2799 4778 3020 zu ihrem bekannten Wesen etwas Neues
2915 2942 3688 3136 hinzugeten haben.
3257 3004 4993 3214 Was Grethe u. die Kamantiker, höngthächlich
2915 3138 5042 3311 auf Grund ihrer Kenntnis altitalienischer Erzählungs¬
2904 3244 5037 3473 kunst, als das Eigentämliche der Novelle herausgefunden
2893 3381 4961 3540 haben: daß sie in schlichtem Ton eine, unerhörte sich
2904 3454 4956 3653 ereignete Begebenheit" darstelte, das haben Sie ganz
2917 3594 5023 3756 genau u. wie mit Absicht getroffen. In bewunderes¬
2901 3699 4999 3872 weiter Steigerung berichten Sie einen seltsamen Vorfall,
2909 3815 4934 3961 zeihnen rasch: doch eindringlich vier unterschiedliche
2917 3918 4880 4085 Menschen (nur die Heu des Richters scheint mir ein
2888 4020 4904 4209 bisschen zu bloß geenten) u. verkünden zwischen den
