6394 5147
2012 1576 3638 1751 diese Arbeit bestimmt, die dann nicht nur, einige von
1999 1644 3599 1809 A.d. Gestalten u Probleman, sondern womöglich alle - u.
2017 1707 3512 1892 nicht nur von einer Seite ausgesehen - umhassen soll.
2215 1788 3704 1953 ihrer gütigen Einladung zu persönlichem Gedanken.
2003 1890 3584 2032 austausch bitte ich nachkommen zu dürfen, wenn ich zu
1495 2010 1877 2130 24.10.27.
2452 1984 3311 2145 Dr. phil. JοSEF KÖRNER
194 2012 1225 2169 Prag I. Klesluvinov a 10
2411 2084 3381 2204 Professor an der II. deutschen Staatsreaischule
185 2093 1792 2237 Hochverehrter Herr Doktor, Sie nachfolgen
2023 2163 2845 2309 Ostern durch Wien komme,
166 2206 1912 2341 mich durch ihre jüngste Sendung in große Freude u. durch
2333 2230 3357 2385 Mit den schönsten Empfehlungen
185 2276 1792 2435 Ihre erstänliche Hühlbarkeit in nicht geringe,
2627 2313 3466 2466 ganz ergebenst J.K.
172 2350 1875 2487 Bewunderung. Die neue Kovelle - ich habe Sie schont
172 2444 1812 2581 u. in einem Zuge gelesen - scheint nur ein runde
3120 2435 3662 2590 Prag III., Königsstraße 7
185 2507 1842 2644 Meisterwerk, wird allezeit - menossens der Form
2126 2557 2466 2681 12.I.1919
190 2583 1775 2736 u. Gestaltung nach - zu Schreibohlen Leistungen
185 2655 1735 2819 zahlen; bezüglich des Gefalls möchte ich gewisse,
2156 2655 3721 2862 licher Art güligst zu überlassen. Ich weiß, ich tu die
196 2727 1864 2871 Einwäme meiner Generalien machen, das Ganze
2156 2727 3693 2941 eine sehr unbescheidene Bitte, aber ich dies ander¬
2165 2817 3619 3019 sei Sachversichern, daß Sie mit Ihrer hat. Hilfte
192 2812 1877 2956 ist nur zu "impressionistisch" ich vermisse sozungen
185 2886 1901 3008 den weiten Himmel daß Ehrs der sich über die geschilderte
2165 2906 3739 3076 Rein um würdiges Unternehmen unterstützten; meine
196 2980 1925 3085 kammerwelt wollen sollte. Aber hoeilich, ich verzichte
183 3032 1755 3152 Liebe auch diese Zügebe, als auch die wundervolle
2585 3037 3318 3168 DE PHIL. JOSEF KORNER.
2431 3098 3516 3216 PROFESSOR AN DER III. DEUTSCHEN STATSREALSCHULE
196 3102 1809 3235 Künst u. zorte Kraft des Erzählen, die Sie vor
2178 3120 3689 3305 derstellung durch, in inhaltlicher wie in methodischer
185 3174 1936 3318 allen heute schossenden Novellissen voraus haben u. an
2187 3216 3656 3390 Hinsicht, mindestens den Anspruch auf Originalität
2182 3259 3697 3449 erheben.   Thien v. Beschen, bitte ich, wie beliebt,
2191 3333 3558 3514 an den Verlag oder an mich achten zu wollen.
3348 3399 3519 3481 PRAG.
2320 3438 3662 3625 TELEFON 3173 Verehrungsvoll ergeben I. VELESLAVIOVA 10.
2243 3619 3931 3815 jerühsam unsern Spargel acten - u. endet wörtlich:
2228 3697 3569 3872 „als hätt’ ich Deinen Nacken nie gekünft.
2498 3726 3937 3946 Haben Sie für jegliche Bemühung allerschönsten
2213 3822 3832 4020 Dank zum Voraus u. vergeben Sie in jedem Halle
2226 3924 3713 4144 die böse Belästigung Ihrem ganz ergebenen
2679 4037 3536 4205 D= pntl. Joses KÖRNER
2605 4135 3623 4297 Professor an-der II. deutschen Staatsrealschule
3442 4340 3939 4528 I. Veleolavingasse 10.
3344 4500 3937 4663 Prag III., Königestraße 7—
4316 3778 5845 3913 düchen, Sie als Logiergast in meinem Eltern¬
4292 3854 4968 4000 Lause zu beherbergen.
4639 3885 5866 4068 Pacht Herr aber die ganze Sache nicht,
4303 4002 5788 4125 so verübln Sie mir nicht diese drüngenden
4310 4055 5829 4229 Zeilen. Komme ich Schlern nach Wien, so sind
4646 4181 5570 4308 Dr Phil. JOSJF KÖRNER
4508 4295 5727 4408 Professor am Smichower Staatsrealgymnaslum
4299 4323 5738 4482 Sie hoffentlich noch dort, u. erbaufe mir, Sie
4282 4423 5775 4563 wieder einmal aufzusuchen. Mit den schönsten
4306 4508 5827 4685 Empfehlungen Ihr verehrungsvoll ergebener
5206 4628 5642 4789 PRAGI. Velostax
