3752 5544
271 578 3466 853 Wachshuber: Jetzt geht der richtig de hinauf. - Ver folgt mir!
558 808 3404 972 Vorwärts! Für Kaiser und Vaterland! (Er schwingt seinen Mor-
574 935 1054 1140 genstern.)
718 1075 1173 1198 Grurzerger
295 1120 2239 1321 Eine Frau zu ihm: Was haben S' denn da?
283 1202 3375 1464 Wachshuber: Wie, das kennen Sie nicht? Ein Morgenstern ist das. Das
582 1435 3285 1587 ist eine eigene Bewandtnis. Das ist das sicherste, wenns zu
570 1542 3277 1755 Handgemenge kommt. (Auf die Bastei.) (Ceuse mit et
2875 1653 3092 1776 by
2444 1657 2699 1780 riell
1768 1714 2034 1800 strafte.
591 1702 3232 1915 (Oben ist die Bewegung xxxn geworden, alles hat sich
1399 1866 1632 1944 rehnd
582 1878 2071 2088 Tor gedrängt und sieht hinab.)
283 1985 3433 2243 Eine Stimme von jenseits der Mauer, sehr laut): Vom Marschall Lanne
537 2190 1591 2379 Herzog von Montebello.
295 2256 2432 2518 Berger (von oben): Vom Marschall Lannes....
1374 2473 2584 2670 das ist der Marschall....
299 2510 1087 2723 Frau Grinzinger:
1054 2629 2879 2834 (Man hört wie das Tor aufgemacht wird.)
1083 2805 3043 2990 (Wachshuher und Andere wieder herunter.)
299 2859 3425 3170 Föderl: Was soll das bedeuten? Jetzt werns um End Geisseln verlan-
2206 3080 3219 3310 ist der Beginn de
595 3166 837 3306 gen?
312 3215 3453 3445 Berger: Mir scheint, meine Herrschaften, das sind Unterhandlungen,
205 3371 3511 3658 Frau Grinzinger: Was denn für Unterhandlungen: Is denn am End wieder
599 3560 1280 3781 nicht
324 3630 3162 3966 Berger: Wenn die jetzt bei uns nur keine Dummheiten machen.
328 3888 2379 4105 Schreubler: Wieso denn, wie meinen Sie das?
2001 3929 2818 4081 wahrschend
312 4052 3511 4220 Berger: Also das is doch ganz klar. Gemiß wird in ein paar Stunden,
636 4159 3187 4392 spätestens in der Nacht, der Erzherzog Karl mit der ganz
615 4327 3412 4544 Armee da sein. Die drüben haben natürlich ganz sichere Nach-
1727 4458 1981 4565 nicht
615 4507 3137 4745 richten, und wir wissen xxx, weil wir eing'sperrt sind.
595 4634 2924 4848 sagen - und da wollen sie das Präveniere spielen.
320 4790 3137 5094 Schreubler: Vissen's was, Herr Berger, Sie müssten eigentli
