3739 5576
1201 685 2184 899 Elisabet. Medardus.
234 782 1322 955 Elisabeth. Nedaertis
161 850 2366 1116 Medardus (führt leicht zusammen): Was ist...
161 1088 3381 1310 Elisabet (sehr hübsch gekleidet, in der Haartracht etwas verändert):
508 1217 1531 1402 Kennst du mich nicht?
161 1374 1205 1584 Medardus: Elisabet...
157 1519 3220 1745 Elisabet (nickt): Lang haben wir uns nicht gesehn. Siehst blass
496 1689 3305 1886 aus, Medardus. Ich weiss ja, hast viel mitgemacht. Das arme
504 1854 3305 2015 Annerl. Weisst, ich hab auch einen Kranz auf ihr Grab gelegt:
496 1963 2890 2168 Ja, was so alles in einem kurzem Jahr geschen kann.
169 2156 2551 2341 Medardus: Ein Jahr! - Und Dir gehts gut, Elisabet?
1253 2273 2003 2398 auit maintenu
157 2313 2708 2543 Elisabet: Ich hätt Dir gar viel zu erzählen, Medardus.
161 2470 1346 2672 Medardus: Später einmal.
173 2571 3341 2805 Elisabet: Später?... Wird nicht viel Zeit dazu sein. Wenn die Franzo-
520 2728 3373 2946 sen abmarschieren, geh ich auch fortan Wien. Vermeinig
621 2894 1946 2998 nicht mich mit nach Paris
169 2890 3264 3111 Medardus: se7 - Jetzt fällt mirs ein. Hab ich Dich im Sommer nicht
516 3047 3232 3276 einmal am Graben gesehn mit einem Kürnssier mit seinem
169 3240 3413 3426 Elisabet: Du erinnerst Dich noch an den...9 Ich weiss gar nimmerwie
508 3377 3232 3542 er ausschaut hat. Der ist tot. Bei Vagram ist er gefallen.
508 3506 3357 3728 Ich hab überhaupt viel Unglück gehabt. Glück und Unglöck. Das
520 3716 3240 3893 wechalt halt. Venn Du willst, so erzähl ich Dir heut Abend
520 3857 3325 4066 alles, alles: Heut Abend hat nämlich mein Jetziger Dinnst in
504 4006 3349 4215 Schloss. Er ist bei der Garde. Ich wohn ganz nah in der Meid-
500 4135 3301 4389 linger Hauptstrasse. Neben dem Türkenwirtshaus. Es wär schön,
520 4284 3236 4493 wenn ich Dich noch einmal sehn könnt, ein ich für immer von
508 4441 3272 4687 hier fortgeh. Der Meinige nimmt mich mit nach Paris. Er ist
516 4578 3325 4824 Leutnant des xxx fürnk kein ich kaum
613 4755 2503 5066 Med. Cantwortet Picht
1576 5199 1898 5356 - 254 -
