3592 5256
301 531 1648 809 auf! Und sorgfältig gesucht.
844 688 2430 938 (Die soldaten befolgen den Befehl
430 824 2914 1164 Sie verlieren Ihre Zeit, Herr Leutnant, wir führen nicht.
74 844 363 1160 stzelt:
312 1078 867 1289 Verbotenes.
74 1152 3145 1438 eutnant: Das wollen wir hoffen. Sie sind der Leiter des Geschäft
457 1352 2156 1574 Ich bin Angestellter, Herr Leutnant.
90 1426 391 1602 stzelt:
66 1441 3098 1750 Hedardus: Alle Verantwortung trage ich, Herr Leutnant, ich bin de
301 1672 1336 1902 Sohn der Frau Klaehr.
78 1742 2895 2113 Leutnant: Ganz recht. Wohin führt diese Tür? Er geht zur
320 2012 695 2223 links.)
465 2141 2043 2426 (tritt heraus in voller uniform).
98 2250 426 2426 Tresdly
516 2293 3184 2613 (stellt sich vor): Leutnant Moser, vom bairischen Grena¬
82 2383 461 2570 Leutnant
336 2523 1574 2723 dierregiment Nummer zwölf.
70 2594 3211 2859 Trembly: Major Trembly. Ich bin hier einquartiert. Was suchen Sie
324 2844 1312 3012 hier, Herr Leutnant?
86 2938 3195 3211 Leutnant: Ich habe Befehl hier nach verbotenen Druckschriften und
348 3102 1551 3332 Landkarten zu vigilieren.
98 3246 3070 3504 Trembly: Hier? Ich halte es nicht für wahrscheinlich, dass Sie
355 3441 3277 3582 hier dergleichen finden werden, insbesondere in meinem Zimmer.
2336 3523 2676 3625 wicklen
98 3551 2688 3820 Leutnant: Verzeihen Sie, Herr Major, ### Leute suchen
2742 3523 3164 3750 nehmal die
352 3699 3164 3898 merkwürdigsten Verstecke aus. Ich habe strengsten Befehl...
117 3887 1797 4117 Major: (Wenn es Befehl ist)
2391 3945 3105 4273 de leider Ihren
1652 4016 1902 4270 um:
109 4023 1613 4293 Leutnant: (bleibt an der Tür st
238 4223 1801 4402 Herrn Kameraden stören müssen.
117 4211 3188 4574 Major: Das brauchen Sie nicht zu besorgen, Herr Leutnant. Er ist
336 4488 1117 4703 eben gestorben.
391 4637 1762 4902 dus: Er ist tot... Herr Major?
