3720 5320
547 448 2950 713 Sie werden ihm wohl was aufschreiben, Herr Doktor.
577 658 1870 915 Quod scribendum, scribam...
224 709 489 871 Arzt:
536 830 1653 1047 (bringt ihm das nötige).
239 863 430 1029 Anna
536 955 3226 1172 Ein Papier, vortrefflich, ein Tintenfass; kostbar... eine
224 1003 503 1187 Arzt:
500 1124 3332 1286 Feder, o herrlich... (Er schreibt) Dies hier ein schmerzstille
518 1282 3417 1481 des, beruhigendes, einschläferndes Mittel. Man nehme fünfzehn
507 1425 3464 1627 Tropfen auf Zucker. Wenn es nicht wirkt, weitere fünfzehn. Man
529 1583 3413 1789 besorge es in der Apotheke zur heiligen Dreifaltigkeit. Varum
536 1723 3453 1932 eben dort, meine Damen? Weil dieser Apotheker mir zu Weihnach-
518 1892 3461 2076 ten zwölf Flaschen lacrimae Christi gesandt hat. Nun, der Puls
522 2054 3328 2256 ist gut. Man rühre sich nicht. Junger Held, junger Ter, man
518 2212 3365 2337 liege still, auf dass es nicht zu sickern beginne, das köst-
511 2314 3431 2553 liche, warme rote Nass, damit es nicht versickere und
522 2476 3475 2737 und Leben mit ihm. Jacest ubi jacet. Ja..so entstehn Veltweis-
511 2652 878 2862 heiten.
231 2788 2013 3016 Frau Klaehr: Gott helfe uns weiter.
566 2972 3435 3148 Gott? Ich fürchte, ich furchte, verehrte Frau, dieser Wunsch
231 3001 496 3211 Arst:
529 3101 3409 3266 wird sich als unbestellbar erweisen. Sie können von Glück sa-
518 3251 3226 3453 gen, junger Tor, Junger Held. Eine Linie höher, und morgen
511 3413 3453 3637 gibts wieder ein Begräbnis. Ich empfehle mich. Ich sehe abends
511 3589 3409 3725 wieder her. O, ich habe hichts andres zu tun als nach Kranken
511 3755 3284 3913 zu sehn. Wenn sie wünschen, bleib ich auch die ganze Nacht
500 3905 3350 4063 hier. Es war nämlich mein einsiges Kind. Und meine Gemahlin,
511 4034 3376 4243 eine junge Dame voll Amut und Humor, ist bereits vor einiger
500 4188 3328 4416 Zeit abgereist.. Unbekannt wohin. Nun sagen Sie selbst, was
489 4328 3277 4585 hätt' ich daheim zu tun? Ach, meine Verehrten, ich fürchte
500 4500 2281 4732 sehr, dass ich toll werde. (Ab mit Amts-
