<?xml version="1.0" encoding="UTF-8" standalone="yes"?>
<PcGts xmlns="http://schema.primaresearch.org/PAGE/gts/pagecontent/2013-07-15" xmlns:xsi="http://www.w3.org/2001/XMLSchema-instance" xsi:schemaLocation="http://schema.primaresearch.org/PAGE/gts/pagecontent/2013-07-15 http://schema.primaresearch.org/PAGE/gts/pagecontent/2013-07-15/pagecontent.xsd">
    <Metadata>
        <Creator>prov=READ-COOP:name=TrHtr:version=2.1.0:model_id=51170:date=15_08_2023_10:00</Creator>
        <Created>2023-05-10T15:11:07.544+02:00</Created>
        <LastChange>2023-08-15T10:00:55.348+02:00</LastChange>
        <TranskribusMetadata docId="1429033" pageId="55436235" pageNr="239" tsid="132846418" status="IN_PROGRESS" userId="64420" imgUrl="https://files.transkribus.eu/Get?id=ZJHAEJPRQYQGNIPANEIURZTU&amp;fileType=view" xmlUrl="https://files.transkribus.eu/Get?id=QREYGNXKWWCAIUPSOKHMMLOG" imageId="44710224"/>
    </Metadata>
    <Page imageFilename="1429033_0239.jpg" imageWidth="3832" imageHeight="5320">
        <ReadingOrder>
            <OrderedGroup id="ro_1711800435705" caption="Regions reading order">
                <RegionRefIndexed index="0" regionRef="tr_3"/>
                <RegionRefIndexed index="1" regionRef="tr_1"/>
                <RegionRefIndexed index="2" regionRef="tr_2"/>
            </OrderedGroup>
        </ReadingOrder>
        <TextRegion id="tr_3" custom="readingOrder {index:0;}">
            <Coords points="376,654 3480,654 3480,1992 376,1992"/>
            <TextLine id="tr_3_tl_1" custom="readingOrder {index:0;}">
                <Coords points="741,769 2962,891 2954,692 2661,732 2364,631 2120,724 1847,635 1652,708 1514,627 1017,663 732,598"/>
                <Baseline points="758,704 847,716 937,722 1026,728 1116,734 1206,740 1295,746 1385,752 1474,758 1564,758 1653,764 1743,770 1833,770 1922,782 2012,782 2101,794 2191,794 2280,794 2370,800 2459,806 2549,806 2639,812 2728,818 2818,818 2907,823 2973,835"/>
                <TextEquiv>
                    <Unicode>nahme machen, hoff ich, auch wenn Du tot wärst.</Unicode>
                </TextEquiv>
            </TextLine>
            <TextLine id="tr_3_tl_2" custom="readingOrder {index:1;}">
                <Coords points="488,920 3349,1033 3340,899 2649,822 2270,887 1872,773 1355,834 480,741"/>
                <Baseline points="507,865 597,853 686,859 776,865 865,871 955,877 1044,877 1134,883 1224,889 1313,895 1403,901 1492,907 1582,907 1671,919 1761,919 1850,925 1940,931 2030,937 2119,943 2209,949 2298,949 2388,955 2477,961 2567,961 2657,967 2746,973 2836,973 2925,973 3015,979 3104,985 3194,997 3283,1003 3355,1003"/>
                <TextEquiv>
                    <Unicode>Medardus: Du kannst mir also schwören, dass ich nicht vor ein,</Unicode>
                </TextEquiv>
            </TextLine>
            <TextLine id="tr_3_tl_3" custom="readingOrder {index:2;}">
                <Coords points="704,1070 3068,1176 3064,1058 2730,985 2380,1050 1807,928 1469,997 1253,907 700,972"/>
                <Baseline points="722,997 812,1015 901,1021 991,1026 1080,1026 1170,1038 1259,1038 1349,1044 1438,1056 1528,1056 1618,1062 1707,1068 1797,1074 1886,1080 1976,1086 2065,1092 2155,1092 2245,1098 2334,1104 2424,1110 2513,1110 2603,1110 2692,1110 2782,1116 2871,1122 2961,1122 3051,1122 3074,1122"/>
                <TextEquiv>
                    <Unicode>Wochen an einem gewissen Degenstich gestorben bin?</Unicode>
                </TextEquiv>
            </TextLine>
            <TextLine id="tr_3_tl_4" custom="readingOrder {index:3;}">
                <Coords points="358,1229 3349,1335 3340,1208 2759,1127 350,1070"/>
                <Baseline points="376,1152 465,1152 555,1158 644,1158 734,1164 823,1176 913,1182 1003,1182 1092,1182 1182,1188 1271,1194 1361,1200 1450,1206 1540,1206 1630,1212 1719,1218 1809,1224 1898,1229 1988,1229 2077,1235 2167,1241 2256,1247 2346,1253 2436,1259 2525,1259 2615,1259 2704,1259 2794,1271 2883,1271 2973,1277 3063,1283 3152,1289 3242,1295 3331,1301 3355,1307"/>
                <TextEquiv>
                    <Unicode>Etzelt: Das kann ich xxx nicht aber, dass Du nicht von heute früh</Unicode>
                </TextEquiv>
            </TextLine>
            <TextLine id="tr_3_tl_5" custom="readingOrder {index:4;}">
                <Coords points="745,1408 1566,1371 1904,1473 2051,1404 3312,1510 3304,1347 2974,1294 2881,1359 2653,1278 736,1249"/>
                <Baseline points="758,1319 847,1325 937,1331 1026,1337 1116,1343 1206,1343 1295,1349 1385,1349 1474,1361 1564,1361 1653,1367 1743,1373 1833,1373 1922,1379 2012,1385 2101,1391 2191,1397 2280,1403 2370,1403 2459,1409 2549,1409 2639,1415 2728,1415 2818,1427 2907,1427 2997,1438 3086,1438 3176,1444 3266,1444 3313,1444"/>
                <TextEquiv>
                    <Unicode>bis jetzt in einer scheintigesessen und zur Feier des grö-</Unicode>
                </TextEquiv>
            </TextLine>
            <TextLine id="tr_3_tl_6" custom="readingOrder {index:5;}">
                <Coords points="724,1510 1196,1579 1741,1522 1912,1599 2051,1546 2759,1652 2974,1575 2970,1485 2673,1436 2519,1501 2445,1440 1025,1440 720,1367"/>
                <Baseline points="746,1474 835,1480 925,1486 1015,1486 1104,1492 1194,1498 1283,1504 1373,1510 1462,1510 1552,1516 1641,1522 1731,1522 1821,1528 1910,1534 2000,1540 2089,1540 2179,1546 2268,1546 2358,1558 2448,1558 2537,1558 2627,1564 2716,1570 2806,1570 2895,1576 2985,1576"/>
                <TextEquiv>
                    <Unicode>Tages einige Schoppen Wein zuviel getrunken hast.</Unicode>
                </TextEquiv>
            </TextLine>
            <TextLine id="tr_3_tl_7" custom="readingOrder {index:6;}">
                <Coords points="435,1664 3418,1766 3328,1575 2897,1676 1737,1522 427,1522"/>
                <Baseline points="453,1612 543,1612 632,1618 722,1624 812,1630 901,1630 991,1636 1080,1641 1170,1647 1259,1647 1349,1653 1438,1659 1528,1665 1618,1671 1707,1677 1797,1683 1886,1683 1976,1689 2065,1695 2155,1695 2245,1701 2334,1701 2424,1701 2513,1707 2603,1713 2692,1719 2782,1725 2871,1731 2961,1731 3051,1737 3140,1737 3230,1743 3319,1749 3409,1755 3427,1755"/>
                <TextEquiv>
                    <Unicode>Medardus: Und wär es nicht möglich, dass wir beide gestern auf de</Unicode>
                </TextEquiv>
            </TextLine>
            <TextLine id="tr_3_tl_8" custom="readingOrder {index:7;}">
                <Coords points="618,1847 3475,1925 3471,1835 3039,1758 1180,1741 1050,1648 614,1733"/>
                <Baseline points="638,1779 728,1773 818,1779 907,1785 997,1791 1086,1791 1176,1791 1265,1797 1355,1803 1444,1809 1534,1815 1624,1821 1713,1821 1803,1827 1892,1833 1982,1839 2071,1844 2161,1844 2250,1850 2340,1850 2430,1856 2519,1856 2609,1862 2698,1862 2788,1868 2877,1874 2967,1874 3057,1880 3146,1886 3236,1892 3325,1898 3415,1904 3480,1904"/>
                <TextEquiv>
                    <Unicode>Bastei von einer Kugel getroffen wurden und unsre Seelen durch</Unicode>
                </TextEquiv>
            </TextLine>
            <TextLine id="tr_3_tl_9" custom="readingOrder {index:8;}">
                <Coords points="716,1998 789,1953 1017,1949 1094,2002 1510,1969 1680,2051 2038,2006 2034,1908 1811,1872 1762,1908 1648,1839 1465,1900 1160,1839 708,1843"/>
                <Baseline points="734,1922 823,1928 913,1928 1003,1934 1092,1940 1182,1946 1271,1946 1361,1958 1450,1958 1540,1964 1630,1970 1719,1970 1809,1976 1898,1976 1988,1982 2047,1976"/>
                <TextEquiv>
                    <Unicode>die Luft fliegen und träumen?</Unicode>
                </TextEquiv>
            </TextLine>
        </TextRegion>
        <TextRegion id="tr_1" custom="readingOrder {index:1;}">
            <Coords points="197,2003 3451,2003 3451,3705 197,3705"/>
            <TextLine id="tr_1_tl_1" custom="readingOrder {index:0;}">
                <Coords points="2091,2124 2189,2071 2262,2099 2543,2055 2661,2108 2999,2075 3064,2132 3161,2091 3231,2116 3231,2063 3060,2026 2982,1957 2909,1990 2844,1941 2795,1981 2677,1925 2510,2010 2152,1949 2087,1977"/>
                <Baseline points="2113,2053 2203,2053 2292,2053 2382,2053 2471,2053 2561,2053 2651,2059 2740,2059 2830,2065 2919,2059 3009,2065 3098,2077 3188,2089 3242,2095"/>
                <TextEquiv>
                    <Unicode>forst seven Arm.</Unicode>
                </TextEquiv>
            </TextLine>
            <TextLine id="tr_1_tl_2" custom="readingOrder {index:1;}">
                <Coords points="419,2120 3418,2262 3349,2087 2010,2108 1412,1977 415,1973"/>
                <Baseline points="441,2071 531,2065 620,2071 710,2071 800,2071 889,2077 979,2083 1068,2089 1158,2095 1247,2101 1337,2107 1427,2107 1516,2113 1606,2113 1695,2119 1785,2119 1874,2131 1964,2137 2053,2137 2143,2143 2233,2149 2322,2155 2412,2155 2501,2155 2591,2161 2680,2167 2770,2167 2860,2173 2949,2173 3039,2179 3128,2185 3218,2191 3307,2191 3397,2197 3421,2197"/>
                <TextEquiv>
                    <Unicode>Etzelt (wird ernster, auf ihn zu): Nein, des ist nicht Frankenhof</Unicode>
                </TextEquiv>
            </TextLine>
            <TextLine id="tr_1_tl_3" custom="readingOrder {index:2;}">
                <Coords points="688,2254 2938,2360 2893,2185 2067,2234 684,2148"/>
                <Baseline points="710,2233 800,2227 889,2227 979,2233 1068,2239 1158,2239 1247,2239 1337,2250 1427,2250 1516,2250 1606,2256 1695,2262 1785,2268 1874,2274 1964,2274 2053,2280 2143,2286 2233,2286 2322,2292 2412,2304 2501,2304 2591,2310 2680,2316 2770,2322 2860,2322 2949,2316"/>
                <TextEquiv>
                    <Unicode>Aber was ist es sonst? Woher kommst Du, Medardus?</Unicode>
                </TextEquiv>
            </TextLine>
            <TextLine id="tr_1_tl_4" custom="readingOrder {index:3;}">
                <Coords points="1099,2311 2523,2380 2523,2307 2299,2287 2189,2327 1794,2270 1099,2283"/>
                <Baseline points="1122,2304 1212,2316 1301,2322 1391,2322 1480,2322 1570,2322 1659,2328 1749,2334 1839,2346 1928,2346 2018,2346 2107,2352 2197,2358 2286,2358 2376,2364 2465,2370 2531,2370"/>
                <TextEquiv>
                    <Unicode>wenn ich am Leben bin, Eheleb</Unicode>
                </TextEquiv>
            </TextLine>
            <TextLine id="tr_1_tl_5" custom="readingOrder {index:4;}">
                <Coords points="399,2409 3023,2514 3019,2380 2885,2356 2173,2388 391,2246"/>
                <Baseline points="417,2364 507,2364 597,2370 686,2370 776,2376 865,2376 955,2382 1044,2394 1134,2394 1224,2400 1313,2400 1403,2400 1492,2406 1582,2412 1671,2412 1761,2424 1850,2424 1940,2430 2030,2430 2119,2436 2209,2442 2298,2442 2388,2442 2477,2448 2567,2459 2657,2459 2746,2465 2836,2471 2925,2477 3015,2477 3033,2477"/>
                <TextEquiv>
                    <Unicode>Medardus: Was fragst Du viel! Hust zu mir nicht gestern</Unicode>
                </TextEquiv>
            </TextLine>
            <TextLine id="tr_1_tl_6" custom="readingOrder {index:5;}">
                <Coords points="651,2600 964,2543 3349,2702 3340,2547 3019,2498 2063,2547 1269,2417 643,2441"/>
                <Baseline points="668,2519 758,2525 847,2525 937,2531 1026,2537 1116,2543 1206,2543 1295,2549 1385,2555 1474,2555 1564,2561 1653,2567 1743,2573 1833,2573 1922,2579 2012,2585 2101,2591 2191,2591 2280,2597 2370,2603 2459,2609 2549,2615 2639,2615 2728,2621 2818,2627 2907,2627 2997,2633 3086,2639 3176,2639 3266,2645 3355,2651 3361,2645"/>
                <TextEquiv>
                    <Unicode>heimen zusichten entleckt? Von einer Hochzeit, Etzelt, kann</Unicode>
                </TextEquiv>
            </TextLine>
            <TextLine id="tr_1_tl_7" custom="readingOrder {index:6;}">
                <Coords points="639,2746 2376,2799 2315,2665 2014,2665 1859,2596 1420,2649 1233,2559 635,2608"/>
                <Baseline points="656,2668 746,2674 835,2680 925,2680 1015,2686 1104,2686 1194,2692 1283,2698 1373,2704 1462,2710 1552,2710 1641,2716 1731,2722 1821,2722 1910,2728 2000,2734 2089,2740 2179,2746 2268,2752 2358,2758 2382,2752"/>
                <TextEquiv>
                    <Unicode>ich zu der ich nicht geladen war.</Unicode>
                </TextEquiv>
            </TextLine>
            <TextLine id="tr_1_tl_8" custom="readingOrder {index:7;}">
                <Coords points="175,2909 3446,2995 3442,2856 2531,2759 167,2722"/>
                <Baseline points="197,2854 286,2836 376,2824 465,2818 555,2818 644,2824 734,2824 823,2824 913,2830 1003,2830 1092,2836 1182,2842 1271,2848 1361,2848 1450,2854 1540,2860 1630,2865 1719,2871 1809,2871 1898,2871 1988,2883 2077,2883 2167,2889 2256,2895 2346,2901 2436,2901 2525,2907 2615,2913 2704,2919 2794,2925 2883,2925 2973,2931 3063,2931 3152,2943 3242,2943 3331,2949 3421,2949 3451,2943"/>
                <TextEquiv>
                    <Unicode># (Etzelt (sich wieder abwendend): Verzeih, Medardus, mir ist weniger</Unicode>
                </TextEquiv>
            </TextLine>
            <TextLine id="tr_1_tl_9" custom="readingOrder {index:8;}">
                <Coords points="651,3011 773,3047 924,2999 1062,3047 1371,3015 1420,3056 1811,3052 1807,2934 1725,2905 1330,2946 1131,2901 976,2929 854,2868 810,2909 724,2873 643,2897"/>
                <Baseline points="668,2967 758,2979 847,2979 937,2985 1026,2985 1116,2991 1206,2991 1295,2997 1385,3003 1474,3009 1564,3015 1653,3015 1743,3021 1821,3027"/>
                <TextEquiv>
                    <Unicode>spasshaft zu Mut als Dir.</Unicode>
                </TextEquiv>
            </TextLine>
            <TextLine id="tr_1_tl_10" custom="readingOrder {index:9;}">
                <Coords points="362,3165 3349,3263 3340,3133 2396,3035 2095,3117 354,3027"/>
                <Baseline points="382,3116 471,3110 561,3110 650,3116 740,3122 829,3128 919,3128 1009,3134 1098,3140 1188,3146 1277,3146 1367,3152 1456,3152 1546,3158 1636,3164 1725,3170 1815,3176 1904,3182 1994,3188 2083,3188 2173,3194 2262,3200 2352,3200 2442,3206 2531,3206 2621,3212 2710,3218 2800,3218 2889,3224 2979,3224 3069,3230 3158,3236 3248,3236 3337,3248 3355,3242"/>
                <TextEquiv>
                    <Unicode>Medardus: Damit ist nicht viel gesagt. Denn mir ist vahrhaft höl-</Unicode>
                </TextEquiv>
            </TextLine>
            <TextLine id="tr_1_tl_11" custom="readingOrder {index:10;}">
                <Coords points="627,3288 749,3296 895,3357 960,3320 1033,3365 1160,3377 1359,3373 1530,3324 1526,3210 1440,3231 1310,3198 1212,3235 1147,3186 1050,3218 960,3165 854,3165 810,3202 696,3178 627,3214"/>
                <Baseline points="650,3277 740,3277 829,3283 919,3283 1009,3289 1098,3289 1188,3295 1277,3301 1367,3301 1456,3307 1540,3313"/>
                <TextEquiv>
                    <Unicode>lich lustig zu Mut.</Unicode>
                </TextEquiv>
            </TextLine>
            <TextLine id="tr_1_tl_12" custom="readingOrder {index:11;}">
                <Coords points="358,3471 700,3519 1147,3454 1863,3503 1831,3320 1627,3410 1542,3361 1107,3373 1038,3324 887,3357 724,3296 663,3336 431,3267 354,3304"/>
                <Baseline points="382,3415 471,3421 561,3421 650,3427 740,3433 829,3433 919,3439 1009,3439 1098,3445 1188,3445 1277,3451 1367,3457 1456,3457 1546,3463 1636,3469 1725,3469 1815,3475 1874,3475"/>
                <TextEquiv>
                    <Unicode>Etzelt: so siehst Du nicht aus</Unicode>
                </TextEquiv>
            </TextLine>
            <TextLine id="tr_1_tl_13" custom="readingOrder {index:12;}">
                <Coords points="358,3617 3340,3727 3336,3617 3153,3544 354,3499"/>
                <Baseline points="382,3570 471,3570 561,3570 650,3570 740,3576 829,3582 919,3588 1009,3588 1098,3594 1188,3600 1277,3606 1367,3606 1456,3612 1546,3612 1636,3618 1725,3618 1815,3624 1904,3630 1994,3636 2083,3636 2173,3642 2262,3642 2352,3648 2442,3654 2531,3654 2621,3660 2710,3660 2800,3666 2889,3672 2979,3672 3069,3678 3158,3683 3248,3689 3337,3695 3349,3689"/>
                <TextEquiv>
                    <Unicode>Medardus: Und doch muss es seine Richtigkeit haben. Denn wenn das</Unicode>
                </TextEquiv>
            </TextLine>
        </TextRegion>
        <TextRegion id="tr_2" custom="readingOrder {index:2;}">
            <Coords points="549,3681 3391,3681 3391,4882 549,4882"/>
            <TextLine id="tr_2_tl_1" custom="readingOrder {index:0;}">
                <Coords points="627,3760 3340,3902 3336,3768 2779,3686 623,3654"/>
                <Baseline points="650,3731 740,3731 829,3737 919,3737 1009,3743 1098,3743 1188,3749 1277,3755 1367,3761 1456,3761 1546,3767 1636,3767 1725,3773 1815,3779 1904,3779 1994,3785 2083,3791 2173,3791 2262,3797 2352,3797 2442,3803 2531,3803 2621,3809 2710,3815 2800,3821 2889,3821 2979,3827 3069,3833 3158,3833 3248,3839 3337,3839 3349,3839"/>
                <TextEquiv>
                    <Unicode>sonderbare Brennen - das ich in meinem Herzen verspüre, etwas</Unicode>
                </TextEquiv>
            </TextLine>
            <TextLine id="tr_2_tl_2" custom="readingOrder {index:1;}">
                <Coords points="602,3914 3345,4036 3340,3902 2771,3825 598,3804"/>
                <Baseline points="626,3892 716,3887 806,3887 895,3892 985,3898 1074,3898 1164,3904 1253,3904 1343,3910 1432,3910 1522,3916 1612,3922 1701,3922 1791,3928 1880,3928 1970,3934 2059,3934 2149,3940 2239,3940 2328,3946 2418,3952 2507,3952 2597,3958 2686,3964 2776,3970 2865,3970 2955,3976 3045,3982 3134,3982 3224,3988 3313,3988 3355,3988"/>
                <TextEquiv>
                    <Unicode>andres wäre: als Lustigkeit - Traurigkelt zum Beispiel, oder</Unicode>
                </TextEquiv>
            </TextLine>
            <TextLine id="tr_2_tl_3" custom="readingOrder {index:2;}">
                <Coords points="586,4085 3385,4175 3381,4077 3198,4016 582,3955"/>
                <Baseline points="609,4036 698,4036 788,4042 877,4048 967,4048 1056,4054 1146,4054 1235,4060 1325,4066 1415,4066 1504,4072 1594,4072 1683,4078 1773,4078 1862,4084 1952,4090 2042,4090 2131,4095 2221,4095 2310,4101 2400,4107 2489,4107 2579,4113 2668,4119 2758,4119 2848,4119 2937,4125 3027,4131 3116,4131 3206,4137 3295,4137 3385,4149 3391,4149"/>
                <TextEquiv>
                    <Unicode>Scham, oder Verzweiflung... so müsst ich dran gestorben sein.</Unicode>
                </TextEquiv>
            </TextLine>
            <TextLine id="tr_2_tl_4" custom="readingOrder {index:3;}">
                <Coords points="582,4232 2250,4272 2246,4142 2087,4122 1782,4158 1522,4085 1465,4126 1241,4073 1090,4134 578,4097"/>
                <Baseline points="603,4191 692,4191 782,4191 871,4197 961,4197 1050,4203 1140,4203 1229,4209 1319,4209 1409,4215 1498,4221 1588,4221 1677,4227 1767,4227 1856,4233 1946,4233 2036,4239 2125,4239 2215,4245 2262,4251"/>
                <TextEquiv>
                    <Unicode>An Lustigkeit aber stirbt man nicht.</Unicode>
                </TextEquiv>
            </TextLine>
            <TextLine id="tr_2_tl_5" custom="readingOrder {index:4;}">
                <Coords points="529,4378 3345,4463 3336,4256 2982,4358 2738,4268 2043,4329 1453,4215 1196,4305 521,4223"/>
                <Baseline points="549,4334 638,4346 728,4346 818,4346 907,4346 997,4352 1086,4352 1176,4358 1265,4358 1355,4358 1444,4364 1534,4364 1624,4370 1713,4376 1803,4376 1892,4382 1982,4382 2071,4382 2161,4394 2250,4394 2340,4400 2430,4400 2519,4400 2609,4406 2698,4406 2788,4406 2877,4412 2967,4418 3057,4424 3146,4430 3236,4430 3325,4430 3355,4436"/>
                <TextEquiv>
                    <Unicode>elt: Du warst wirklich - 7... Und man liess Dich natürlich nicht</Unicode>
                </TextEquiv>
            </TextLine>
            <TextLine id="tr_2_tl_6" custom="readingOrder {index:5;}">
                <Coords points="846,4557 3308,4614 3259,4459 838,4406"/>
                <Baseline points="865,4496 955,4490 1044,4496 1134,4501 1224,4501 1313,4501 1403,4507 1492,4513 1582,4513 1671,4519 1761,4525 1850,4525 1940,4531 2030,4537 2119,4543 2209,4543 2298,4549 2388,4549 2477,4549 2567,4549 2657,4549 2746,4561 2836,4561 2925,4567 3015,4573 3104,4573 3194,4579 3283,4579 3313,4579"/>
                <TextEquiv>
                    <Unicode>Das war leicht vorauszusehn. Aber nun heff ich, ist die</Unicode>
                </TextEquiv>
            </TextLine>
            <TextLine id="tr_2_tl_7" custom="readingOrder {index:6;}">
                <Coords points="797,4716 3218,4769 3214,4638 3003,4618 793,4561"/>
                <Baseline points="818,4639 907,4651 997,4657 1086,4657 1176,4657 1265,4663 1355,4663 1444,4663 1534,4663 1624,4669 1713,4675 1803,4675 1892,4681 1982,4687 2071,4687 2161,4693 2250,4693 2340,4693 2430,4699 2519,4699 2609,4699 2698,4705 2788,4705 2877,4710 2967,4710 3057,4722 3146,4722 3224,4722"/>
                <TextEquiv>
                    <Unicode>de abgetan. Du hast versucht, was Du konntest. Mehr bieten.</Unicode>
                </TextEquiv>
            </TextLine>
            <TextLine id="tr_2_tl_8" custom="readingOrder {index:7;}">
                <Coords points="627,4891 1147,4838 1489,4907 1741,4830 3027,4948 3023,4813 2897,4756 623,4703"/>
                <Baseline points="644,4800 734,4806 823,4806 913,4806 1003,4812 1092,4812 1182,4818 1271,4818 1361,4818 1450,4824 1540,4824 1630,4824 1719,4830 1809,4836 1898,4836 1988,4836 2077,4842 2167,4848 2256,4854 2346,4854 2436,4860 2525,4860 2615,4860 2704,4860 2794,4866 2883,4866 2973,4872 3033,4866"/>
                <TextEquiv>
                    <Unicode>Du Deinem Eigensinn nicht schuldig. Sei froh, dass es in</Unicode>
                </TextEquiv>
            </TextLine>
        </TextRegion>
    </Page>
</PcGts>
