3856 5797
1201 1080 1462 1235 nach erst
1537 1001 2497 1247 ehe die Anwesenden sie
774 1197 1039 1360 au entf.
242 1503 559 1696 Töderl.
604 1439 2059 1692 (zu seiner Frau): Komm doch.
128 1647 540 1855 ortrauer:
593 1624 2894 1862 Ich ersuche nochmals sich lautlos zu entfernen.
612 1783 2848 1987 (Die Leute beginnen allmählich sich zu entfernen
582 1961 3041 2134 (zu Frau Klaehr, die regungslos an dem Grabe steht):
110 1953 502 2168 ertrauer
332 2127 2210 2312 sie, Frau, haben sie nicht verstanden?
2497 2123 2875 2316 Votre ami
110 2244 2701 2444 sdardus: Wagen sie es nicht, meine Mutter zu berühren.
110 2380 3150 2606 ertrauter: Das geht mich gar nichts an, ob das Ihre Frau Mutter
344 2538 1900 2769 ist. - Man entferne sich lautlos.
98 2652 359 2928 tselt.
419 2671 3079 2901 (zum Vertrauten): Das ist die Schwester von Jakob Esche
321 2852 3177 3075 bacher! Lassen Sie sie doch in Huhe! Achten Sie doch die Hei-
325 3018 3079 3211 ligkeit des Ortes. Sie sehn ja, dass die Leute sich in Ruhe
336 3184 3147 3373 entfernen. Varum wollen Sie sie reizen? Das könnte Folgen ha-
332 3328 2920 3506 ben, die Ihnen von Ihrer vorgesetzten Behörde sehr übel
325 3449 1284 3676 men werden könnten.
106 3604 2750 3793 Vertruter (eingeschüchtert, aber frech): A was! A was I
427 3770 3166 4012 er: Ich an Ihrer Stell', ich tät mich jetzt selber empfeh¬
314 3906 2036 4129 len. Ihre Pflicht haben sie erfüllt.
563 4049 2856 4276 Man entferne sich lautlos! Lautles und sofort!
