3496 5048
356 595 2528 879 Adio, ein schön guten Morgen.... (Ab mit der
785 792 2437 1069 (Im Garten drüben Vogelzwitschern.)
496 963 2926 1182 Der bereiten Dinge aller Art sich vor-
125 955 440 1232 atzelt:
1012 1129 1592 1236 recht der Sag
125 1179 3168 1357 Wie unerbittlich seinen festen Rahmen um die Velt.... Nun möcht i
356 1300 3123 1520 beinah glauben, dass all meine Sorgen Einbildungen waren un-
364 1455 2998 1694 weiter nichts — doch der Uns Zauber des Morgens täuscht.
352 1626 2945 1800 Ende so gut wie die Nacht mit ihren schlimmenden schaus
144 1793 2964 1944 Scheint mir nicht in diesem harten grauen Frühliche xxx
364 1884 3131 2130 anders.  furchtharer scheint mir nicht selbst Agathens To-
368 2115 3142 2274 in der Farblosigkeit dieser Morgenstunde wie etwas nicht ge-
375 2210 3225 2448 schehenes... wie etwas, das nie und nimmer möglich wart... Und
364 2388 3256 2585 ich weiss doch, dass es wahr ist, g###euvll wahre.. und
1569 2509 1789 2604 dn of
375 2490 3203 2695 dass die Würmer schon an ihrem Geschäft sind. #. Wahrlich, wir
364 2653 3324 2884 sind geschaffen uns von allem narren zu lassen...von seltamen
375 2824 3244 3051 wie vom gewohnten. Hin HinHinzunehmen die täglichen Wunder, die
368 2983 3305 3206 uns umgeben... wie von Gott uns geschuldet - und den Meterstein
364 3176 3142 3343 zustaunen, der zu unsern Füssen vom Himmel niederfiel - als
352 3278 3157 3532 machte das seine Merkwürdigkeit aus, dass er nicht anderswe
318 3438 1129 3699 herabstündte...
1501 3494 3415 3779 (die sich xxx hinter ihn schliesst)
364 3623 2357 3885 Medardus (aus der Gartenpforte). Etzelt.
91 3839 1308 4040 Medzrdus: Etzelt:.. Du...
95 4002 2509 4184 Mtzelt: Medardus, Du bist es? Du biet es wirklich?
95 4150 2043 4358 Medardus: Du hast hier gewartet, Etzelt?
125 4309 3066 4518 stzelt: Ich bin da. Es könnte ja auch Zufall sein...Nimus, wie
299 4438 970 4658 Dir beliebt.
121 4578 2194 4794 Medardus: Etzelt, Du weisst woher ich kommen. Oder-
2350 4703 2581 4946 na niet
239 4741 1687 4969 alt: Ich weiss es nicht. Es künft
2028 4745 2194 4919 Ich
