3755 5464
377 659 3309 929 Helene: Was ist Ihnen, Bertrand? Haben Sie diese Stunde abgewanden:
628 860 3354 1058 tet, um von Dingen zu reden, die zwischen uns völlig abgetan
624 986 3122 1173 sind? Uehardies fürcht ich sehr dass Sie ganz Inselse?
1302 1093 1649 1196 würden.
605 1112 2970 1367 lässig betreiben wann man sie zu frühe helohnte...
461 1196 819 1329 Marqué
392 1287 3198 1527 Vicantes Helene, - ich schwöre Ihnen - Sie würden mir wie ein
621 1458 3255 1656 Schwester sein. Nicht Ihre Fangerspitzen will ich berühren,
605 1599 1565 1763 Sie es mir erlauben.
377 1717 3351 1915 Helene (ernst): Wozu dies alles? Sie wissen aber wohl, dass es
594 1915 3431 2163 nicht Angst vor Ihnen oder - vor mir ist, die mich hier zurück-
605 2045 868 2170 hält.
487 2090 822 2239 barqué
381 2117 3267 2467 Viehmte; fim wie viel ruhigef - um wieviel stolzer ging ich von
552 2342 3351 2566 hier fort, wenn Sie mir, der doch so manches zu ihnen vermag,
605 2482 2300 2707 von Ihren Absichten mehr verrieten.
362 2608 3419 2825 Helene: Wollen Sie mir ein armseliges Wort auf die Lippen looken?
583 2821 3438 2989 Auch das kühnste würde meinen Vorsatz nur beschimpfen. Ehe eine
1706 2924 1949 3019 me
594 2913 3316 3122 nennige Tat geschehn xxx ihr Name unter Menschen erbärm-
579 3099 3214 3263 lich klingen. Erst wenn sie gelang, strahit ihr Glanz auch
838 3210 1321 3309 een vivrat.
598 3240 3351 3499 auf die wieder. Senden Sie mir die Nachrichten, deren
586 3385 2353 3545 ich bedarf, das andre wird sich finden.
487 3511 853 3640 l'aquis
343 3518 3335 3777 Vicomte: Läg es an mir alleinl.. Wäre man der Freude, des Glückes
583 3705 933 3884 sicher!
331 3781 3282 4082 Helene: Es gibt kein Glück, es gibt nur den Villen das Schicksal
571 3990 3255 4203 zu zwingen. Es gibt keine Freuße; - nur den Willen, über Men
560 4139 3282 4375 schen Herr zu sein. Der Wille ist alles, Bertrand. Sie müssen
564 4333 3400 4489 wollen. Nur wenn Ihnen gelingt, was Sie wollen, werden Sie sich
564 4436 2684 4653 selber glauben dürfen, dass Sie gewollt haben.
324 4558 3297 4782 Vingute: Wie würd ich wollen, wär ich Ihrer Liebe nur gewiss, Hele
293 4759 3107 5003 Helene: Vollen Sie, Bertrand, und ich werde Sie liebe
