3534 5818
575 709 2076 937 Was weiss ich...Vielleicht ist
1538 889 1908 1004 vertei¬
243 896 1788 1131 Vielleicht ist schon alles
205 1049 646 1284 Hehr.
86 1184 2681 1434 erger: Aber was fallt Ihnen ein -? Sie machens doch öff
213 1378 2517 1606 schon wegen der abschreckenden Wirkung. Also. dan
239 1508 2539 1736 rieben. Wobei... wie sie sagen.. kan; nicht ein
116 1699 1886 1900 dardus (plötzlich): Und die Mutter?
2035 1721 2248 1871 G.C.F.P.
112 1852 355 2009 zelt:
392 1796 2517 2031 Sie war vor einer Stunde noch nicht daheim.
116 1994 3032 2222 dardus: Das ist unbegreiflich. Wenn sie am Ende doch verhaftet
239 2154 937 2322 worden wäre...
116 2270 3062 2487 au Föderl: Wär alles möglich. Ich möcht mich nicht wundern. Sie
231 2442 2453 2658 tun ja jetzt, was sie wollen, diese Schurken.
86 2587 2830 2782 rr Föderl: Um Gotteswillen, kannst nicht das Mal halten.
97 2756 3099 2983 erger: Nur Mut, Medardus. Wer weiss, vielleicht kommt die Mutter
239 2901 2998 3080 und bringt die Begnadigung. Na ja, ich sag es immer, so ein
231 3054 3148 3252 Mensch wie der Napolson ist unberechenbar. Hab ich Ihnen schon
314 3162 605 3271 ernittet
239 3192 3028 3401 s###agt, dass ich ihn gestern gesehn habe. Ja, bei der Parad.
220 3394 3047 3510 Nicht weiter als... na, nicht weiters als die zwei Weiber dort
209 3555 3039 3730 vorübergehn. (Zeigt auf zwei) Bleich knapp hinterm Kerdon
209 3663 3196 3906 bin ich g'standen und hart an dem Kordon ist er vorübergeritten.
205 3835 3148 4040 Er sieht gar nicht so klein aus, wies immer heisst. Ich hab ihm
213 3973 3028 4171 sogar reden gehört.. zu einem Adjutanten, nur leider... seinen
205 4118 3047 4339 Accent versteh ich nicht recht... es ist vielleicht, weil er
198 4230 3162 4466 doch eigentlich kein gebürtiger Franzose ist sondern aus Corsi-
209 4421 2886 4634 ca. Aber das Gesicht, das hab ich ganz deutlich gezehn.
575 4566 1968 4779 also wie schaut er denn aus
2113 4570 2289 4798 nten
403 4723 2218 4955 Undurchdringlich. Eisern...Wie eine Sta-
922 4880 2255 5138 Eine Ruhe.... marium
