3624 5496
761 308 1193 524 II /1/4
1253 252 1678 585 V. P.
200 633 3275 885 Frau Klaehr: Ja freilich. Du nimmst es so. Ich hätte mirs denken
420 821 813 1017 „können.
200 965 3263 1205 Eschenbacher (sehr gutmütig): Bin Dir wohl wieder nicht patrio-
436 1137 3279 1365 tisch genug, Schwester? Wenn ich Dir nun sagte, dass mein mi-
428 1289 3219 1505 litärisch Gewand frisch aufgebügelt ist und der Säbel Blank
444 1445 933 1626 geputzt...
172 1569 2514 1778 Frau Klaehr: Wär lieber Dein Herz bei der Sache.
176 1754 3391 1914 Eschenbacher (ernst): Es wäre schon dabei, wenn die Menschen immer
428 1890 2090 2054 so wären, wies die Sache verlangt.
160 2006 3195 2230 Frau Klaehr: Wie bist Du doch ungerecht, Jakob! Hast Du gehört,
400 2178 3243 2390 dass sich der Georg Käsmann erschossen hat? Der Schuster vom
2991 2342 3483 2490 hatt mine.
396 2326 3251 2522 tiefen Graben. Weil ihn das Los getroffen hat, dass er mueit
396 2482 1141 2679 daheim bleiben.
164 2626 3139 2863 Eschenbacher: Ja, es gibt schon solche auch. Aber obs eben die
388 2823 2695 2971 klarsten Köpfe sind...Und die besten Schuhmacher,
2566 2927 2807 3047 and
152 2947 3271 3239 Frau Klachr: Wärst Du doch eben mit mir gewesen, die Begeisterung
372 3099 2799 3331 überall, Bruder! xxx das Treiben in den Strassen.
140 3263 3251 3483 Eschenbacher: Ja ich kenn auch welche, die aus lauter Begeisterung
384 3439 3107 3611 ihre Arbeit stehn und liegen lassen und überhaupt nur mehr
384 3567 1117 3731 spazieren gehn.
140 3711 3063 3932 Frau Klaehr: Jetzt bin ich grad am Wirtshaus zur Tabakspfeife
380 3900 3059 4124 vorüber gekommen, da sitzen viele an den offenen Fenstern
360 4028 1393 4200 bei Bier und Wein....
116 4196 2178 4340 Eschenbacher: Das glaub ich Dir aufs Wort.
108 4356 3275 4528 Frau Klaehr: Hör mich doch weiter. Und einer fing eben an, ein Lied
328 4512 3215 4712 zu singen. Das schöne von Collin. Weisst du, das sie neulich
324 4608 3215 4857 im Nationaltheater gesungen haben. "Habsburgs Thron wird dau-
344 4764 3279 5049 ernd stehn Oest'rreich wird nicht untergehn, 1 und da sind ein
92 4905 468 5169 Anner
1958 5001 3343 5277 F. Tr. Klachr. Ja, des née es
1437 5037 1670 5265 12
