3787 5544
733 682 1237 864 geschwind.
733 799 2950 1074 (Etzelt und Eschenbacher durch die Türe rechts als
430 969 3372 1206 Berger: Also grüss Sie Gott, Frau Klachr. Ich muss heim zu mein
702 1167 3481 1392 Frau. Ja, jetzt kommt eine schlimme Zeit. Ham Sie eine Ahnung
690 1268 3392 1512 was die Franzosen für einen Appetit haben? Grüss Gott, Meda
702 1426 3376 1682 dus... Beinah hätt ich vergessen, ich soll Sie grüssen vom
702 1597 1039 1787 Anneri.
399 1713 3237 2066 Medardus (der während des Vorhergehenden teilnahmslos dagesta
678 1903 1578 2085 Danke, Herr Berger.
380 2043 1008 2225 Berger (ab).
1613 2399 2682 2690 Medardus. Frau Klaehr.
2733 2531 3601 2779 ungekleidet hat
357 2605 3477 2954 Frau Klachr: Medardus, kom hinauf und sich, dass Du mit meinen
624 2756 2803 3016 zug fertig wirst, eh die Einquartierung da ist.
364 2876 1961 3117 Medardus: Ach Mutter, wär ich tot!
368 3066 2523 3326 Frau Klahhr: Medardus, Du bist mein Einziger.
353 3241 3213 3500 Medardus: Ich verdien es ja nicht, Dein Sohn zu sein. So viel
624 3372 2768 3624 Schmach ist auf mir, ich sehne mich zu sterben.
326 3516 3221 3756 Frau Klachr (ernst): Ich weiss nicht, was Du getan, nicht was
612 3729 3334 3927 Dir geschehn Du lebst ja in Geheimnissen seit Agathans Tod.
601 3849 3376 4055 Aber mir ist, als liesse sich in diesen Zeiten auch das Leben
601 4016 3287 4244 teuer verkaufen - wenn wirklich nichts andres Obrig bleibt,
647 4136 2624 4380 re der xxx mehr zu bezeichen u. auf¬
1143 4372 1907 4609 Kollmarsch
310 4450 593 4698 Major
802 4570 1488 4748 bly und / Oherst
1539 4582 1733 4714 Derw.
2089 4570 2837 4791 bei der Ladentürz
566 4690 2240 4865 geleitet von einem Magistratsbeamten.
709 4900 903 5136 (1
1008 4869 1279 5113 unkel
