3640 5480
133 610 3113 896 gutnant: Ihr Hein hilft uns nichts. Da muss eben weiter gesucht
325 853 692 1009 werden.
1040 900 1420 1040 bayrisine
821 935 2585 1212 (Ein Unteroffizier tritt rechts ein.)
98 1177 3152 1428 Interoffizier: Herr Leutnant, ich melde gehorsamst, die gesuchten
325 1357 2042 1533 Lankarten sind zur Stelle geschafft.
98 1490 3195 1721 Leutnant: Ah. (Blick auf Etzelt) Ich wusste es ja. (Es hätte einen
329 1670 3149 1870 bessern/Eindruck gemacht... Nun, Sie wellten es nicht anders.
348 1830 2366 2006 (Zum Unteroffizier) Wo sind die Karten....
90 1952 3199 2190 Interoffizier: Sie liegen auf dem Tisch im Geschäft unten, es sind
329 2120 1068 2335 zwei Exemplare.
102 2163 3246 2499 Leutnant: Sie waren im Magazin? - Ach nein, - Sie kommen ja aus dem
215 2460 2081 2621 andern Haus, das uns angegeben wurde.
102 2527 1838 2800 Interoffizier: Janohl, Herr Leutnant.
110 2718 2296 2910 eutnant: Also dort, - hätt' ich nicht gedacht.
982 2843 1521 2949 befanden nicht
90 2914 3235 3098 Interoffizier: Sie wären nicht im Hause selbst, Herr Leutnant, son-
317 3051 3188 3188 dern sie fanden sieh versteckt in einem ausgetrockneten Brun-
313 3223 3266 3352 nen, im Hof des Hauses; und es waren Steine darauf geschichtet.
317 3352 3102 3524 Drei Gesellen hab ich verhaften lassen, der Herr des Hauses
325 3512 1291 3673 selbst ist flüchtig.
90 3661 1611 3872 schenbacher: Das ist ein Irrtum.
78 4048 3164 4240 frau Klaehr (kommt rasch von rechts): Was geht hier vor, was ist
301 4209 1021 4357 hier geschehn?
86 4302 2707 4537 tzelt (tritt rasch zu ihr und sagt ihr ein paar Worte).
86 4502 3215 4670 schenbacher: Der Herr des Hauses ist nicht flüchtig; er steht hie:
301 4611 817 4815 vor Ihnen,
82 4740 2491 5030 eutnant: Sie sind der Sattlermeister Eschenbacher?
1475 4979 1760 5268 204 -
