3864 5384
1597 375 1942 606 hat
810 662 3459 920 schlimmer geendet. Als Du heute früh mit einmal verschwunden.
818 783 3418 1109 warst.. ich war auf Aergeres gefasst. - Und beinah hätt ich
802 969 1446 1170 Dirs gegönnt.
511 1124 3316 1374 Medardus: O, Du darfst zufrieden sein, Etzelt. Eter sollt es
787 1272 3425 1552 freundschaftlicher Schadenfreude nicht genug sein, dass Ein
935 1389 1298 1491 daraient
1559 1419 1787 1525 gung
780 1412 3308 1658 damit grosstet, er wollte den Helden in spielen, oder den
852 1590 3547 1813 Schurken — was manchmal nicht xiel andres bedeutet, und of nun
2176 1734 2385 1817 with
761 1699 3531 1968 er endlich auf die Szene xxx augenrollend und mit donnern-
761 1855 3501 2139 den Worten geladen bis zu den Lippen - und muss plötzlich me
2392 2040 2687 2165 gine
757 2021 2691 2256 ken, dass er in ein fertiges Stück gératen
2672 2048 3441 2275 darin das
757 2188 3342 2373 Schicksal ihm vorbehielt, den Hanswurst zu agieren.
466 2343 3388 2574 Etzelt: Also...ausgelacht...! Dauer die Höllische Lustigkeit...
731 2513 3437 2706 Hättest Du Dich so geschwind in Deine Rolle gefunden? Das m
742 2650 3157 2907 che einen Andern glauben xxx Vergleich stimmt
689 2774 1321 2941 etwas nient.
450 2896 2362 3104 Medardus: Maist Du alles Wissen, Etzert?
439 3092 3395 3342 Itzelt: In Deinem Auge glänst es verräterisch. Ich wollte, Deines
696 3221 3338 3486 Prinzessin ginge mit ihrem Herrn Gemahl bald auf Reisen.
696 3354 2911 3664 Auch Hanswürste nahmen schon ein trauriges Ende.
961 3728 2695 4012 Frau Klaehr (die Wendeltreppe herab).
409 3933 1877 4145 Medardus: Guten Abend, Mutter.
397 4129 3441 4387 Frau Klachr: Guten Abend. Xom herauf, Medardus. Ich hab Dein bür-
681 4288 1991 4497 gerlich Gewand hergerichtet.
356 4428 1287 4637 Medardus: Vie? -
1276 4440 2252 4663 u aus die lieber
401 4591 1442 4796 Frau Klaehr: Oder M###
1911 4572 3293 4833 durch einige Monate in Unifor
1310 4720 1787 4811 schauptag
1018 4720 1253 4962 und wäre
1639 4731 3058 4966 Kriegsgefangener in den Strassen
