4376 5512
1093 575 3916 840 mit ihm im Laden unten, er wollte bald zusperren und herauf-
1093 766 1461 948 kommen.
745 853 4074 1105 (Eschenbacher! Ihr müsstet wohl kaum aufschliessen jeden Morgen. Ich
1093 1085 3892 1341 denke, den Leuten steht jetzt nicht der Sinn darnach Bücher
1093 1230 1598 1445 zu kaufen.
795 1333 3999 1569 Frau Klaehr: Du irrst, Bruder. Französische Sprachlehren, Landkar-
1093 1540 3842 1702 ten, Geschichtsbücher, darnach ist viel Nachfrage. Und der
1081 1714 3407 1867 Etzelt führt das Geschäft so tüchtig und so brav.
791 1880 3838 2107 Eschenbacher: Ich denke mir manchmal er sei etwas zu tiefsinnig
1097 1987 3908 2248 und zu philosophisch angelegt für einen Handelsmann und wärz
1093 2132 2376 2343 auch für einen mit Büchern.
791 2302 3842 2521 Medardus: Du solltest Dich nicht lustig machen, Oheim, ich kenne
1076 2434 3912 2645 jemanden, der Riemen schneidet und Sattelzeug verfertigt und
1081 2596 3945 2770 dabei Kriegsmärsche spielt auf dem Spinett. Und ich bin recht
1068 2749 3863 2919 froh, dass der Karl hier bleibt bei Euch, auf den könnt Ihr
1072 2910 2542 3113 Euch verlassen in jedem Fall.
766 3006 4016 3271 Eschenbauer: Und dass er in iemanden hier im Hause verschossen ist,
1072 3246 3970 3411 ist auch so übel nicht. Es ist immer ganz gut, wenn die natür-
1064 3391 3925 3560 liche Verlasslichkeit eines Menschen durch besondere Umstände
1043 3515 2869 3743 von Sympathie ihre Kräftigung findet.)
1130 3635 1383 3743 don
770 3672 1896 3875 Medardus: Es wird spät.
774 3767 3867 4012 Eschenbacher: Marschiert denn Euer Bataillon schon heute Abend ab
762 4008 3896 4186 Medardus: Nein, aber es sind ein paar, die sich nicht wollen schla¬
1035 4157 3788 4393 fen legen, da der Befehl lautet morgen früh um drei an der
1039 4281 2385 4492 Nussdorferbrücke anzutreten.
741 4422 3039 4604 Eschenbacher: Klug scheint mir das eben nicht.
766 4641 3722 4831 Medardus: Nun, morgen kommen wir wohl noch nicht vor den Feind.
749 4711 3304 4931 Eschenbacher: Morgen nicht, aber früher als Ihr denkt.
2174 4997 2438 5237 - 19 -
