3857 6058
205 898 636 1125 auch gelassen xxxn xxx
148 973 2943 1310 Klaehr: Ich habe die Gäste kommen gesehn und wieder fortfal¬
193 1246 2943 1458 Und dann ist es wieder still geworden im Schloss. ganz stad.
148 1409 3026 1602 nur die Wache im Hof ist auf- und abgegangen - hat sich kei-
242 1598 2814 1738 um mich gekümmert - und ich hab mich auf eine Bank gese¬
98 1708 2113 1890 selt: Warum sind Sie nicht heimgekommen? /
76 1829 2617 2057 zu Klaehr: Hätt ich zu Haus Ruh gehabt?
121 2004 2969 2250 — Auf ein Wunder, gewartet. Dass der Kaiser sich beim Fenster
254 2136 3026 2386 blicken lasst und ich zu ihm hinaufrufen kann, oder dass er
258 2280 3000 2534 herunterkommt - und mich fragt - was ich will xxx. Wie lang wir
254 2451 3041 2644 die Nacht, wie lang!.Aber endlich haben die Vögel im Pank
273 2606 3197 2814 singen angefangen, im Hof ists lebendig worden. Officiere sind
254 2803 3185 2962 die Treppen hinaufgegangen, noch im Morgengraum und andre sind
273 2932 3060 3132 in den Hof hereingeritten - und andre heraus. - Endlich ist
265 3072 3075 3299 es ganz licht geworden, und ich hab noch immer gewartet. Bis
258 3216 3094 3431 mir plötzlich eingefallen ist, dass, xxx ja xxx der Tag sch
1663 3348 2606 3450 an dem sich alles
265 3416 2935 3579 angefangen hat, der neue Tag. Und während ich destehe um
258 3568 3007 3727 warte, kann alles entschieden sein und ich sehe meinen Bruder
273 3689 3079 3871 vielleicht nicht einmal mehr. Und da bin ich halt wieder zu-
254 3841 3091 4000 rück. Aber was jetzt? Was jetzte - Ich möcht so gern zu ihm.
265 3977 2977 4170 ich möcht ihm sagen, dass ein Gesuch beim Kaiser liegt...
98 4121 3144 4344 ordus: Es ist ales vergeblich, Mutter,.. Man lässt niemanden zu
511 4291 1723 4503 Ich habe auch versucht -
401 4439 2769 4643 Ihr: Ja, sie können ihn doch nicht verurteilen ohne
606 4590 2382 4776 men? Das können sie doch nicht, das wäre
