3779 5448
1016 597 3299 866 Von der Türe stehen bleibend): Hier bin ich. Was ist
2516 783 2802 887 worvel
2823 792 3436 1016 Chinter dem
647 817 2707 1011 Ihre Absicht, Prinzessin? Steckt der Herr Vier
738 924 1016 1020 Orches
651 962 3366 1136 Tanster oder denken sie mich morgen früh von ihren Dienern und
651 1098 3424 1297 bringen und in Park begraben zu lassen. All das kann ohne die
642 1248 2964 1500 geringste Gefahr geschehn. Hier ist Ihr Brief. (Nr.
626 1405 887 1592 hin.
406 1484 2126 1699 Helene: Medardus - ich liebe Dich!
406 1670 3304 1927 Medardus: Oder ist eine mildere Abrechnung vorgesehn' Sind Guch
630 1857 3279 2060 fenster in der Decke und ist das Gesinde bestellt, um sein
634 1969 1675 2193 Spass an mir zu haben?
406 2072 2122 2325 Helene: Medardus, ich liebe Dich...
406 2259 3386 2429 Medardus: Ich bin auf alles gefasst. Und es gibt nichts, das ich
651 2421 3279 2628 einem Narren wie ich es bin, nicht selber vergönnen würde.
390 2553 3503 2810 Helene: Glaubtest Du die Tollheiten alle, so wärst Du nicht da. Ich
1583 2690 1849 2785 uned
630 2732 3590 2918 liebe Dich, Medardus. Du bist gekommen. Ich hab es gewusst. Vie
634 2856 3076 3088 werden wir glücklich sein!...
3138 2848 3726 3084 Du und is
1103 2984 1339 3080 m
394 2989 3726 3250 Medardus: Das werden wir nicht... Wir haben zu viel zu vergessen!.. xxx
319 3146 3428 3424 Kein Glück für uns, Helene...Rausch... Traum... Tod... doch kein
622 3324 1065 3519 Glück...
390 3469 3316 3697 Helene: Die Stunde ist unser, Medardus! - Ich vergesse was war
605 3635 3440 3847 und was sein wird! Du und ich - und diese Stunde -. Ich weiss
622 3743 2719 3987 nichts andres... Ich liebe Dich, Medardus! - -
1426 4605 2135 4904 (Vorhang
