3683 5640
1037 713 2127 993 Zweite Szene
989 1041 2379 1354 Schlosshof von Schönbrunn.
152 1298 3296 1570 In Hintergrund die Preut des Schlosses, Länge des ersten Stockwerkes
148 1542 3156 1710 läuft die Terasse zu der vom Hof aus jederseits eine Freitreppe hi
164 1694 3256 1922 führt. Das Ton des Schlosses ist offen und durch den Torgang ist
140 1882 3316 2059 der Blick in den Park frei In der Mitte der Terasse eine geschlosse-
1202 1978 1642 2087 sans c'est
148 1970 3132 2199 ne Türe, an der zwei Gardisten Wache halten. Auch der Aufgang ist
665 2131 1029 2207 aussi
164 2167 3352 2391 von zwei Fardisten bewacht, die müssige und nicht immer ernst gemeinte
128 2331 3336 2531 Mühe aufwenden, das drängende Publikum von den Treppen zurückzuhalten.
152 2471 3240 2635 Da Hofe einige Gardisten in zwangloser Haltung; manche gelegentlich
156 2635 3336 2820 im Gespräch mit dem Publikum. Sehr viele Leute im Hof, Männer, Frauen,
144 2795 3232 2964 Kinder; in beinahe ununterbrochener Bewegung. Da und dort Gruppen
152 2932 3116 3104 in lebhafter Unterhaltung. Grüsse, Begegnungen. Auch französische
152 3084 3280 3276 Offiziere und Soldaten anderer Truppengattungen bewegen sich im Hofe.
128 3244 3188 3408 Sowohl rechts wie links ist es einigen Leuten aus dem Publikum gelug
128 3392 3252 3637 gen ein paar Stufen der Treppe hinaufzugehen. Sie werden eben wieder
132 3564 861 3773 zurückgewiesen.
24 3685 3248 4025 Erster Gardist (rechts unten, zu einem jungen Mädchen, das ein paar
429 3977 3132 4129 Stufen hinaufgegangen ist, sehr höflich): Es ist nicht er-
433 4077 2507 4277 laubt auf der Treppe zu stehen, Mademoiselle.
40 4181 3132 4462 Junges Mädchen: Aber bitt schön, da genier ich ja keinen. (Sie
441 4373 3116 4638 bleibt stehn. Der Gardist galant, unterhält sich mit ihr.)
68 4530 3016 4754 Zweiter Gardist (links zu zwei jungen Burschen, die eben daran
409 4706 3236 4990 die Treppe zu betreten): Herunter. sofort die Treppe räument
396 4906 1238 5106 Strenger Befehl.
