3800 5384
712 520 1960 778 d.hr: Medardus, medardus...
747 661 3328 931 Es ist nichts, Mutter. Du siehst doch, dass es so gut
567 892 1330 1111 wie nichts ist.
297 954 3387 1212 Frau Klaehr: In mein Zimmer. Auf mein Bett sollst Du Dich legen.
286 1123 3356 1404 Medardus: Varum denn? Hier steht das Hofa, auf dem ich sonst zu
2206 1275 2593 1373 migen
587 1334 3493 1529 schlafen pflege, das wird wohl ausreichen. Dies ist mein Arzt,
579 1471 2437 1760 Mutter. (Er wird aufs Sepha gebettet.)
622 1647 1205 1862 Medaatusl..
301 1651 575 1854 Anna:
622 1697 3497 1987 Nun möchte ich aber sehr um Ruhe gebeten habem! ja, man könn-
309 1830 575 2018 Arat:
606 1901 3387 2132 te sagen, Ruhe ist das einzige, was unser junger Freund für
595 2093 2179 2296 den Augenblick dringend benötigt.
297 2218 3450 2437 Medardus: Hört Ihr, meine Lieben? Seit bedankt für Eure Teilnahme
610 2405 3352 2609 und entfernt Euch gefälligst. Der Laden war lang genug ge-
618 2558 1361 2754 sperrt, Etzelt.
317 2667 3188 2898 Etsalt (zu Freu Klaehr): Ich komme sehr bald wieder. (ab)
321 2871 3301 3098 Eschenbacher: Und wir wollen uns ins Nebenzimmer zurückziehen,
606 3055 990 3227 Annerl.
814 3102 2898 3411 (Anna und Eschenbacher in das Zimmer links.)
982 3477 2441 3794 Frau Klaehr. Medardus. Arzt.
329 3700 1862 4005 Frau Klaehr: Wo ist die Wunde?
325 3939 3016 4173 Medardus (liegt mit geschlossenen Augen auf dem Sophia).
344 4025 3368 4287 Arzt (hat den Puls des Modardus gefühlt und kommt mit Frau Klaer)
614 4232 3352 4455 nach vorn): Nah am Herzen. Schauderhaft nah. Ja, das ist
634 4338 3285 4568 wahr. So nahe, dass eine etwas grössere Nähe, nicht mehr
598 4533 3493 4729 Mähe, sondern das Herz selber, somit den Tod bedeutet hätte.
630 4674 3485 4948 Und in Augenblick da er hinsank, da vermuteten wir alle der-
