3819 5496
524 567 2864 918 dies...Medardus. dies kann nicht. Dein Ende sein.
277 785 3392 1145 Medardus: Doch, Mutter.. Es war wohl schon bestimmt... am Tage...da
524 961 1758 1180 wir Agathe begruben.... -
274 1098 3400 1379 Der Kerkermeister: Verzeihung, dass ich wieder störe. Sie erhalten
1919 1297 2470 1379 de l'arrestat
512 1301 3337 1563 vornehmen Besuch... Der Adjutant des Kaiserl.kapoleon...Herr
512 1426 1497 1641 General Rapp... (ab)
262 1579 2126 1813 Medardus:..Vas hat das zu bedeuten...
246 1770 2360 1958 Etselt: Sollt er selbst Dich verhören....?
242 1903 3384 2133 Medardus: Ich glaub –.es ist Zeit zum Abschiednehmen... Wer weiss,
492 2067 2931 2317 ob wir uns wiedersehen dürfen.... Mutter...Etselt!...
481 2266 2868 2516 (Der Kerkermeister öffnet. General Rapp tritt ein.)
223 2403 2493 2649 Medardus (tritt ihm entgegen): Herr General...
223 2591 3286 2880 Rapp: Dies ist Ihre Mutter? und das Ihr Freund?..Sie mögen beide
445 2743 3146 2985 bleiben. Was ich Ihnen zu sagen habe, ist kein Geheimnis,
430 2915 3314 3122 Medardus Klaehr! Oh, erschrecken sie nicht, Frau Klachr, ich
442 3067 3357 3317 bringe keine schlimme Botschaft. Medardus Klaehr, ich habe dem
422 3224 2856 3411 Befehl Sie vor Seine Majestät den Kaiser zu führen.
191 3337 1880 3548 Medardus: Vor den Kaiser...mich...
184 3489 2841 3728 Rapp: Er will Sie sprechen und zwar sofort..Kommen Sie.
191 3673 2966 3865 Medardus: Der Kaiser will mich sprechen... Ich muss zu ihm?
176 3845 3294 4068 Rapp: Ob Sie müssen? Die Frage macht mich lächeln. Sie haben dem
1090 3962 1465 4060 Franzosen
410 3958 3364 4197 Kaiser von Frankreich das Leben gerettet Sie haben ein Frauen-
375 4146 3310 4392 zimmer unschädlich gemacht, das, wie erwiesen ist, mit der Ab-
406 4302 3239 4525 sicht ins Schloss kam, Seine Majestät zu töten. x Der Kaiser
344 4482 3274 4732 hat eine begreifliche Neugierde /seinen Retter von Angesicht xxx
391 4583 1282 4806 Angesicht zu sehn.
1352 4607 2419 4845 p. h. sein Retter?
145 4783 3282 5017 Medardus: Seinen Rettern. Es war nicht meine Absicht das zu sein.
1594 5037 1930 5295 - 269 -
