3544 5471
209 463 3170 795 um dergleichen rückspaden sonderlich kümmern könnte. Nur Deine
190 743 3129 937 Verwundung gab mir einigen Grund besorgt zu sein (Dies war der
202 851 3009 1075 Anlass. Nun verzeih mir oder verzein mit nicht.. komm nur nach
190 1034 2315 1221 Haus, Medardus, Deine Mutter ist voll Sorge.
116 1150 3065 1411 ordus: Es ist gerade der Mühe wert Sorge zu haben, um einen wie
220 1307 3181 1546 ich es bin. Meinst Du, ich klettere über Mauern für die Brst
231 1449 3170 1650 beste, Etzelt? Oder denkst Du, mir stünde der Sinn nach särtli-
231 1673 1146 1837 chen Abenteuern
101 1751 3058 2012 alt: Wäre ich so hübsch gewachsen wie Du, Medardus, ich liesse
220 1927 3162 2143 mir dergleichen wohl auch nicht entgehn - und hielte nicht Trau
220 2106 3185 2274 er um Entschwundene, die ja doch nicht wiederkommen. Ich frage
220 2248 1299 2464 nicht; komm, Medardus.
97 2311 2953 2651 ordus: Es werden manche nicht fragen und werde doch wissen,
209 2573 717 2767 Etzelt....
1012 2587 1467 2800 shinten
243 2640 3196 2909 (Man sieht Leutefüber den Platz zum Zeughaus laufen, zuerst me-
217 2864 3200 3062 nige, dann immer mehr, einige kommen auch durch die kleine Gas-
217 3050 3047 3215 se, in der Etzelt und Medardus stehn. Jetzt kommt Vaohshuber
231 3189 2965 3375 eben an beiden vorbei, einen Morgenstern in der xxx Hand.)
82 3375 3088 3622 ehehuber: O Herr Etzelt, guten Morgen. Der Herr Klaehr ist auch
239 3558 3024 3767 schon so früh auf? Na ja, freilich, wahrscheinlich schon im
217 3730 3166 3902 Dienst. Da schauns her, wissen Sie, was das ist, meine Herren?
250 3849 3106 4070 . Das ist ein sogenannter Morgenstern. Ueber hundert Jahr hat
231 3991 3054 4204 er Ferien gehabt. Jetzt ists Zeit, dass das Dingerl wieder
202 4182 3036 4376 Arbeit kriegt. Hal jetzt sollens nur kommen, die Franzosen.
258 4335 2326 4540 (Ein Ändrer, ziemlich verdächtig aussehend,
556 4473 2233 4675 m. Wachshuber vorüber, stösst ihn an.
340 4645 1706 4869 er: Oha, möcht schön bitten.
