3715 5528
299 556 1419 832 Herzogin: Wird kommen?
464 767 683 840 a V.V.S
315 717 3230 994 Assalagny: Wie manche andre kam im Laufe dieser letzten Wochen,
311 925 583 1047 G.C.F.S
598 940 3107 1136 die den Herrn Herzog diese neueste... vorhersehn lässt.
445 1028 790 1193 kommen,
618 1074 3399 1293 Nur, Frau Herzogin.. wird sie eben, gerade so wie jene anderem
433 1178 802 1343 wartets
621 1262 1385 1442 erfunden sein...
460 1316 921 1454 ebenso alt
330 1381 2098 1577 Herzogin: - Erfunden -?...Assalagny!
338 1515 3422 1738 Assalagny: (bestimmter): Frau Herzogin, es ist an der Zeit Ihnen
671 1657 832 1745 G.C.H.
629 1684 3261 1891 zu gröffnen, dass die Tage des Herzogs von Valois gezänkt
472 1788 790 1953 auf die
621 1864 3268 2056 sind) Es war ärztlicher Kunst versagt, dem wahnbefangenen
1089 1968 1320 2064 ensht
618 2029 3268 2214 Geist Erleichterung, dem gebrechlichen Körper neue Lebens-
2494 2110 2866 2210 Ausflüche
1914 2137 2087 2233 enne
629 2164 3407 2359 kraft zu bringen. - So blieb einzige Möglichkeit und damit
618 2309 3292 2509 auen einzige Pflicht, die letzten Tage des Herzogs zu ver-
276 2367 564 2601 ssale
641 2494 3276 2682 schönen. — Dies hab ich in meiner Art versucht, und wie
648 2655 3418 2839 ich sagen darf, mit gutem Gelingen. Nichts andres tat ich als
660 2762 3349 2996 in früheren Zeiten am Leidenslager manches Verlassenen, dem
671 2912 832 3000 nus
652 2896 3265 3146 ich beglückenden Trank des Vergessens und der Träume über
660 3065 832 3150 dans la
652 3065 2321 3315 die durstigen Lippen rinnen liess...
299 3161 702 3326 Herzogin
357 3215 3196 3468 Herzogin: Assalagny! - Ein so frevelhaft verwegenes Spiel er-
652 3349 3368 3618 lauben Sie sich mit des Herzog von Valois erlauchtem Haupt?
656 3526 1147 3644 xxx plötzlicht
368 3552 3196 3729 Assalagny: Was sich der Himmel gegen dies erlauchte Haupt er-
568 3721 729 3806 G.H.F.P
660 3725 3222 3936 laubt, ist an Ende auch nichts andres; nur treibt er das
104 3821 925 4066 Grausam and
671 3875 3395 4101 selne ohne Zweck und Liebe. So muss er's sich schon gefallen
564 3994 905 4147 weit? D
660 4036 3215 4247 lassen, dass es ihm von irdischen Händen entwunden wird.
552 4135 871 4262 werden
380 4128 3318 4358 Herzogin: Und sie merken xxx nicht,, Assalagny, dass der Himmel,
652 4339 3111 4573 mächtiger als Sie, eben daran ist, es Ihnen wieder zu
660 4446 3433 4638 reissen -? Der Herzog glaubt seine Abreise stehe nah bevort.
556 4592 3000 4719 Es mir sich nicht durch Worte hinhalten lassen —
664 4642 2919 4895 Und er erlebtl...Was wollen Sie tun, Assalagny -!
368 4761 3284 5095 Assalagny: Es ist Vorsorge getroffen, Frau Herzogin. Der Reise
403 4956 1162 5164 Amt Lehen
