3731 5592
241 769 3373 959 Frau Klaehr: Haben Sie daran gezweifelt, Etzelt? (Zu Eschenbacher
529 903 2947 1120 gewendet) Leb wohl, Jakob. (Zu den Andern) kommt.
245 1093 3168 1251 Eschenbacher: Na, Ihr bringt den Leuten eben wieder was Gutes
548 1251 3420 1448 zu essen und zu trinken. Herr Etzelt als Kellnerjunge! Was sich
529 1345 2521 1594 das Leben nicht für Spässe mit uns erlaubt.
272 1539 2426 1724 Etzelt: Man macht sich nützlich, wie man kann.
241 1677 3247 1894 Anna: Darf ich Ihnen nicht auch was anbieten, Herr Eschenbacher?
1566 1795 1736 1898 hier
256 1838 3294 2008 Eschenbacher: Wir sind zwar leidlich versorgt, aber ein Glas Bier
540 1984 1428 2178 kann nicht schaden.
264 2142 2008 2292 Anna (schenkt ihm ein): Wohl bekomms.
256 2264 3373 2493 Eschenbacher: Schönen Dank, Annerl. (Bemerkt die rot-weisse Binde
540 2434 2099 2588 auf ihrem Arm.) Was ist denn das?
568 2572 2422 2793 Ich hab mich zum Spitalsdienst gemeldet.
256 2545 537 2765 Anna:
245 2773 2193 2911 Eschenbacher: Wo sind Sie denn zugeteilt?
256 2927 517 3073 Anna:
576 2896 3345 3049 Ich soll heut Abend in der kaiserlichen Winterreitschule sein.
580 3014 2055 3113 Greuartier (auf der Halfrücke
276 3061 3263 3239 Der Gardist (unten an den Trappé zu Frau Klaehr): Bedaure sehr,
544 3239 3424 3452 herunter darf jeder, hinauf darf niemand mehr...besonders keine
544 3369 1057 3554 Frauen...
268 3511 3330 3669 Frau Klaehr: Uns wirds wohl erlaubt sein. Wir bringen Ihren Kamera-
556 3653 3282 3803 den was zu essen und zu trinken. Bitte, nehmen Sie auch was.
335 3696 801 3898 Grenade
276 3838 3330 4004 Gärdist (sich eine Wurst nehmend): Das ist wohl nicht gegen meine
544 3953 3069 4150 Instruktion, aber der Aufgang ist strengstens verboten.
264 4138 3436 4312 Eschenbacher (tritt dazu): Es ist meine Schwester, die Frau Klaehr,
540 4268 3341 4442 die auch schon gestern oben war und heute morgens zu gleichem
533 4407 3195 4588 Zweck. Lassen Sie sie nur hinauf, auf meine Verantwortung.
272 4517 750 4667 Greuart
276 4631 2331 4821 Gardist: Wenn der Herr Hauptmann befehlen...
552 4770 2300 4912 (Etzelt, Frau Klaehr und Anna hinauf.)
533 4852 3120 5093 (Indes hat die Bewegung auf der Bastei fortgedauert.
1590 5192 1870 5349 132 -
