3736 5304
210 553 3280 751 Herzogin: Was ist geschehn, Doktor Assalagny? Sollen die Valois
545 665 3059 841 wieder einmal davongejagt werden -? - und ste ist sch
813 770 2895 1020 - Frau Herzogin - 7, die Kreignisse in the
268 817 720 1055 Assalagny
272 1023 3288 1179 Herzogin: Eben stand der Herzog in meinem Zimmer. Eine Nachricht
374 1117 3327 1304 von grösster Wichtigkeit sei zu erwarten. Ich solle mich nur
553 1292 2358 1475 Reise bereit halten. Was ich geschehen?
284 1405 3378 1630 Assalagny: Das also iets.. Frau Herzogin.... Nun.. so sehen Sie hier
1265 1568 1518 1665 Diner
576 1588 3381 1759 einen getreuen Freund vor sich, der zugleich Ihrer Verzeihung
580 1728 2662 1911 und Ihres Danks gewärtig sein darf. mochte
253 1844 3385 2152 Herzogin: Was hab ich zu verzeihen und zu danken? Welche Nachricht
1755 2020 2611 2241 te am Ende auch de
576 2031 1556 2226 erwartet den Herzog?
292 2210 3315 2413 Assalagny: Keineswegs die Verweisung aus österreichischen Landen,
1444 2323 1771 2467 schemen
595 2335 3210 2592 wie sie befürchten, Frau Herzogin...Eher vielleicht der
1568 2479 2654 2697 treut sich vorzüglichen
588 2498 1568 2681 Ruf.. in die Heimat.
856 2634 1518 2751 In die Heimat
307 2654 3121 2864 Herzogin: Sind Nachrichten vom Marquis hergefangt? gekomen
315 2794 3179 3055 Assalagny: Vom Herrn Marquis und seinen Freunden fehlt leider
1471 2961 1985 3125 besterreich,
591 2961 1160 3152 jede Kunde.
319 3109 1806 3331 Herzogin: Ist Napoléon tot? -?
2409 3214 2607 3378 Lan¬
315 3222 2101 3487 Assalagny: Er lebt, Frau Herzogin....
1957 3346 2630 3588 einen Freunden
327 3424 1588 3677 Herzogin: Ist er besiegt?
331 3525 3354 3798 Assalagny: Er ward es - ein einziges Mal. Wenige Wochen darauf war
611 3716 3354 3915 der Sieg wieder sein und er hat sich ihn nicht mehr entreis-
607 3876 3354 4133 sen lassen. Oesterreich ist geschlagen, Frau Herzogin. Seit
611 4016 3331 4218 geraumer Zeit schon ruhn die Waffen In den nächsten Tagen
595 4191 2782 4378 soll der Friede unterzeichnet werden. Oder En
346 4296 3280 4580 Herzogin: Und trotzalledem erwartet der Herzog eine Nachricht.
615 4510 2666 4701 die einem Ruf nach Frankreich gleichkäme?
1362 4642 1735 4767 am Grund
841 4634 2389 4950 Sie wird kommen, Frau Herzogin.
1681 4771 2584 4973 erwartet der Herzog
