4216 5432
949 584 2890 798 Prinzessin, sehen Sie die Unterschriften.
723 695 3827 949 Helene: Thibeaudeau, Pons de Verdun, Gregois. Der Oberst Mariotti,
961 913 3795 1135 das kann alles bedeutem und nichts. Es sind Grüsse und Namen
945 1052 1616 1266 nicht mehr.
734 1191 2092 1413 Renault: Aber welche Namen?
730 1350 1779 1552 Helene: Auch Foucher?
723 1513 1659 1691 Herzog; Foucher -?
719 1628 2712 1826 Assalagny: Foucher, der Polizeipräsident?
719 1814 3910 1977 Renault: Am Abend meiner Abreise war ich mit allen diesen zusammen.
723 1949 2545 2176 Herzog: Was sollte mein Sohn in Paris?
730 2104 2120 2303 Renault: Bereit sein, Herzog.
719 2243 1945 2438 Herzog: Sind wir so weit?
723 2402 2525 2577 Renault: Wir sind..nein, wir waren es.
707 2569 3787 2727 Helene: Bereit... ich verstehe Sie nicht, Herr Renault, es ist ein
933 2723 1775 2843 Wort... “bereit”...
1262 2755 3045 2886 Der rüx von Kalvis sollte bereit sein -
707 2866 3847 3029 Renault: Bereit.. für den Fall, dass dem General auf seinem Siegeszug
949 2989 2287 3184 etwas menschliches begegnete.
707 3148 1882 3315 Helene: Für den Fall!...
699 3299 3791 3482 Assalagny: Diese Einschränkung ist ein Strich durch das ganze.
707 3470 3208 3601 Desolteux: Es wäre eine traurige Bereitschaft gewesen.
699 3597 2473 3791 Assalagny: Und eine etwas langweilige.
699 3768 3712 4014 Renault: Man hält Bonaparte für unverwundbar, auch hier. wie es
929 3906 1314 4057 scheint.
679 4034 3756 4264 Desolteux: Er ist unverwundbar, wie alle Helden, die es vorziehn,
917 4216 2521 4407 nicht in der Schusslinie zu stehn.
2759 4303 3236 4427 scheint
671 4351 3748 4554 Helene: Das ist nicht wahr, Deselteux... Da glaub ich noch eher an
901 4498 3537 4641 das Märchen von der Unverwundbarkeit mit glaublicher
2318 4633 2715 4732 unserm
675 4641 3815 4915 Renault: Das Märchen ist zu Ende, Vor Landshut traf ihn ein Granst-
2168 4899 2426 5169 - 81 -
