4456 5496
1072 487 2140 749 Leute in Frankreich.
1088 737 3813 920 (Flüstern zwischen den Mädchen hinter Rabenau und Baumann.)
881 873 2351 1060 Marie: Ich habs ja gewusst...
885 975 3832 1228 Bemrburg: Wir wollen trinken auf das Wohl von Medardus schöner
1064 1146 3544 1322 Schwester, der Braut des Prinzen von Berry. Valois
881 1201 1793 1509 Medardus (zögert).
881 1482 3809 1669 Winter (hat sich erhoben und steht mit dem Glas da): Was ist
1072 1626 3310 1793 Dir zu schlecht, der Wein oder die Gesellschaft.
873 1782 3988 1969 Nedardus (sich ermannend): Ich war nicht gefasst hier so viel An-
1084 1860 4218 2117 teil zu finden, Verzeihung nochmals, ich danke herzlich. (Außlopen)
862 2023 3879 2289 Elisabeth: Auf Agathens Wohl. (Leise zu Medardus) Nicht jeder
1064 2226 3158 2398 gehts so gut aus. (Ticill mit ihn auslopen)
866 2324 3907 2600 Medardus (lässt das Glas fallen): Ein andres Glas, Herr Wirt...
1049 2515 2277 2675 das da hatte einen Sprung.
850 2647 3758 2893 Rabenau: Die Fenster auf! man erstickt ja schier in dem Raum.
1665 2823 3146 3022 (Die Fenster werden aufgemacht.)
854 2963 3162 3131 Schellbacher: Es ist eine rechte Frühlingsnacht.
850 3131 3907 3291 Baumann: Haft Du nicht ein Frühlingslied vorrätig, Schellbacher?
1185 3224 1517 3361 Lamem
1049 3287 4094 3454 (Kr. singt absichtlich falsch, vom Lachen der Andern unterbrochen):
1041 3435 3521 3649 O Lenzeshauch, o Rosenstrauch, o Liebesweh, ade, ad e.
1189 3579 3096 3751 (Gelächter, Anstossen, erhöhte Stimmung.)
838 3751 3801 3918 Leibolt: Mitternacht ist nah, Freunde, in drei Stunden geht es
1037 3895 1715 4059 auf die Reise.
823 3992 2172 4218 Bernburg: Ihr Glücklichen.
838 4191 3665 4406 Kribbling: Haft Du Dich noch nicht dreingefunden, Bernburg?
834 4343 3965 4507 Bernburg: Eine Hoffnung bleibt mir, dass ich doch bald dran muss-
1010 4487 3801 4643 so oder so... Es ist übel gegangen vor Ingolstadt - ist Euch
998 4636 1622 4834 das bekannt?
2238 4948 2515 5080 — 42 —
