4472 5528
1017 522 4024 740 sache zwischen zwei grossen Herren. Diesmal heisste Nation gegen
1017 645 3011 870 Nationale Die Deutschen gegen die Franzosen.
831 791 4012 977 Etzelt: Das hat keineswegs seine Richtigkeit. Es ist noch kein hal-
1017 981 3830 1143 bes Jahr her, erinnern Sie sich, meine Herren,- da haben vier
1009 1120 3917 1317 deutsche Könige und dreissig Fürsten Napoleon in Erfurt gehul-
1029 1266 3952 1488 digt. Und auf des Erzherzog Karl flammenden Ruf hat sich rings
1021 1397 3913 1602 in Deutschland von allen deutschen Völkern kaum eines erhoben.
827 1547 2809 1780 Kribbling: Tirol! Emp. Thol.
831 1733 3964 1899 Etzelt: Ja, das eine Tirol...... Wo blieben die andern, wo bleiben
1017 1863 1768 2069 sie noch heute?
815 1998 2999 2200 Baumann: O Schmach, Schmnach über Deutschland.
827 2168 3909 2326 Kribbling: Es wird sich ändern, Freunde, und wir werden das Unsre
993 2338 4016 2488 dazu getan haben. An Oesterreichs heiligem Willen wird sich man-
997 2481 3940 2655 cher andere entzünden. Denkt an des Erzherzog Karls Wort: Unsre
981 2623 2394 2817 Sache ist Deutschlands Sache.
795 2781 2117 2959 Baumann: Bravo, Kribbling.
2457 2777 4031 3003 Viele. Es lebe Cisherwe Kail.  Der
803 2943 2370 3125 Leibolt: Es lebe Erzherzog Karl
2568 2959 3584 3153 Sincrallmnus lite:-
1155 3038 1357 3149 Carke
815 3114 3905 3303 Schellberg (beginnt zu singen; die Andern stimmen allmählig ein):
1582 3240 3248 3458 Habsburgs Thron soll dauernd stehn,
1582 3387 3149 3592 Oesterreich soll nicht untergehn.
1602 3537 3007 3747 Auf, Ihr Völker, bildet Heere,
1590 3699 2991 3889 An die Grenze, fort zur Wehre,
1579 3830 2987 4024 Dass dem Kaiser in den Hallen,
1567 3980 2951 4190 Siegesjubel einst erschallen.
1792 4134 2777 4352 (Grosse Begeisterung)
771 4281 2132 4498 Alle: Es lebe unser Kaiser.
724 4395 3853 4660 Medardus: Und Tod dem, der schlimmer ist als Deutschlands Feind
2243 4609 3778 4835 dem Erniederer und Verächter der
2172 4775 2496 5096 - 44 -
