3747 5592
1276 675 2163 937 Medardus. Etzelt.
1962 844 2116 960 ne sais
359 914 2332 1110 Etzelt (Medardus gewahrend): Medardus!
351 1060 3408 1330 Medardus: Du, Etzelt -? Was machst Du hier auf der Bastei? Es
640 1237 2702 1419 wird kein guter Aufenthalt sein, heut Nacht.
347 1388 3427 1573 Etzelt: Wenn's eben darauf ankäme - so scheint's mir hier sicherer
625 1546 3454 1758 als irgendwo. Die Kugeln fliegen alle über die Bastei hinweg.
1584 1654 1766 1758 lecte
636 1646 2294 1843 Lass mich bei Dir sein, Medardus...
355 1820 1931 2001 Medardus: Wie Du willst, Etzelt!
362 1978 1835 2190 Etzelt (setzt sich neben ihn).
648 2147 3192 2344 (Sie schweigen beide eine kurze Weile, indess dauert die
640 2313 1388 2490 Kanonade fort.)
359 2444 3230 2641 Medardus: Man kann nicht wissen, wie die Nacht endet, Etzelt.
636 2629 3246 2814 Und da Du nun einmal da bist - so möcht ich Dir was zu be-
640 2745 2390 2976 stellen geben...wenn Du's annimast...
343 2895 1519 3092 Etzelt: Zu bestellen -?
362 3072 3200 3250 Medardus: An meine Mutter. Sie nahm eben von mir Abschied - in
636 3219 3204 3377 einer recht sonderbaren Weise - wie von einem Soldaten...
617 3338 3300 3601 Nun ja, das bin ich wohl.. aber.. wie von einer..Art Helden-
625 3512 1989 3724 sohn... wollt mir scheinen....
332 3631 3277 3870 Etzelt: Sie weiss.. wie ich, dass Du zu den Freiwilligen zählst,
625 3816 3146 4017 die für einen möglichen Ausfall sich gemeldet haben...
343 3986 3439 4179 Medardus: Darum also -? Und auch. Du..Etzelt! - Ich bin kein Held..
601 4156 3200 4306 Etzelt... kaum ein Soldat.. bestell es meiner Mutter. Ich
617 4240 3392 4476 will kein erlogenes Andenken hinterlassen... Wenn ich unter-
601 4449 3269 4672 gehn sollte, - fürs Vaterland würd es nicht gewesen sein...
567 4614 2498 4811 Sag's der Mutter...Es liegt mir daran...
324 4680 3354 4973 Etzelt: Wenn Du den Tod findest. so ist es eben doch. ein Sol-
