3755 5528
409 580 2921 880 Eschenbacher: Mein Lieber, ganz gefahrlos ist nun ein
699 793 2131 1034 auf der Welt zu solchen Zeiten.
395 936 783 1153 Ktzelt:
849 971 2942 1202 Beim Himmel, wenn es schlimm ausginge, - ich 1
681 1076 2012 1342 nicht allein in der Tinte...
395 1226 3204 1485 Eschenbacher: Waren späterl. Aber es wär ein-Unsdan. Sein 51. J.
671 1443 3371 1691 übrigens ohne Sorge, wir wollen diese Scheinteten gut begracht
360 1495 688 1736 Etzelt:
772 1579 3319 1869 Vollte Gott, dass es eine fröhliche Auferstehung werde.
367 1667 3137 1981 Eschenbacher: Und wenn nicht... Na, - ich mache kein Testamen
1785 1855 2327 1967 den Heer
2442 1883 2683 1974 at
2942 1901 3221 1998 de
657 1887 3267 2138 Etzelt. - Aber nehmen Sie nur als rechtsgültig, Etzert, in
643 1970 3256 2327 vermach Ihnen den Herrn Wachshuberge. Adler, ich hele meine
629 2163 1674 2407 Gesellen. (Er geht.)
