4472 5576
1022 547 3875 807 lein Anna, um einen Walzer bitten? Wir warten gerne so lange,
1038 799 3815 993 bis Medardus den verfluchten Napoléon aufs Haupt geschlagen
1030 940 3888 1196 hat und wieder bei uns weilt. Freilich darf es nicht zu lange
1046 1135 1399 1277 dauern.
1674 1180 1901 1326 sehr
746 1220 2505 1467 Medardus: Sie sind so lustig, Prinz.
758 1407 3896 1609 Franz: François, wenn ich bitten darf, oder noch lieber Franz. Ist
1034 1532 2051 1723 das zu viel verlangt?
746 1694 2688 1909 Frau Klaehr: Sie kommen allein, - Franz?
746 1828 3843 2023 François: Verzeihen Sie, Frau Klaehr. Wie hätt ich es bis morgen
1038 2015 3839 2185 aufschieben können, Ihnen die glückselige Nachricht zu über-
1046 2185 3940 2347 bringen. Mein Vater und meine Mutter werden morgen zur Mittags-
1034 2351 3908 2481 zeit ihre Aufwartung machen. Sie wären schon heute mit mir ge-
1022 2485 3948 2643 kommen, wenn nicht ein Vetter unseres Hauses zur grossen Ueber-
1022 2607 3989 2781 raschung erschienen wäre, geradenwegs aus Russland. Der Vicomte,
1038 2765 3758 2955 nein er hätte ja so wenig das Recht sich Vicomte zu nennen
1034 2931 3977 3085 als ich Prinz, unser Vetter Bertrand vonaiy. Und Nachrichten
1022 3109 3924 3259 die zugleich aus Paris und von dem bairischen Kriegsschauplatz
1030 3190 3823 3425 eintrafen, bestimmten meinen Vater eine Beratung abzuhalten,
1009 3381 3875 3547 mit unsern wenigen Freunden. Er hält ja solche Beratungen für
1030 3515 3158 3729 unerlässlich, mein armer, unglücklicher Vater.
730 3697 3365 3835 Eschenbacher: Setzt er nicht grosse Hoffnungen auf Sie?
730 3847 3875 4017 François: Ja, das tut fr. Und es ist nicht meine Sache ihn aus dem
1009 3985 3770 4183 beglückenden Wahr aufzustören, in dem er seine dunkeln Tage
896 4123 1520 4309 hinbringt.
673 4244 3928 4504 Frau Klaehr: Wir kennen diesen Traum. Und (trotzdem) hat Ihr Herr
997 4410 3867 4646 Vater eingewilligt, dass Sie die Bürgerstochter Agathe Klaehr
981 4605 1832 4775 zum Weibe nehmen?
705 4706 3624 4942 François: Er hat vielleicht eingesehn, dass es auch für seine
2185 5010 2453 5225 - 25 -
