3832 5384
710 541 3522 856 den. Sie werden nicht ungern hören, Herr Herzog, dass ihm die-
721 786 3434 969 se Unannehmlichkeit als Agent des Grafen von Provence wider-
721 918 3434 1101 fahren ist, und nicht als einem Freunde Ihres Hauses, der er
1481 1057 2052 1170 genesen wt
347 1013 724 1273 in Acket
713 1075 3306 1276 übrigens niemals war. Natürlich komme ich nicht, um Ihnen
710 1247 3273 1445 diese unbedeutende Neuigkeit mitzuteilen. Meine Aufträge
2480 1353 2710 1459 r
721 1361 3025 1628 anderer Art. Seine Majestät der Kaiser von Frauwe
2403 1522 3091 1712 der Franzosen
724 1551 1441 1723 mich sendet....
439 1646 3332 1887 Herzog: Herr General, für alle, die hier versammelt sind gibt xxx
1298 1810 1532 1913 all,
1723 1810 1964 1913 own
677 1825 3361 2052 keinen Kaiser von Frankreich, sondern nur einen General Bon
658 1997 2366 2173 parte wie es einen General Rapp gibt.
1196 2110 1836 2227 nul retourner
2074 2114 2352 2238 aln
428 2077 3372 2352 Rapp: Ich zweifle nicht, Herr von Raam, dass Sie und alle hier
673 2282 3467 2469 Versammelten sich geneigt finden werden, diese Auffassung eines
677 2443 3544 2637 sorgfältigen Prüfung zu unterziehen, sobald ich die Ehre gehabt
658 2600 3456 2798 haben werde, Sie mit dem vollen Inhalt meiner Sendung bekannt
3423 2622 3610 2794 men
691 2703 3577 2948 gemacht zu haben..... Seine Mäjestät, der Kaiser von Frankreich
691 2933 3401 3113 so gross als Feldherr wie als Kenner menschlicher Seelen...
936 3076 1993 3314 ertheilen und zweiten
439 3230 3178 3508 Medardus (der xxx Diener, die ihn zurückhalten wollen, zur
684 3416 2231 3632 stösst, stürzt von rechts herein).
450 3570 1463 3793 Medardus: Helene!...
446 3647 2264 3954 Herzog: Was ist das? Vas gibt es hier?
874 3829 3109 4096 (Die andern sind starr. Das Folgende sehr rasch.)
439 3972 2341 4257 Medardus (vor Helene hin): Helene!.....
457 4166 1865 4371 Sind sie von Sinnen?
439 4309 2597 4554 Assalagny: Entfernen sie sich auf der Stelle...
450 4448 1595 4685 Laffraye: Medardus Klahls
450 4597 2590 4810 Herzog: Was geschieht hier? Wer ist gekommen?
450 4762 2633 4978 Medardus: Ich bin Medardus Klachr! Diese hier kei-
