3608 5256
218 439 1496 784 Iene (ihm entgegen): Ich.
206 744 3313 942 ener: O, gnädigste Prinzessin... Ich hatte nämlich ein sonderbares
1473 851 2383 974 in der letzten Zeit so
321 859 3139 1093 Geräusch gehört, - es treibt sich das viel Landstreichervolk
321 1049 3207 1251 herum, in unserer Gegend - man kann nie wissen. Gestern wurde
325 1156 3167 1421 da draussen, ganz nah vom Zeughaus einer angefallen und ver-
317 1302 1215 1532 auperaubt
166 1516 3234 1742 elene: Ein Geräusch haben Sie gehört? Ich höre auch jetzt welche.
301 1655 3238 1892 Der Wind geht durch die Zweige, im Teich klingen die Vasser...
301 1742 3215 2059 was rauscht nicht alles in Frühlingsnächten. Oder es war mein
297 1924 736 2138 Kleid....
962 1960 1793 2165 gnadite Princesse
131 2098 3250 2324 diener: Das wäre möglich - aber ich will doch dort drüben noch nach-
289 2249 851 2454 sehen. (ab)
115 2304 1920 2601 Hedardus: Ich danke Ihnen, Prinzessin.
1180 2526 1536 2625 nayant
103 2565 3250 2775 kelene: Ich würde den Vicante rufen, Herr Medardus Klsehr, wenn ich
285 2724 3119 2937 annehmen dürfte, dass sein Degen am Abend sicherer träfe als
273 2846 728 3021 bei Tag.
83 2937 3222 3230 Hodardus: Sie wissen, warum ich gekommen bin, Prinzessin. Ich woll-
277 3131 2106 3361 te Ihnen meinen Dank zu Füssen legen...
75 3306 2177 3527 Helene: Nun ist es geschehen. Leben Sie wohl.
75 3432 2090 3674 Hedardus (erfasst ihre Hand und küsst sie):
55 3618 2359 3880 Helene: Oh, die hochmütig-mörderischen Finger...
55 3765 2043 3971 Hedardus: Ich will Sie wiedersehen, Helene.
44 3887 1932 4125 Helene: Was fällt Innen ein?..Gehn Sie!
32 4093 2122 4327 Medardus: Auf dem gleichen Weg, Prinzessin?
51 4200 1516 4414 erina: Das wäre zu gefährlich.
32 4374 2668 4576 Kulene: Still, man hört uns. Sie müssen sich verbergen.
20 4541 3203 4786 Merina: Vot.. Der Garten wird durchstreift... Hier kann Herr Medardus
194 4691 2735 4988 nicht bleiben. Dort geht wieder einer mit der Laterne.
123 4798 1971 5091 ne: So führ ihn in Dein Zimmer, Nerina.
