4344 5512
955 614 3763 820 geliebt als meinen Sohn. Und mein Sohn ist tot. Niemand wird
974 796 3791 978 versuchen Sie an einem Orte zurückzuhalten, der Ihnen nun gar
955 963 2187 1157 nichts mehr zu bieten hat.
737 1097 3842 1295 Caillard: Herr Herzog, ich empfange mit Ehrerbietung Ihren letzten
955 1260 1838 1458 Befehl. (Er geht)
737 1371 3688 1581 Herzog: Weiter Renault. Sprechen Sie von Frankreich.Von Paris.)
836 1561 3874 1755 Erzählen Sie uns von unsern Freunden, wenn es noch solche gibt.
737 1727 3914 1945 Renault: Ich darf wohl sagen, der Herzog von Berg hat mehr Freunde
967 1850 2202 2072 als der General Bonaparte.
741 2000 3850 2191 Desolteux: Der hatte niemals Freunde. Lakaien oder Verzückte waren
978 2119 3787 2393 um ihn. Lakaien erheben sich. Verzückte kommen wieder zu Ver-
974 2309 2365 2500 stand. Nur Freunde sind treu.
737 2436 2975 2662 Renault: Wenn sie nicht zufällig Verräter sind.
737 2595 3434 2789 Assalagny: Caillard ist nicht mehr zugegen, Herr Renault.
737 2749 2603 2951 Renault: Man wird ihn zu finden wissen.
737 2900 3783 3070 Herzog; Ich verbiete Ihnen, sich um ihn zu kümmern, Herr Renault.
788 3074 3141 3268 Sie haben wichtigeres zu tun. Weiter..weiter.
662 3217 3514 3379 Renault: Herr Herzog, wozu...? Der Prinz von Berry ist tot.
2805 3316 3110 3518 Valors
741 3359 2195 3569 Herzog: Sprechen Sie, Renault.
741 3502 3700 3688 Renault: Ich kann nicht. Was ich noch zu sagen hätte, das ginge
974 3664 2028 3850 an den Prinzen selbst.
725 3795 3573 4064 Herzog: Sprechen Sie als stünde der Prinz lebendig an meiner
963 3989 1276 4128 Seite.
729 4048 3668 4318 Renault: Es wird klingen wie ein Hohn.. Ich war ja hergesandt,
963 4250 3676 4417 um den Prinzen nach Paris zu rufen.  Herz. Renanlt!
725 4330 2468 4607 Helene: Er wäre Ihnen nicht gefolgt.
717 4567 3898 4785 Renault: Dem Rufe Frankreichs nicht gefolgt, Prinzessin? (Er zieht
951 4694 3890 4944 einen Brief aus der Brusttasche.) Werfen Sie einen Blick her,
2155 4991 2404 5217 80 -
