3699 5512
770 486 1539 721 gewahrt ihn
150 596 3403 831 Etzelt (zu Medardus, von dem sich Elisabet eben entfernt): Medardas.
891 806 1665 887 du Ministre de St Nach¬
122 806 587 1009 Elisabet:
612 835 3383 1045 Also grüss Dich Gott, Medardus.], du Kornst nicht? No,/
162 936 1616 1171 Medardus: Leb wohl. Elisabeth
162 1118 587 1317 Elisabet
656 1110 903 1313 (ab).
146 1248 1896 1507 Etzelt: Madandus, was machst Du da?
154 1438 3346 1685 Medardus (ruhig): Du siehst ja wohl - ich unterhielt mich eben mit
442 1592 1523 1783 einer alten Bekannten.
162 1734 1657 1945 Etzelt: Vie kommst Du hierher?
620 1860 1106 1961 Sonderbare
150 1888 3326 2107 Medardus: Komische Frage! Wie die andern alle. Ich liess mich trei-
442 2086 2625 2240 ben. Ist nicht die halbe Stadt hier heraussen?
146 2155 3322 2398 Etzelt: Ja, es ist wirklich ein arges Gedräng. Die schöne Luft wird
442 2374 3302 2560 ganz-verdorben. Ich will Dir einen Vorschlag machen, Medardus.
429 2532 3205 2735 Der Tag ist so wundervoll; - wie wärz wenn wir zusammen ein
438 2666 3229 2844 Stückchen weiter hinauswanderten, fort von der Menschenmenge
417 2856 3217 2998 hier. Irgendwohin ins Freie. (Man könnte irgendwo draussen xxx
438 2961 3229 3213 Mittag essen, unter den Bäumen und sich dann auf eine Viese
425 3128 1677 3346 hinstreeken- und plaudern.
2204 3115 2917 3338 Etzelt, Etul
146 3257 3302 3492 Medardus: Lieber Stzelt, es liegt Dir wohl viel dran, mich von hier
417 3460 1061 3650 wegzulocken?
138 3585 3277 3788 Etzelt: Ich möchte mit Dir reden, Medardus...das ist die Wahrheit
429 3780 3213 3950 endlich wieder ein paar ruhige Worte. so nütz' ich die Gele-
425 3905 3200 4181 gemeit. Es redet sich nach besser in Freien. Und ich bitte
425 4088 1600 4262 Dir-mancharlei zu sagen.
122 4177 3188 4416 Medardus: Venn ich deinen Blick richtig deute, muss ich ja recht
2937 4339 3160 4424 not
1402 4347 1564 4452 eben
401 4379 3529 4594 bedenklich aussehn. Was glaubst Du, Etzelt, wenn ich wirklich in
1151 4493 1730 4598 Gedanken trüg
438 4570 3363 4760 gefährliche Dinge dächte, — ob ich es nicht schlauer anzustal-
405 4728 972 4918 len wüsste.
117 4829 1860 5117 Etselt: Verstell Dich-nicht vor xxx
