3576 5256
199 508 3221 731 mehr eine Art Aufsicht...Vissen Sie denn nicht? - Gestern Abend
226 695 2732 894 wurde es doch bekannt gemacht: das Ter ist heute effen
2033 838 2260 925 tent
2700 687 3463 981 Bürgerhaft
222 890 3137 1124 die Waffen, die dort aufbarahrt sind, werden an die Leute ver-
218 1029 544 1259 teilt.
131 1187 2141 1394 zelt: Glaubt man die Gefahr so dringend...
95 1334 3288 1525 chenbacher: Ob es Gefahr zu nennen ist, weiss ich noch nicht...dass
226 1457 3284 1696 wir nicht lang mehr auf die Franzosen zu warten haben werden, das
214 1612 3117 1847 ...steht fest. Komnen Sie mit, Etzelt. Wenn Sie zur Zeit dort
226 1751 3233 2013 sind, haben Sie noch die Wahl. Allerlei Waffen gibts. Partizane,
179 1942 1386 2137 Mordäxte, Hellebarden...
1573 1950 1994 2152 nur
95 2089 1446 2276 zelt: Vielleicht auch ein-
1430 2097 2315 2303 er alte flinten...
477 2212 1446 2323 Cette, verroable, the
91 2244 3125 2466 schenbacher: Freilich, was halbwegs brauchbar war, ist längst in
214 2411 878 2609 guten Händen.
91 2526 3145 2764 tzelt: Ich frage nur - was sollen die Leute mit den Waffen anfan-
214 2724 2303 2887 gen, die sie nicht einmal gebrauchen können?
91 2859 3284 3050 chenbacher: Zum Gebrauch sollen sie wohl weniger dienen, Etzelt!...
203 3014 3117 3173 Aber sie geben doch Selbstvertrauen. und vielleicht auch Mut.
210 3149 3117 3360 Und wie prächtig wird sich später so ein gefährlich Ding über
222 3292 3066 3471 der Kommode oder überm Bett ansehn lassen und bewundern, von
203 3467 2978 3638 Kind und Enkelkind... zur Erinnerung an eine grosse Zeit..
203 3630 2927 3804 Also - auf Wiedersehen.. Etzelt -. Eine wunderliche Gegend
1124 3737 1295 3824 nier
210 3729 2669 3943 übrigens, in der Sie Ihren Morgenspaziergang machen.
83 3872 3165 4150 tzelt: Finden Sie die Gegend sonderhart Es kommt so ein guter Duft
222 4075 3098 4245 aus den Gärten.. ringsum. Doch in Ernst gesprochen. Vissen Sie
210 4217 3137 4376 nicht, dass Medardus gestern Abend plötzlich aus dem Haus ver-
199 4356 941 4559 schwunden ist?
115 4499 3173 4762 chenbacher: Ja, das ist mir bekannt. Eine verschleierte Dame hat
199 4662 2315 4944 Ihn entführt. (Ich fand es lustig genug — der
