3571 5608
92 726 3107 994 Desolteux: So ist es nicht schwer zu erraten, was mir bevorsteht,
317 942 3255 1138 wenn ich aus dieser Türe auf die Strasse trete. Es ist schliess
313 1082 3123 1271 lich das Ende, auf das man durch siebzehn Jahre gefasst sein
313 1203 690 1411 musste.
80 1299 1487 1579 Helene (steht bewegungslos).
76 1471 3047 1844 Besolteux: Darf ich noch einmal die Hände des Herzogs küssen, eh
317 1656 1395 1880 ich von hier fortgehe?
68 1828 1952 2032 Helene: Das dürfen Sie nicht, Desolteux.
72 2004 1547 2189 Desolteux: Nicht einmal das...
60 2145 3087 2433 Helene: Seit Sie fort sind, Deselteur, wird mein Vater mit erfun-
1239 2277 1628 2377 Cultivateur
301 2361 3147 2513 denen Nachrichten behandelt. Ein Einfall Assalagnys, ersonnem,
285 2481 3111 2682 um die letzten Tage eines Verlorenen zu verschönern. Für mei-
281 2630 3191 2846 nen Vater steht unsre Sache so günstig, dass er eben daran ist,
293 2774 3303 2966 sich für die Reise nach Frankreich zu rüsten sie dürfen ihm den
1351 2922 2060 3007 Ces mêre journois le
0 2938 3163 3131 mich nicht sehn, Desolteux, denn Ihre letzte Begegnung mit ihm
317 3103 3367 3291 nicht zu einem Betrugs aus jenützt werden und die Wahrheit muss woll
289 3235 1920 3456 Ihm verborgen bleiben bis zum Ende.
2016 3255 2522 3472 sein und
32 3371 3147 3584 Desolteux: Wohl ihm, wenn es ihm beschieden 1st dahinzugehen, ohne
1996 3536 2570 3660 Marnin
281 3552 2469 3760 sie zu ahnen. Leben Sie wohl, Frau Vicemtesse.
36 3700 3007 3901 Helene: (ruhig, ihn gross ansehend): Sie irren, Desolteux, Der
277 3876 2999 4057 Kaiser sprach heute nachts zum ersten Mal von diesen Dingen
265 4037 2794 4201 zu mir... Und seit langer Zeit war es die erste Kunde,
2469 4061 3355 4374 es der Kaiserselbst
277 4181 2938 4349 von unsern Angelegenheiten zu mir drang... Daß Er sie mir bei
305 4317 2201 4394 nach, wie dem ich sie vernehmen möchte.
289 4354 3031 4522 te — ist meine Schuld so wenig als die Ihre. Wir sind wieder
369 4486 3179 4638 Anmal verraten.. Aber ich bin dieselbe, die ich war... wie Sie..
365 4626 3219 4802 Ganz dieselbe, Herolteris. Wir heben vermiell. und alles in
257 4686 1956 4871 Nun toi es eben-raus. - in Ende -
669 4786 994 4883 Ernst.
12 4746 3239 4987 Desolteux: Aus...7 Immerhin gibt es Unterschiede..
24 4975 2650 5207 Helene: Desolteux, ich bin nicht die Geliebte Napoleens.
