3704 5416
492 645 3340 968 trefflicher Arzt...In drei Tagen... (wieder für sich) Und wenn
488 885 3418 1058 ich hinstürze und verblutet.. Nun, so iets eben aus...Aber die-
496 1046 3265 1231 se Gelegenheit kommt nicht wieder...Hab ich Dicht. Hab ich
480 1180 3175 1373 Buch alle!... Der Blick heute morgens.... wusst ichs nicht
484 1357 3293 1511 gleicht.. solche Blicke kenn ich! - Nun gehört Sie mir. Ganz
476 1495 3446 1731 insgeheim sohleich ich mich zu ihr...Aber von ihr fort über die
480 1664 3450 1861 grosse Treppe und es ihnen dann ins Gesicht schrein...nein, sie
480 1817 3355 2014 zusammenrufen alle, Herrschaft und Lakaien, noch in der Nacht
468 1967 3344 2112 wenn ich sie in meinen Armen habe...fort..fort..hilf mir Him-
456 2120 3324 2286 mel. (Nimt den Begen) (Wieder läut) Ein guter Arzt... ein
464 2258 3308 2451 vortrefflicher Arzt... (Nr ist indes bis zur Tür geschlichen,
456 2388 2057 2628 schliesst sie leise und geht.)
1271 2573 2278 2809 (Pauss. Dunkelheit.)
197 2887 2046 3123 Rau Klaehr (von links): Medardus...
193 3112 1314 3304 Anna: Er schläft wohl.
212 3206 3293 3426 Frau Klaehr: Medardus... Mach Licht, Anna. (Zum Sofa) Medardue...
185 3426 3135 3611 Anna (hat eine Kerze angezündet): Was ist...Nr ist nicht da?
205 3568 1821 3753 Frau Klaehr (ist hinausgestürzt):
185 3721 1070 3906 Anna: Medardus...
181 3847 2293 4052 Frau Klaehr (wieder herein): Fort, fort...
177 4040 3344 4233 Anna: Er wird auf der Strasse zusammenstürzen! Sie werden ihn tot
468 4146 1192 4335 heraufbringen.
173 4335 968 4496 Itzelt (kommt).
177 4402 2246 4681 Frau Klaehr: Medardus ist fort, Etzelt.
169 4654 1975 4823 Etzelt: Fortl. wie ist das möglich?!
165 4717 3285 5031 Frau Klachr: Es war eine Frauensperson da. mit der ist er davon.
