3803 5400
580 568 3396 903 dung erstattet. Der Kaiser weiss Ihre Aufrichtigkeit zu schä-
603 805 3364 1041 tzen, zu der keine äussere Nötigung keineswegs vorhanden war.
2402 852 2907 958 is draupted
580 994 3289 1179 Noch einmal haben sie es in Ihrer Hand, Ihre Freiheit zu
2559 1152 3317 1258 nichts in general
580 1104 3364 1388 winnen, und auf die leichteste Weise, xxx verlangt nur das
568 1333 3400 1570 sprechen von ihnen, dass Sie dem Kaiser von nun an nicht mehr
552 1459 3340 1664 nach dem Leben trachten. Ihre Ehrlichkeit ist Zeugnis genug,
548 1581 3423 1822 dass Sie Ihr Vort halten werden. Geben Sie es mir - so verlas-
548 1719 3419 1964 sen Sie noch in derselben Stunde dieses Gefängnis und sind In-
536 1940 3226 2110 rer Mutter, Ihnen Freunden, Ihrem Vaterland wiedergegeben.
292 2003 1321 2244 Etzelt: Medardus....
296 2224 3364 2406 Frau Klaehr: Er schweigt. Herr General, lassen Sie mich für ihn
296 2370 3364 2556 Medardus: Ruhig, Mutter, meine Stimme versagt mir nicht. Herr Ge-
505 2520 3289 2761 neral das Versprechen, das der Kaiser wünscht, ich kann es
525 2634 1286 2820 ihm nicht geben.
272 2776 2504 3009 Etzelt: Du kannst es... Du sollst es.. Medardus!
260 2950 3226 3187 Frau Klachr: Er ist von Sinnen, Herr General. Bedenken Sie was
517 3116 3419 3364 alles auf ihn eingestürmt ist, in wenig Stunden. xxx Sie es.
497 3281 3356 3506 nicht als endgültig, was er jetzt spricht. Geben Sie ihm Zeit
489 3407 1148 3612 zu überlegen.
268 3601 3435 3794 Medardus: Eine Mutter spricht, Herr General! Sehn Sie mich an, Herrn
469 3727 3411 3956 General, ich bin nicht von Sinnen, es bedarf keiner Bedenkzeit.
2051 3889 3080 3991 auch vom Kauer mit
241 3900 3045 4137 Rapp: Medardus Klachr, an Ihrem Mut wird nicht gesweifelt:
481 4015 2630 4212 Jetzt zur Ihnen sprecht, ist nicht Ärberzeugung
481 4212 3447 4441 kinn'scher Trots.) Sie dürfen, ohne Ihrer Ehre etwas zu vergeben.
481 4342 3325 4567 ruhig versprechen, was Sie doch halten müssen, auch gegen Ihre
481 4492 3313 4689 Villen. Oder zweiffeln Sie, dass von heute ab jeder ihrer Ver-
331 4638 1648 4835 suche sich an Bonsparte in
1794 4654 2828 4827 zudrängen-fruchtig wäre.
2027 4752 3265 4985 Gang der menschlichen Sohn.
1550 4784 2078 4989 Sohne Gänge de
647 4784 1313 5048 Niemand was
1664 4953 2181 5210 Neitern
1688 5147 1960 5308 273
