3800 5512
512 471 3050 733 oder wenigstens glauben, dass man ihn hier dafür hält.
274 677 2018 866 Berger: Um Gotteswillen, Frau Klaher.
298 798 2357 995 Schreubler: Passen s' doch auf, Frau Klaehr.
294 898 3283 1140 Frau Klaehr: Hunderttausende sind ins Grab gesunken, seit dieser
1958 1060 3191 1164 und manchen von ihnen ist,
528 1104 3348 1285 Furchtbare über die Erde rast. Hundertteusende, denen das Le-
951 1233 1454 1346 gewesen, -
524 1245 870 1334 sicher.
540 1277 3437 1450 ben wert war - narenlos, ruulos und nutzlos haben sie sterben
496 1398 3428 1591 müssen! Und nicht einer, nicht amer findet steh, der es ein
544 1555 3461 1748 setzt für x ungeheuren Caminn. Und xxxst gföcs 40 Viele denen
544 1724 3485 2010 das Leben gleichgiltig ist - die gar nichts zu verlieren haben..
548 1873 1450 2055 Ich fass es nicht.
318 2026 1934 2212 Etzelt:/ W. wäre Mord, Frau Klaehr
314 2200 1797 2361 Frau Klaehr: Es wäre Gericht!
310 2200 2578 2570 Etszelt: Wer dürfte sich vermessen, Frau Klaher?
334 2462 3316 2667 Frau Klaehr: Das Urteil über ihn ist längst gesprochen. Wer die
548 2611 2562 2820 Sendung in sich fühlt - darf es vollführen.
1334 2784 2329 2969 (Sie gehen allmählig.)
790 2889 2635 3106 (Kanonandonner, der immer stärker wird.)
1531 3082 2022 3159 scheints a by
342 3094 2856 3316 Schreibler: xxx, diesmal wurde was Ernst
1011 3219 1458 3328 natürlich.
334 3247 3569 3441 B###il: Es war vorauszusehn. In den letzten paar Tagen sind min-
697 3384 1402 3489 chaftse neuer,
306 3388 572 3541 Bersé
584 3364 3203 3610 destens swanzig Regimenter durch die Stadt marschiert...
1499 3505 1837 3610 came 3
584 3489 3650 3779 Sachsen: und Bayern hauptsächlich Kanonenfutter selbstverständl ich
359 3654 3412 3896 Frau Föderl: Geschieht ihnen recht... kapolson weiss, was Deutsche
596 3847 2691 4033 verdienen, die gegen Deutsche ins Feld ziehn.
355 3972 3424 4214 Berger: Ja, mein armes Annerl, die wird jetzt wieder zu tun krie-
2188 4101 2558 4206 ou ecrire
596 4158 3501 4371 gen!... Ich werd einmal schaun, ob man nicht vielleicht auf den
592 4295 2244 4496 Stephansturm hinauf kann..
1100 4460 2353 4714 (Alle ab ausser Medardus.)
1543 4830 1898 5076 — 228 -
