4235 6262
187 925 2125 1180 stzelt: Den Peter Tell, ist es möglich?
195 989 3193 1351 schenbacher: So hier er, da er die Stühle leimte, und auf dem
415 1228 3237 1483 Grabstein wird wohl nichts andres stehn. Wenn ich einem die
415 1399 3293 1622 heitre Laune stören sollte mit der Nachricht, so bitt ich um
387 1594 3388 1826 Vergebung. Wer kann, mag weiter an Sommerluft, Wein und Frauen-
431 1718 1467 1949 zimmern sich erfreun.
175 1786 3225 2109 Etzelt: Sind Sie nicht xxx falsch berichtet, Herr Eschenbacher?
2412 1965 2683 2069 doch
446 2045 3412 2260 Ich weiss aus bester Quelle, die haben ihn freigelassen gestern
435 2228 753 2376 Abend.
187 2292 3281 2515 Tschenbacher: Die Quelle ist gut, nur gleich daneben fliesst eine
1435 2456 1610 2555 Une
442 2436 3245 2695 andre, die ist bassar. Heute früh um fünf haben sie ihn aus
458 2611 3281 2846 dem Bett geholt, mitgeschleppt, an die Mauer vom Jesuitenhof
450 2774 3245 3026 hingestellt und erschossen. Man trug seinen Leichnam an mir
3081 2886 3456 3061 hat.
458 2934 2141 3157 vorüber ist die Quelle klar genuge
175 2962 3368 3313 Etselt: Warum haben sie das nur getan? Wenn er sich auch vergangen,
474 3237 2507 3424 es war mit ein paar Tagen Arrest zu sühnen.
191 3325 3400 3612 Bachenbacher: Warum Sie haben die Macht und lassen sie uns fühlen.
199 3532 3380 3739 Etzelt: Und fühlen dieser Macht sich selber doch nicht ganz sicher.
466 3683 3317 3938 Ja, dies scheint mir die tiefere Ursache dieser frevelhaften
2045 3815 2308 3922 bei
478 3851 3253 4038 Villkür. Ich meine, es muss ihnen vor Aspern doch noch viel
1806 3986 2005 4066 was
478 3974 3293 4178 schlimmer gegangen sein, als wir hier wissen, bekannt ich
1375 4138 1642 4241 liche
211 4106 3380 4373 Eschenbacher: Reden Sie nicht von Aspern, Etselt, Wir sollten xxx
482 4289 3444 4512 wünschen, dass uns nicht noch ein solcher sieg beschieden wäre.
474 4449 3456 4672 Er bedeutet ein paar zerschossene Schädel und Gliedmassen mehr,
486 4588 3340 4811 ein paar jammernde Witwen und hungrige Vaisen mehr,- Wie es
458 4776 2081 4975 enden muss, wissen wir doch alle.
259 4943 3348 5138 tzelt: sie sehen allzu trüb. Ich bin fest überzeugt, dass Oester-
466 5055 3093 5369 reich nicht mehr lang allein in Kämpfe bleibt xxx
