4344 5448
3462 196 3824 436 1/4
963 629 3997 802 Helene (allein): Ein Traum, b/. Assalagny -? Vielleicht...Aber
1179 774 4107 939 wenn ich einen aus dem Schlaf von einer Krone sprechen höre und
1183 912 4052 1049 ich vermag sie ihm zu Häupten zu legen noch eh er erwacht, war
1191 1045 4134 1222 es dann ein Traum? Wenn ich sie noch auf Deinem Haupt sehn könn-
1191 1183 2727 1387 te, Vater. Oh...träume nun ich?-
939 1344 2307 1517 Nerina (kommt)» Prinzessin..
939 1478 2531 1706 Helene: Ah, unsere Federbälle....
939 1635 2849 1824 Nerina: Ich hab auf der Wiese gewartet.
1765 1765 2177 1863 Margareur
935 1824 3867 2028 Helene: Und der Vicomte noch nicht da. Wie weit ist es von der
1163 1949 2177 2122 Penzinger Au hierher?
943 2087 3077 2260 Nerina: Darauf allein kommt es wohl nicht an.
935 2256 4048 2393 Helene: Du glaubst doch nicht!!.. Vielleicht, dass am Wagen ein Rad
1155 2425 4107 2621 brach. So kanns am Ende noch eine Stunde währen. Und mehr! Komm,
1159 2539 1973 2720 lass uns spielen.
1167 2680 3305 2924 (Sie beginnen mit den Federbällen zu spielen.)
1144 3010 2916 3270 Die Herzogin kommt. Nerina. Helene.
904 3258 3883 3474 Herzogin (ruhig): Und heute morgen begruben sie Deinen Bruder.
896 3474 4048 3608 Helene: Ja, Mutter, und es ist, als wär er hundert Jahre lang tot und
1148 3627 3977 3820 begraben. So rast die Zeit. Oder so langsam geht sie hin. Ihm
1140 3769 3714 3938 ist es gewiss das gleiche, Mutter, warum nicht auch uns.
3741 3796 4068 4020 raln
896 3891 3926 4087 Herzogin: Es kommen Boten aus Frankreich, und der Prinz von Bonny
1136 4075 3965 4225 ist tot. Die Sonne steht am Himmel, und ein schöner Knabe ist
1128 4197 3938 4370 tot. Eine alte Frau atmet und lebt und schreitet durch einen
1128 4358 4009 4575 blühenden Garten - und ihr Sohn ist tot. Warum soll ein junges
1112 4468 4048 4744 Mädchen nicht Ball spielen, dem ein Bruder starb..? (Sie geht)
872 4681 2861 4881 Nerina: Die unglückliche Frau Herzogin...
2354 4964 2613 5152 84 -
