<?xml version="1.0" encoding="UTF-8" standalone="yes"?>
<PcGts xmlns="http://schema.primaresearch.org/PAGE/gts/pagecontent/2013-07-15" xmlns:xsi="http://www.w3.org/2001/XMLSchema-instance" xsi:schemaLocation="http://schema.primaresearch.org/PAGE/gts/pagecontent/2013-07-15 http://schema.primaresearch.org/PAGE/gts/pagecontent/2013-07-15/pagecontent.xsd">
    <Metadata>
        <Creator>prov=READ-COOP:name=TrHtr:version=2.1.0:model_id=51170:date=15_08_2023_10:01</Creator>
        <Created>2023-05-10T15:11:17.550+02:00</Created>
        <LastChange>2023-08-15T10:01:11.255+02:00</LastChange>
        <TranskribusMetadata docId="1429033" pageId="55436567" pageNr="296" tsid="132846477" status="IN_PROGRESS" userId="64420" imgUrl="https://files.transkribus.eu/Get?id=GCYNNARCMQVCUQUPFYUTGDPO&amp;fileType=view" xmlUrl="https://files.transkribus.eu/Get?id=VUYYGYZCJGCHOELBVPWWQJSR" imageId="44710556"/>
    </Metadata>
    <Page imageFilename="1429033_0296.jpg" imageWidth="3656" imageHeight="5384">
        <ReadingOrder>
            <OrderedGroup id="ro_1711800584320" caption="Regions reading order">
                <RegionRefIndexed index="0" regionRef="tr_2"/>
                <RegionRefIndexed index="1" regionRef="tr_1"/>
            </OrderedGroup>
        </ReadingOrder>
        <TextRegion id="tr_2" custom="readingOrder {index:0;}">
            <Coords points="137,594 3503,594 3503,2534 137,2534"/>
            <TextLine id="tr_2_tl_1" custom="readingOrder {index:0;}">
                <Coords points="122,785 513,691 3156,740 3282,716 3287,521 122,622"/>
                <Baseline points="143,698 161,704 250,698 340,698 429,698 519,692 608,686 698,686 787,686 877,686 966,686 1056,686 1146,680 1235,680 1325,674 1414,680 1504,674 1593,674 1683,674 1772,674 1862,668 1951,668 2041,668 2130,668 2220,662 2309,662 2399,662 2489,656 2578,656 2668,656 2757,656 2847,650 2936,650 3026,650 3115,650 3205,644 3294,644"/>
                <TextEquiv>
                    <Unicode>Berger: so passen's nur auf, Frau Klachr... Er war ja natürlich sehr</Unicode>
                </TextEquiv>
            </TextLine>
            <TextLine id="tr_2_tl_2" custom="readingOrder {index:1;}">
                <Coords points="370,883 2819,895 3380,830 3384,691 374,740"/>
                <Baseline points="393,841 441,847 531,841 620,841 710,841 799,841 889,841 978,835 1068,835 1157,829 1247,829 1337,829 1426,823 1516,829 1605,823 1695,823 1784,823 1874,817 1963,817 2053,817 2142,811 2232,811 2321,811 2411,811 2500,811 2590,811 2680,811 2769,805 2859,805 2948,799 3038,799 3127,799 3217,787 3306,781 3396,781"/>
                <TextEquiv>
                    <Unicode>höflich mit dem Publikum, der Tell...das ist es ja grad Da ist</Unicode>
                </TextEquiv>
            </TextLine>
            <TextLine id="tr_2_tl_3" custom="readingOrder {index:2;}">
                <Coords points="378,1041 3384,992 3494,964 3498,789 3047,899 2249,822 382,907"/>
                <Baseline points="405,996 459,990 549,996 638,990 728,990 817,990 907,990 996,984 1086,984 1175,984 1265,978 1354,978 1444,978 1534,972 1623,978 1713,972 1802,972 1892,972 1981,972 2071,966 2160,966 2250,966 2339,966 2429,961 2518,961 2608,955 2697,955 2787,955 2877,955 2966,949 3056,949 3145,943 3235,943 3324,937 3414,937 3503,943"/>
                <TextEquiv>
                    <Unicode>kommt ein französischer Offizier von den Grenadieren vorbeigekommt.</Unicode>
                </TextEquiv>
            </TextLine>
            <TextLine id="tr_2_tl_4" custom="readingOrder {index:3;}">
                <Coords points="2611,1053 3083,1029 3266,1086 3266,976 3152,948 3071,984 2953,980 2916,952 2896,972 2839,956 2794,1001 2611,984"/>
                <Baseline points="2632,1032 2650,1032 2739,1032 2829,1032 2918,1026 3008,1026 3097,1026 3187,1026 3276,1026"/>
                <TextEquiv>
                    <Unicode>ansemaader</Unicode>
                </TextEquiv>
            </TextLine>
            <TextLine id="tr_2_tl_5" custom="readingOrder {index:4;}">
                <Coords points="1131,1074 1367,1062 1432,1102 1566,1078 1570,980 1485,968 1444,997 1395,980 1354,1013 1334,992 1289,988 1265,1001 1200,992 1171,1013 1135,1005"/>
                <Baseline points="1152,1068 1223,1062 1313,1062 1402,1056 1492,1050 1581,1056"/>
                <TextEquiv>
                    <Unicode>die Teut</Unicode>
                </TextEquiv>
            </TextLine>
            <TextLine id="tr_2_tl_6" custom="readingOrder {index:5;}">
                <Coords points="378,1212 2310,1119 3030,1192 3160,1171 3165,1041 382,1053"/>
                <Baseline points="399,1152 483,1146 573,1146 662,1146 752,1146 841,1146 931,1140 1020,1140 1110,1140 1199,1140 1289,1140 1378,1134 1468,1128 1557,1128 1647,1134 1736,1128 1826,1128 1916,1122 2005,1122 2095,1122 2184,1116 2274,1116 2363,1116 2453,1116 2542,1116 2632,1122 2721,1116 2811,1110 2900,1110 2990,1104 3079,1104 3169,1110"/>
                <TextEquiv>
                    <Unicode>dem ist der Tell nicht energisch und grob genug gewesen mit</Unicode>
                </TextEquiv>
            </TextLine>
            <TextLine id="tr_2_tl_7" custom="readingOrder {index:6;}">
                <Coords points="968,1228 1078,1273 1387,1212 2217,1224 2388,1208 2388,1151 2314,1119 968,1176"/>
                <Baseline points="990,1223 1050,1229 1140,1217 1229,1217 1319,1211 1408,1199 1498,1193 1587,1193 1677,1193 1766,1199 1856,1199 1945,1199 2035,1193 2124,1187 2214,1193 2304,1181 2393,1175"/>
                <TextEquiv>
                    <Unicode>fangt er an zu scheinen in schicupfen.</Unicode>
                </TextEquiv>
            </TextLine>
            <TextLine id="tr_2_tl_8" custom="readingOrder {index:7;}">
                <Coords points="431,1245 480,1241 496,1257 525,1245 561,1261 594,1237 651,1249 879,1232 883,1159 805,1176 744,1147 700,1171 687,1155 622,1176 586,1147 549,1176 488,1163 460,1188 431,1184"/>
                <Baseline points="453,1235 531,1235 620,1229 710,1229 799,1223 889,1223"/>
                <TextEquiv>
                    <Unicode>getrieben.</Unicode>
                </TextEquiv>
            </TextLine>
            <TextLine id="tr_2_tl_9" custom="readingOrder {index:8;}">
                <Coords points="390,1318 2278,1379 3287,1293 3368,1127 390,1237"/>
                <Baseline points="411,1301 417,1295 507,1295 596,1301 686,1295 775,1295 865,1295 955,1295 1044,1295 1134,1295 1223,1289 1313,1289 1402,1283 1492,1283 1581,1277 1671,1283 1760,1283 1850,1283 1939,1277 2029,1277 2118,1271 2208,1271 2298,1271 2387,1271 2477,1271 2566,1265 2656,1265 2745,1265 2835,1265 2924,1265 3014,1265 3103,1265 3193,1259 3282,1259 3372,1241"/>
                <TextEquiv>
                    <Unicode>den Leuten, da schreit er und schimpft er, und endlich, da zieht</Unicode>
                </TextEquiv>
            </TextLine>
            <TextLine id="tr_2_tl_10" custom="readingOrder {index:9;}">
                <Coords points="382,1464 2973,1505 3026,1334 887,1387 545,1314 386,1391"/>
                <Baseline points="405,1450 441,1450 531,1456 620,1450 710,1450 799,1444 889,1444 978,1444 1068,1444 1157,1444 1247,1438 1337,1438 1426,1438 1516,1438 1605,1438 1695,1438 1784,1432 1874,1432 1963,1426 2053,1426 2142,1426 2232,1426 2321,1426 2411,1420 2500,1420 2590,1420 2680,1414 2769,1414 2859,1414 2948,1414 3038,1414"/>
                <TextEquiv>
                    <Unicode>er gar den Säbel, der freche Kerl - oha - zieht den säbel</Unicode>
                </TextEquiv>
            </TextLine>
            <TextLine id="tr_2_tl_11" custom="readingOrder {index:10;}">
                <Coords points="395,1668 3238,1635 3242,1424 1603,1558 399,1477"/>
                <Baseline points="417,1611 477,1605 567,1605 656,1599 746,1599 835,1605 925,1599 1014,1599 1104,1599 1193,1599 1283,1599 1372,1593 1462,1593 1551,1599 1641,1593 1730,1593 1820,1587 1910,1587 1999,1581 2089,1581 2178,1581 2268,1581 2357,1575 2447,1581 2536,1575 2626,1575 2715,1575 2805,1569 2894,1569 2984,1575 3074,1569 3163,1575 3253,1569"/>
                <TextEquiv>
                    <Unicode>(leise) gegen die Wache, gegan unsre Bürgerwache...der Tell,</Unicode>
                </TextEquiv>
            </TextLine>
            <TextLine id="tr_2_tl_12" custom="readingOrder {index:11;}">
                <Coords points="378,1794 3307,1741 3307,1615 3140,1599 382,1676"/>
                <Baseline points="399,1754 453,1754 543,1754 632,1754 722,1754 811,1754 901,1754 990,1748 1080,1748 1169,1748 1259,1748 1348,1742 1438,1748 1528,1742 1617,1742 1707,1742 1796,1736 1886,1736 1975,1736 2065,1736 2154,1736 2244,1730 2333,1730 2423,1730 2512,1730 2602,1725 2692,1725 2781,1730 2871,1730 2960,1725 3050,1725 3139,1725 3229,1719 3318,1713"/>
                <TextEquiv>
                    <Unicode>nicht faul, reisst ihm den Säbel aus der Hand, bricht ihn über</Unicode>
                </TextEquiv>
            </TextLine>
            <TextLine id="tr_2_tl_13" custom="readingOrder {index:12;}">
                <Coords points="382,1932 2729,1977 3266,1887 3266,1741 2839,1826 2184,1741 1965,1843 382,1790"/>
                <Baseline points="405,1910 411,1910 501,1904 590,1904 680,1904 769,1904 859,1904 949,1910 1038,1904 1128,1904 1217,1898 1307,1898 1396,1898 1486,1898 1575,1892 1665,1898 1754,1892 1844,1892 1933,1892 2023,1892 2113,1892 2202,1886 2292,1886 2381,1886 2471,1880 2560,1880 2650,1880 2739,1880 2829,1880 2918,1874 3008,1874 3097,1874 3187,1874 3276,1862"/>
                <TextEquiv>
                    <Unicode>seinem Knie auseinander und wirft ihm die Stücke vor die Füss</Unicode>
                </TextEquiv>
            </TextLine>
            <TextLine id="tr_2_tl_14" custom="readingOrder {index:13;}">
                <Coords points="378,2099 2473,2123 3230,2062 3295,1940 378,1961"/>
                <Baseline points="399,2065 441,2059 531,2059 620,2059 710,2059 799,2059 889,2059 978,2059 1068,2053 1157,2053 1247,2053 1337,2047 1426,2047 1516,2047 1605,2047 1695,2047 1784,2047 1874,2047 1963,2041 2053,2041 2142,2035 2232,2035 2321,2035 2411,2035 2500,2035 2590,2035 2680,2035 2769,2035 2859,2035 2948,2035 3038,2029 3127,2029 3217,2029 3306,2023"/>
                <TextEquiv>
                    <Unicode>hin. Na, und da habens ihn dann natürlich verhaftet, den Tell.</Unicode>
                </TextEquiv>
            </TextLine>
            <TextLine id="tr_2_tl_15" custom="readingOrder {index:14;}">
                <Coords points="370,2257 2652,2196 2941,2318 3238,2213 3238,2062 370,2123"/>
                <Baseline points="393,2214 471,2214 561,2208 650,2208 740,2208 829,2208 919,2202 1008,2202 1098,2202 1187,2202 1277,2202 1366,2202 1456,2202 1545,2202 1635,2196 1725,2196 1814,2196 1904,2196 1993,2196 2083,2196 2172,2196 2262,2196 2351,2196 2441,2196 2530,2196 2620,2196 2709,2196 2799,2196 2888,2196 2978,2190 3068,2184 3157,2178 3247,2184"/>
                <TextEquiv>
                    <Unicode>Aber den Offizier auch. Bitte, was wahr is, is wahrdas ist</Unicode>
                </TextEquiv>
            </TextLine>
            <TextLine id="tr_2_tl_16" custom="readingOrder {index:15;}">
                <Coords points="378,2416 590,2392 748,2432 988,2392 1098,2436 1533,2396 1533,2298 1428,2266 1330,2302 1281,2266 1058,2286 915,2241 659,2302 378,2294"/>
                <Baseline points="399,2363 471,2363 561,2363 650,2363 740,2363 829,2363 919,2357 1008,2357 1098,2357 1187,2357 1277,2357 1366,2351 1456,2351 1545,2357"/>
                <TextEquiv>
                    <Unicode>doch eine Gerechtigkeit.</Unicode>
                </TextEquiv>
            </TextLine>
            <TextLine id="tr_2_tl_17" custom="readingOrder {index:16;}">
                <Coords points="114,2583 2998,2571 3022,2396 114,2440"/>
                <Baseline points="137,2518 167,2524 256,2524 346,2524 435,2524 525,2518 614,2518 704,2518 793,2512 883,2512 972,2512 1062,2512 1152,2512 1241,2512 1331,2512 1420,2512 1510,2518 1599,2512 1689,2506 1778,2506 1868,2506 1957,2500 2047,2506 2136,2500 2226,2500 2315,2500 2405,2500 2495,2500 2584,2500 2674,2500 2763,2500 2853,2495 2942,2495 3032,2495"/>
                <TextEquiv>
                    <Unicode>Frau Klaehr: Warten wir ab, wie weit die Gerechtigkeit geht.</Unicode>
                </TextEquiv>
            </TextLine>
        </TextRegion>
        <TextRegion id="tr_1" custom="readingOrder {index:1;}">
            <Coords points="131,2761 3396,2761 3396,5214 131,5214"/>
            <TextLine id="tr_1_tl_1" custom="readingOrder {index:0;}">
                <Coords points="1062,2888 1379,2900 1745,2851 2196,2912 2196,2705 2123,2717 2013,2648 1798,2636 1566,2766 1424,2705 1208,2746 1062,2725"/>
                <Baseline points="1086,2817 1175,2817 1265,2817 1354,2817 1444,2817 1534,2817 1623,2811 1713,2811 1802,2811 1892,2811 1981,2811 2071,2811 2160,2823 2208,2823"/>
                <TextEquiv>
                    <Unicode>Medardus (tritt ein).</Unicode>
                </TextEquiv>
            </TextLine>
            <TextLine id="tr_1_tl_2" custom="readingOrder {index:1;}">
                <Coords points="122,3160 765,3063 3384,3124 3384,2949 2896,2904 1871,2990 968,2912 622,3014 122,2941"/>
                <Baseline points="143,3056 173,3056 262,3056 352,3050 441,3056 531,3056 620,3050 710,3050 799,3050 889,3050 978,3050 1068,3050 1157,3044 1247,3050 1337,3044 1426,3044 1516,3044 1605,3044 1695,3044 1784,3044 1874,3050 1963,3044 2053,3044 2142,3044 2232,3044 2321,3038 2411,3038 2500,3032 2590,3032 2680,3032 2769,3032 2859,3026 2948,3026 3038,3032 3127,3032 3217,3026 3306,3026 3396,3026"/>
                <TextEquiv>
                    <Unicode>Medardus: Guten Morgen. Guten Morgen, Mutter. (Er küsst ihr die Hand)</Unicode>
                </TextEquiv>
            </TextLine>
            <TextLine id="tr_1_tl_3" custom="readingOrder {index:2;}">
                <Coords points="382,3234 797,3213 1074,3266 1310,3209 1354,3254 1542,3242 1639,3201 1639,3112 814,3148 468,3099 382,3132"/>
                <Baseline points="405,3199 483,3205 573,3205 662,3205 752,3205 841,3205 931,3205 1020,3205 1110,3199 1199,3199 1289,3199 1378,3193 1468,3199 1557,3193 1647,3193"/>
                <TextEquiv>
                    <Unicode>Wie gehts dem Rittmeister?</Unicode>
                </TextEquiv>
            </TextLine>
            <TextLine id="tr_1_tl_4" custom="readingOrder {index:3;}">
                <Coords points="122,3409 2001,3360 2363,3449 3380,3352 3380,3246 2274,3165 1509,3299 122,3250"/>
                <Baseline points="143,3360 167,3366 256,3360 346,3354 435,3360 525,3354 614,3354 704,3354 793,3354 883,3354 972,3354 1062,3354 1152,3354 1241,3354 1331,3354 1420,3354 1510,3354 1599,3354 1689,3348 1778,3354 1868,3348 1957,3348 2047,3348 2136,3348 2226,3348 2315,3348 2405,3348 2495,3348 2584,3342 2674,3342 2763,3342 2853,3342 2942,3348 3032,3342 3121,3342 3211,3342 3300,3336 3390,3348"/>
                <TextEquiv>
                    <Unicode>Frau Klathr: Nichtgut... Der Major Trembly hält Wache drin an seinem</Unicode>
                </TextEquiv>
            </TextLine>
            <TextLine id="tr_1_tl_5" custom="readingOrder {index:4;}">
                <Coords points="407,3522 472,3539 492,3563 517,3543 549,3543 590,3575 647,3559 691,3592 801,3539 850,3555 850,3409 732,3356 687,3392 590,3433 578,3421 537,3453 488,3433 407,3437"/>
                <Baseline points="429,3509 501,3509 590,3509 680,3503 769,3509 859,3503"/>
                <TextEquiv>
                    <Unicode>sterbett.</Unicode>
                </TextEquiv>
            </TextLine>
            <TextLine id="tr_1_tl_6" custom="readingOrder {index:5;}">
                <Coords points="122,3746 2457,3657 2815,3734 3376,3669 3380,3575 2815,3498 126,3596"/>
                <Baseline points="143,3664 167,3664 256,3664 346,3664 435,3664 525,3664 614,3664 704,3664 793,3664 883,3658 972,3658 1062,3658 1152,3658 1241,3658 1331,3658 1420,3658 1510,3658 1599,3658 1689,3658 1778,3653 1868,3658 1957,3658 2047,3658 2136,3658 2226,3658 2315,3653 2405,3653 2495,3653 2584,3653 2674,3653 2763,3653 2853,3653 2942,3653 3032,3653 3121,3653 3211,3647 3300,3641 3390,3647"/>
                <TextEquiv>
                    <Unicode>Medardus: Ist es so weit? Ich dacht es mir gestern Abend. Ich glaube</Unicode>
                </TextEquiv>
            </TextLine>
            <TextLine id="tr_1_tl_7" custom="readingOrder {index:6;}">
                <Coords points="382,3864 3136,3856 3238,3685 386,3730"/>
                <Baseline points="405,3814 471,3814 561,3814 650,3814 740,3814 829,3814 919,3814 1008,3814 1098,3814 1187,3814 1277,3814 1366,3814 1456,3808 1545,3808 1635,3808 1725,3808 1814,3802 1904,3802 1993,3802 2083,3808 2172,3808 2262,3802 2351,3802 2441,3802 2530,3802 2620,3802 2709,3802 2799,3802 2888,3802 2978,3802 3068,3802 3157,3802 3247,3802"/>
                <TextEquiv>
                    <Unicode>nicht, dass er einen schweren Tod zu sterben hat. Gestern in</Unicode>
                </TextEquiv>
            </TextLine>
            <TextLine id="tr_1_tl_8" custom="readingOrder {index:7;}">
                <Coords points="1782,3905 1810,3905 1830,3897 1847,3897 1863,3909 1883,3901 1900,3901 1908,3909 1940,3905 1940,3840 1916,3840 1867,3803 1826,3823 1806,3803 1782,3803"/>
                <Baseline points="1802,3885 1892,3885 1945,3885"/>
                <TextEquiv>
                    <Unicode>de</Unicode>
                </TextEquiv>
            </TextLine>
            <TextLine id="tr_1_tl_9" custom="readingOrder {index:8;}">
                <Coords points="395,4019 2981,3986 3177,3970 3177,3848 395,3860"/>
                <Baseline points="417,3969 495,3969 584,3969 674,3969 764,3969 853,3969 943,3969 1032,3969 1122,3969 1211,3969 1301,3969 1390,3963 1480,3963 1569,3963 1659,3963 1748,3963 1838,3963 1927,3963 2017,3963 2107,3963 2196,3957 2286,3951 2375,3957 2465,3951 2554,3951 2644,3951 2733,3951 2823,3957 2912,3957 3002,3957 3091,3957 3181,3957"/>
                <TextEquiv>
                    <Unicode>seinen Phantasien war er in seiner Heimat, bei seiner Frau</Unicode>
                </TextEquiv>
            </TextLine>
            <TextLine id="tr_1_tl_10" custom="readingOrder {index:9;}">
                <Coords points="2209,4019 2379,4031 2408,4055 2648,4051 2778,4019 2892,4063 2998,4051 2998,3986 2920,3962 2868,3990 2607,3954 2477,3990 2379,3962 2343,3986 2290,3954 2209,3982"/>
                <Baseline points="2232,4017 2321,4017 2411,4023 2500,4023 2590,4023 2680,4017 2769,4017 2859,4023 2948,4029 3002,4023"/>
                <TextEquiv>
                    <Unicode>immer water</Unicode>
                </TextEquiv>
            </TextLine>
            <TextLine id="tr_1_tl_11" custom="readingOrder {index:10;}">
                <Coords points="399,4173 3091,4120 3291,4218 3368,4011 399,4043"/>
                <Baseline points="423,4130 513,4124 602,4124 692,4118 781,4118 871,4124 961,4124 1050,4124 1140,4124 1229,4118 1319,4118 1408,4118 1498,4118 1587,4118 1677,4118 1766,4118 1856,4118 1945,4118 2035,4118 2124,4118 2214,4118 2304,4118 2393,4118 2483,4118 2572,4118 2662,4118 2751,4112 2841,4112 2930,4112 3020,4112 3109,4112 3199,4112 3288,4112 3378,4124"/>
                <TextEquiv>
                    <Unicode>und seinen Kindern, und dann schien es ihn heiter zurückzutragen</Unicode>
                </TextEquiv>
            </TextLine>
            <TextLine id="tr_1_tl_12" custom="readingOrder {index:11;}">
                <Coords points="407,4299 2192,4352 2440,4271 2933,4368 3278,4312 3278,4173 407,4190"/>
                <Baseline points="429,4279 513,4279 602,4279 692,4279 781,4285 871,4279 961,4279 1050,4279 1140,4279 1229,4279 1319,4273 1408,4273 1498,4273 1587,4273 1677,4273 1766,4273 1856,4273 1945,4273 2035,4273 2124,4273 2214,4273 2304,4267 2393,4267 2483,4267 2572,4267 2662,4273 2751,4273 2841,4273 2930,4267 3020,4267 3109,4273 3199,4273 3288,4273"/>
                <TextEquiv>
                    <Unicode>in seine eigne Kindheit, - sein Gesicht war auch ganz heiter,</Unicode>
                </TextEquiv>
            </TextLine>
            <TextLine id="tr_1_tl_13" custom="readingOrder {index:12;}">
                <Coords points="390,4503 3343,4478 3343,4303 390,4348"/>
                <Baseline points="411,4434 489,4428 578,4428 668,4434 758,4434 847,4434 937,4428 1026,4428 1116,4428 1205,4428 1295,4428 1384,4428 1474,4428 1563,4422 1653,4422 1742,4428 1832,4422 1922,4422 2011,4422 2101,4428 2190,4428 2280,4422 2369,4422 2459,4422 2548,4422 2638,4422 2727,4422 2817,4422 2906,4422 2996,4422 3085,4422 3175,4422 3265,4422 3354,4428"/>
                <TextEquiv>
                    <Unicode>kindlich geradezu. Zu so was Schönem, als er da geträumt haben</Unicode>
                </TextEquiv>
            </TextLine>
            <TextLine id="tr_1_tl_14" custom="readingOrder {index:13;}">
                <Coords points="382,4641 1493,4588 2221,4641 2424,4596 2424,4474 1912,4511 1119,4442 748,4539 382,4511"/>
                <Baseline points="405,4578 465,4584 555,4584 644,4584 734,4584 823,4584 913,4584 1002,4578 1092,4578 1181,4578 1271,4578 1360,4578 1450,4578 1539,4578 1629,4578 1719,4578 1808,4578 1898,4572 1987,4572 2077,4572 2166,4572 2256,4578 2345,4578 2435,4572"/>
                <TextEquiv>
                    <Unicode>muss... würde er kaum wider erwacht sein.</Unicode>
                </TextEquiv>
            </TextLine>
            <TextLine id="tr_1_tl_15" custom="readingOrder {index:14;}">
                <Coords points="110,4832 3250,4812 3250,4641 2937,4600 2392,4592 2225,4690 1493,4588 110,4641"/>
                <Baseline points="131,4733 214,4739 304,4739 393,4739 483,4745 573,4739 662,4739 752,4739 841,4739 931,4739 1020,4739 1110,4739 1199,4733 1289,4733 1378,4733 1468,4733 1557,4733 1647,4733 1736,4733 1826,4733 1916,4733 2005,4733 2095,4733 2184,4733 2274,4733 2363,4733 2453,4733 2542,4733 2632,4733 2721,4733 2811,4733 2900,4739 2990,4739 3079,4733 3169,4733 3259,4727"/>
                <TextEquiv>
                    <Unicode>Berger: Sagen Sie, Medardus, haben Sie denn gar keine Angst, dass</Unicode>
                </TextEquiv>
            </TextLine>
            <TextLine id="tr_1_tl_16" custom="readingOrder {index:15;}">
                <Coords points="370,4918 610,5007 1135,4897 2717,5011 3295,4914 3295,4812 370,4836"/>
                <Baseline points="393,4894 441,4900 531,4894 620,4894 710,4894 799,4894 889,4894 978,4894 1068,4894 1157,4894 1247,4894 1337,4894 1426,4894 1516,4894 1605,4894 1695,4888 1784,4888 1874,4894 1963,4894 2053,4894 2142,4894 2232,4894 2321,4894 2411,4894 2500,4894 2590,4888 2680,4894 2769,4894 2859,4900 2948,4894 3038,4894 3127,4894 3217,4894 3306,4888"/>
                <TextEquiv>
                    <Unicode>Sie wer bei den Franzosen anzeigt, - weil / Sie doch eigentlich</Unicode>
                </TextEquiv>
            </TextLine>
            <TextLine id="tr_1_tl_17" custom="readingOrder {index:16;}">
                <Coords points="1566,5324 1623,5312 1664,5320 1680,5304 1733,5320 1757,5320 1769,5304 1794,5316 1887,5304 1879,5101 1794,5080 1769,5056 1741,5076 1700,5072 1590,5011 1554,5027"/>
                <Baseline points="1581,5192 1671,5198 1760,5204 1850,5204 1892,5204"/>
                <TextEquiv>
                    <Unicode>- 196 -</Unicode>
                </TextEquiv>
            </TextLine>
        </TextRegion>
    </Page>
</PcGts>
