3763 5560
529 599 3348 961 meine Herren, schöner Tag heute, wenn wir nicht ein Gewitter
542 863 1723 1096 kriegen. Volken, Volken!
200 990 3470 1267 Schreubler: Den sollt ich ja kennen. Ja freilich... (Zum uralten Herrn)
509 1226 3242 1409 Na, wie gehts denn, Herr Grossvater. Varum denn so allein?
509 1368 3384 1560 Wie wir uns das letztemal g'sehn haben, da sind Sie mit einem
533 1486 3348 1739 kleinen Mäderl herumgegangen. Vissen Sie noch..? (Zu den An¬
1136 1621 1808 1747 nodhof einmal-
529 1617 3282 1890 dern.) wie die Agathe Klaehr und ihr Geliebter ist begraben
538 1837 1511 2004 worden, der Franzos.
599 1959 3376 2167 Herr (lustig): Ja, das kleine Mäderl, dass liegt jetzt auch
179 1930 554 2154 Uralter
533 2130 3258 2313 schon draussen auf dem Friedhof. Geboren am 12. April 1799,
521 2244 3449 2456 gestorben am 13. Mai 1809.... Für Verleugt auf der
1967 2370 2708 2496 Basler ist
179 2399 3311 2619 Ranger: — Ah, Sie sind doch darr. den das Inkerl erschossen worden
1548 2529 3592 2753 Stimer. Ab! der! Rückkef - der Hofrath
509 2590 1462 2798 ist auf der Bastei?
167 2704 3299 2936 Der uralte Herr: Ja, stimmt sehen. Die letzte von der Familie. Ein
509 2904 3246 3058 liehes, braves  Jetzt geh ich halt allein spazieren.
493 3022 2944 3217 (VIII weiter) Habe die Chse, mein Herre,
167 3193 3299 3384 Schreubler: Ah, da können s' nicht hinein, der Park ist abg' sperrt.
175 3356 2350 3555 Uralter Herr: So, warum ist er den abg' sperrt?
155 3523 3124 3755 Schreubler: Na, wissen's denn nicht, dass der Napolson da oben
497 3677 806 3832 wohnt?
859 3665 2081 3893 Wir wohnt der oben:
155 3832 3144 4064 Uralter Herr: Der Napoleont... Aha, weiss schon, weiß schon. Unter-
485 3995 2830 4203 ma halt wo anders hin. (Er geht pfeifend weiter.)
497 4195 3193 4476 (Vorn links begegnen sich Medardus und Elisabet. - Medardu
489 4480 3197 4679 sicht blass, aber keineswegs verstört und vernachlässigt an
481 4626 2688 4801 wie nach Bergers Bemerkungen zu vermuten war.)
2676 4716 2883 4956 dans la fois de
