3704 5336
1866 463 2353 772 peuvente
487 648 3483 933 Von wo mag sie kommen? Etzelt.. ihnen Sie nichts? (Wohin lässt er
503 881 3439 1082 sich looken.. Hier gehen gefährliche Dinge vor... Das ist keines
491 1026 3500 1299 seiner gewöhnlichen leichtfertigen Abenteuer... Das ist.. Wahnsinn
475 1122 1074 1352 ...
149 1259 2820 1516 Etzelt: Vielleicht...weiss ich ihn zu finden. (ab)
249 1444 1883 1653 Anna: Was ahnen Sie, Frau Klaehr?
233 1609 3463 1830 Frau Klahhr: Er ist uns verloren, Annerl, so oder/so. Tot oder leben-
475 1778 3339 1971 dig - bleibt er uns verloren. Das ists, was ich ahne. Veiter
455 1899 925 2136 nichts.
