3704 5384
519 482 1633 762 es hat nichts geholfen.
231 592 3230 952 Helene: Du hast einen Toten gesehn und das hat Dich um den Ver-
515 863 1649 1066 stand gebracht, Nerina.
211 1029 3432 1260 Herina: Dass er nicht tot ist, kann ich ruhig beschwören. Aber wenn
503 1212 3258 1455 ich um den Verstand gekommen bin, so wär es kein Wunder...
207 1301 2638 1536 Helene: So sprich doch endlich vernünftig, Nerina.
211 1491 3380 1714 Merina: Prinzessin, Sie wissen alles. Ich fand den jungen Mann auf
498 1674 3303 1836 dem Sofa liegend, sehr blass - aber höchst aufgeräumt. Auch
490 1820 3441 2018 seine Mutter sah ich und ein hübsches Fräulein, vielleicht sei-
478 1941 944 2152 ne Braut.
199 2051 555 2334 Helene:
669 2034 3153 2342 Villst Du mir über die Familienverhältnisse im Hause
466 2245 1682 2468 Klaehr Bericht erstatten?
195 2391 3323 2650 Nerina: Als man mich allein mit ihm gelassen, gab ich ihm die Elu-
454 2598 3254 2780 men - und ich möchte beinah glauben, davon wäre er lebendig
2711 2707 2954 2808 Lettre
474 2727 3189 2889 geworden, selbst, wenn er wirklich tot dagelegen wäre. Er
2808 2853 3295 2983 muderbach
454 2898 3522 3096 richtete sich auf, seine Augen begannen zu glänzen, er danktebene
466 3007 3404 3283 vielmehr er erklärte mir, dass er noch heute Abend seinen Dank
438 3145 1783 3360 persönlich abtsatten werde.
158 3299 3331 3578 Helene: Und bildet sich ein, dass ihn die Diener hereinlassen ver-
446 3477 669 3659 den?
150 3489 3088 3830 Nerins: Darum möchte es lieber durchs Gartennförtchen kommen.
146 3773 523 3955 Helene:
547 3789 2196 4012 Das natürlich versperrt sein wird.
130 3907 2671 4129 Merina: Auch das gab ich ihm zu bedenken; worauf....
134 4065 810 4263 Helene: vas?
142 4089 3347 4571 Merlin: Vorauf er erklärte, in diesem Zahl über die Mauer Mettern
349 4365 1009 4587 zu wollen.
97 4523 3355 4778 Helene: Nimm Dich in acht, Nerina... Denkst Du, weil ich mir manch¬
353 4737 3319 4936 mal von Dir Närrin, Deine särtlichen Abenteuer ersählen lasse,
559 4855 3266 5074 dass Du Dir Spässe von so zweifelhaften Geschmack gestat-
