3640 5464
399 652 3192 869 endlich zur Besinnung kommen.. unsere Brüder draussen! - Die
383 814 3326 1015 gehören doch am End zu uns und nicht zu den Franzosen. Und bei
379 960 2599 1126 Ingolstadt haben unsere Truppen stand gehalten.
146 1090 3330 1410 Eschenbacher: Gestern hath noch geheissen, es war ein Sieg. Standge-
379 1248 2635 1442 halten klingt schon beträchtlich bescheidener...
142 1402 2876 1588 Agathe (die indes gepackt hat): Nun ist alles beisammen.
134 1576 2090 1750 Eschenbacher: Fehlt nur Medardus selber.
138 1710 3286 1936 Frau Klaehr: Er will sich wohl nicht viel Zeit lassen zum Abschied
348 1860 3196 2094 nehmen. Seit heut früh hab ich ihn nicht gesehn. Am letzten
371 2022 3267 2236 Tag! - Wir werden noch froh sein müssen, wenn er zur Nacht mit
352 2125 908 2350 uns speist.
122 2319 3089 2477 Anna: Jetzt wird Ihnen wohl auch schwer ums Herz, Frau Klaehr.
134 2461 3243 2698 Frau Klaehr: Nicht eben leicht, aber schwer auch nicht. Denn dies-
344 2611 3239 2808 mal glaub ich, ist er auf dem rechten weg. Nun kann er sein un-
336 2781 3073 2982 bändig Wesen walten lassen, und es ist doch nicht ins leere
336 2911 3140 3148 und wüste. (zu Anna) (indes steht Agathe bei Eschenbacher)
332 3061 3117 3278 Und da wir eben von ihm reden, Annerl, ich an Deiner Stelle
336 3200 2824 3417 schlüg mir eine gewisse Sache endgiltig aus dem Kopf.
103 3361 1039 3559 Anna: Welche denn?
691 3413 1205 3587 schimed.)
99 3523 3136 3784 Frau Klaehr:/ Du weisst schon, Annerl. Medardus ist ja doch nicht
300 3693 3267 3883 der rechte Mann für Dich, wenn er überhaupt für eine der rechten
320 3859 3148 4057 ist. Und nun, da er fortgeht, solltest pu Dir gleich bewusst
296 3966 3049 4183 werden, in welcher Art Du seiner zu denken hast. Sollst es
308 4163 3342 4357 spüren und wissen, dass Du keinen präutigam ziehn lässt, sonderm
296 4262 2516 4519 einen lieben Spielkameraden aus der Kinderzeit.
87 4464 3034 4677 Anna: Verzeihen Sie, Frau Klaehr, aber das ist doch wohl meine
265 4618 3188 4787 Sache allein. Wenn ich mich sehne, wenn Ich warte, spürt doch
276 4772 3073 5032 wohl kein anderer mein Leid als ich. Und noch eins will ich
1548 5032 1813 5218 - 14 -
2516 5048 2745 5218 3
