3800 5496
2989 590 3353 727 an essen
508 492 1590 836 seine srei hören längern
528 742 883 985 deren)
199 778 3189 1114 Eschenbacher: Gemach, Schwester, diesmal könnt es anders kommen.
539 1012 3462 1250 ernst werden. Auch mit der Bürgermilis. Und wenns doch wieder
516 1204 3341 1430 Spass gewesen ist, oder was Schlimmeres, so soll auch meine
543 1305 3130 1575 Uniform nichts andres gewesen sein als eine Maskerade.
250 1520 1852 1727 Etzelt (sehr eilig): Guten Tag.
270 1676 1969 1868 Frau Klathr: Was ist denn, Etzelt?
250 1774 3204 2032 Itzelt: Ich bitte, es ist durchaus kein Grund zu erschrecken.
270 1985 1219 2180 Anna: Medardus...?
270 2079 3388 2376 Etselt: Vri wird sofort hier sein. Es hat sich nur ein kleiner Un-
547 2255 2622 2446 fall ereignet, kein besonders gefährlicher.
258 2419 1887 2653 Frau Klaehr: Etzelt!! Wo ist er?
262 2524 3372 2825 Etzelt: Er kommt sofort. Nur die Treppt herauf hilft man ihm ein
570 2778 867 2942 wenig.
277 2903 1332 3110 Anna (stürst hinaus).
281 3005 2122 3274 Frau Klaehr: Etzelt! was ist geschehn?
277 3181 3001 3466 Etzelt: Eine kleine Verwundung. Ein leichter Degenstich.
277 3360 1332 3564 Frau Klaehr (hinaus).
289 3505 1520 3720 Eschenbacher: Ein Duell?
2845 3462 3349 3681 Mayne
281 3654 3427 3837 Etzelt: Ja. Mit einem Verwandten des Herzogs. Mit dem Vtoente von
625 3786 879 3892 Valn
641 3786 2634 4029 xxy..Ein Vortwechsel auf dem Friedhof...
281 3876 1754 4177 Eschenbacher: Der..Kindskopf!
2673 3888 3575 4169 hell in the present
277 4060 3349 4333 Anna (rasch herein): Es kann so schlimm nicht sein. Er geht..er
551 4259 2364 4490 lacht. Man stützt ihn nur ein wenig.
270 4392 3232 4626 Etzelt: Gewiss ist es nicht so schlimm. Ich sagt es ja gleich.
277 4576 3247 4818 Medardus (herein, gestützt auf den Arzt und auf seine Mutter).
2219 4724 2563 4908 Dienstw.
1082 4736 1794 4955 (Hinter ihnen I
