3800 5528
815 358 1306 641 Mrs
456 515 3357 838 Erzherweg in die Burg, dass er den kündigsten nicht aufsitzte
299 767 3187 980 Aus der innen auf, Adjutant st. Mars und Frempeter reiten
445 940 3266 1125 verein. Die Wache am Tor salutiert. Der Adjutant und der Tron-
394 1133 3176 1330 ter werden von zwei Bürgergardisten begleitet und reiten Tage
421 1259 677 1421 ab.)
791 1240 1539 1460 auf der Strein
130 1358 2180 1625 wachshuber (unten): Was heisst denn das?
645 1503 1023 1621 selene
181 1554 1680 1763 Stiefler:/ Was wollen denn die?
165 1708 3270 1881 -Ein Gardtett/Sie bringen eine Meldung vom Marschall Lannes an den
460 1842 2030 2046 Erzherzog Maximilian in die Burg.
1291 1979 1511 2058 my
181 1964 3298 2219 Wachshuber: Was... Und xxx lasst so ohne weiteres die Franzosen in
468 2160 1299 2349 die Stadt herein?
1971 2184 2562 2389 Leben Palen
197 2204 626 2396 Grenarder
205 2345 3195 2542 Gardist: Das ist ja ein Abgesandter. xxx die weisse Fahne
472 2463 1157 2668 nicht gesehen?
185 2566 3211 2853 Wachshuber: A was, Abgesandter, Franzos is Franzes. Da kann eine
484 2798 2306 2975 abgefeimte Bewandttis dahinter stecken.
181 2959 3278 3113 Eschenbacher mitt plötzlich unter sie /: Was wird denn hier für
468 3069 2550 3274 ein Unsinn geredet. Man sollte sich schämen.
205 3270 3262 3486 Wachshuber: O, der Herr Eschenbacher, habe die Ehre, Herr Eschen-
480 3423 862 3608 bacher.
193 3538 1665 3754 Eschenbacher (wendet sich ab).
185 3734 2306 3959 Stiefler (plötzlich): Hoch Kaiser Franz...
181 3884 1535 4100 Einige: Hoch, Kaiser Franz.
193 4026 1767 4238 Nicht Nieder mit den Franzosen.
193 4175 1763 4407 Einige: Nieder mit den Franzosen.
181 4368 3345 4561 Wachshuber: Jedenfalls wärs interessant zu erfahren, was die in der
433 4510 1649 4714 Burg ausgerichtet haben.
2231 4486 3384 4844 die Stückheilen
472 4628 2015 4883 (Wachshuber, Stiefler und einige
