3755 5496
636 656 3486 971 die Feinde und da herüben, das sind die Freunde. Das ist grad,
636 867 3362 1107 wie Dein kleiner Bruder die Soldaten g'habt hat, die grünen
640 991 2950 1247 und die roten, mit denen er alleweil g'spielt hat.
308 1167 2970 1387 Das kleine Mädchen (weinend): Ich will heim, Grossvater.
312 1327 3514 1571 Jolsdorf (zu ihm hin): Was macht Ihr denn da, alter Mann, Schauten
628 1507 3470 1687 dass Ihr heimkommt mit dem Kind. Es ist kein gutes Vetter heut
612 1583 2434 1823 für alte Leut und für junge auch nicht.
292 1763 3338 2047 Uralter Mann: Ah, Sie meinen wegen dem bisserl schiessen, ha, mir
612 1947 3374 2203 g'schieht nix. (Zu Greterl) Bum, hum, sixt es, das ist der
620 2051 931 2235 Krieg.
544 2143 1487 2387 Will I have had
268 2239 3470 2578 Ein Garstist (ellends zu Jolsdorf): Herr Lieutenant, beim Poten Turm
612 2490 2770 2646 soll eine weisse Fahne aufgesteckt worden sein.
280 2630 3210 2766 Jolsdorf: Soll..ver hat as denn gesennen 10-7 Uhr den
480 2730 780 2834 noile.
272 2774 3390 2966 Gafdist: Es hats offenbar einer dem andern gesagt und kommt so über
592 2926 2534 3102 die Bastein weiter bis zu uns. Leibe
276 3066 2267 3274 Jolsdorf: An uns ist kein Befehl ergangen.
732 3198 903 3298 letz
260 3166 3342 3438 Ein zwetter nächst (kommt): Herr Lieutend, von Kärntnertop ist
8 3238 556 3558 Schiff mann
568 3418 3346 3594 -die Meldung gekommen, dass Erzherzog Maximilian über die Do-
568 3506 3226 3718 nau marschiert ist und dass der General Greilly Vollmacht hat,
576 3714 2682 3906 die Uebergabe und Kapitulation abzuschliessen.
240 3834 3382 4057 Jolsdorf: Ja, da er das Kommando hat, hat er natürlich auch die Voll-
556 4013 3418 4257 macht. Aber er hat keinen Gebrauch davon gemacht. (Mit Beiden
556 4141 1275 4345 gegen rechts.)
556 4293 831 4361 Herr
208 4217 3418 4509 Uralter Mann: Na, Greterl, was ist denn? Bist Du so müd? Na, Graterl,
556 4473 3282 4625 so steh doch auf. Wir gehn nach Haus. Ich bitt schön, helfen
548 4621 3370 4861 Sie mir. (Zum eben vorübereilenden Eschenbacher.) Das Mäderl
516 4785 2610 4989 ist so müd, sie will gar nicht mehr aufstehn.
