3755 5899
359 348 1213 569 Etselt Unrelsge
2726 478 3022 672 all
561 521 956 719 re la
2579 620 3093 798 Décrier des
521 687 3638 940 erinnern Sie sich wohl, an Sie in einer Stunde, zum erstenmal, da die
486 794 885 912 Liebe
490 881 3358 1066 Zu dieser seltsamen und elenden Frau Sie schon beinahe um den
506 1027 3275 1228 Verstand gebracht hat. Man kannt auch die albernen Gerüchte,
2319 1169 2540 1268 dier
486 1181 3172 1398 die in der letzten Zeit über die Frau Vicomtesse und übere
486 1335 3350 1505 Seine Majestät umgelaufen sind. Es konnte wohl nicht Ihre Ab-
1892 1462 2176 1560 bart
482 1473 3302 1698 sicht sein, zuerst die Frau Vicomtesse und dann den Kaiser zu
474 1627 3278 1876 erfolchen. Das wäre etwas viel für einen Vormittag. Es hätte
450 1797 3464 2058 auch sonst Schwierigkeiten gehabt, die Sie voraussehen konnten.
462 1904 2895 2153 Also lassen wirs genug sein...und folgen Sie mir...
1604 2074 2552 2180 that i do nicht
194 2050 3365 2350 Medardus: Es war nicht meine Absicht die Vicomtesse zu töten, Herr
474 2240 3429 2457 General. Ich wusste nicht einmal, dass sie zum Empfange erschei-
450 2394 3342 2650 nen sollte. Ich wartete mit der Absicht Ihren Kaiser zu ermer-
2188 2544 2646 2654 Mayuise
442 2536 3334 2769 ###. Ich war nicht xxx Retter, Die Vicchtesse war seine Ret-
446 2706 3425 2919 torin. Wäre sie mir nicht in den Vog gekommen, so hätt' ich go-
1758 2868 3492 2990 verricht, den Kaiser zu leiten.
462 2816 1710 3053 ten, wes meine Absicht war.
1868 2962 3646 3180 es wäre mir gelungen! (Blich auf Elyck)
715 2990 3365 3239 Glauben Sie ihn nicht, Herr General. Ich weiss es bes-
944 3120 1620 3219 in in der Lage.
415 3164 2137 3377 ser! Ich könnte Beweise erbringen...
2915 3200 3405 3512 Vorsatz
190 3239 3203 3500 Medardus: Ich schwör es, dass es meine feste und einzige Absteht
415 3504 3140 3674 var, den Kaiser zu töten. -Wann sie mir nicht aufs Wort glas¬
3160 3500 3338 3741 F.M.
2627 3634 3089 3752 Sinde
391 3618 3065 3867 Herr General, so könnt ich Zeugen nennen, die es Ihnen
1778 3760 3006 3942 sofielen sie und mich in der
352 3764 1679 3990 Rit bestätigen wüssten.
2188 3867 2532 4021 wollten
174 3832 3176 4136 Rapp: Es bedarf deren nicht. Ich sehe auch, dass Sie bei klaren
379 4045 3124 4270 Verstande sind. Mir bleibt nichts andres übrig, als Seiner
419 4262 3235 4436 Majestät Meldung zu erstatten, weshalb Sie zu erscheinen sich
403 4404 3018 4614 weigern. Wir wollen hören, ob er es gelten lässt. (ab)
2520 4586 3022 4728 entgegen
257 4554 2445 4819 tselt: Medardus, Unseliger, was sollte dies sagt
2524 4693 2943 4835 Künis?.. Wom.
348 4799 3136 4977 Deine ehrliche Absicht wäre, - merkst Du denn nicht, dass Du
2599 4938 3152 5119 alle mich
502 4922 1169 5135 Schibial.
