<?xml version="1.0" encoding="UTF-8" standalone="yes"?>
<PcGts xmlns="http://schema.primaresearch.org/PAGE/gts/pagecontent/2013-07-15" xmlns:xsi="http://www.w3.org/2001/XMLSchema-instance" xsi:schemaLocation="http://schema.primaresearch.org/PAGE/gts/pagecontent/2013-07-15 http://schema.primaresearch.org/PAGE/gts/pagecontent/2013-07-15/pagecontent.xsd">
    <Metadata>
        <Creator>prov=READ-COOP:name=TrHtr:version=2.1.0:model_id=51170:date=15_08_2023_10:01</Creator>
        <Created>2023-05-10T15:11:30.994+02:00</Created>
        <LastChange>2023-08-15T10:01:28.982+02:00</LastChange>
        <TranskribusMetadata docId="1429033" pageId="55436878" pageNr="364" tsid="132846548" status="IN_PROGRESS" userId="64420" imgUrl="https://files.transkribus.eu/Get?id=TEFQAUQHEZLXJJYXMVJPXIFJ&amp;fileType=view" xmlUrl="https://files.transkribus.eu/Get?id=HPSVJQDTQMJYTCAMNLLQVBAC" imageId="44710867"/>
    </Metadata>
    <Page imageFilename="1429033_0364.jpg" imageWidth="3736" imageHeight="5480">
        <ReadingOrder>
            <OrderedGroup id="ro_1711800759922" caption="Regions reading order">
                <RegionRefIndexed index="0" regionRef="tr_2"/>
                <RegionRefIndexed index="1" regionRef="tr_3"/>
                <RegionRefIndexed index="2" regionRef="tr_1"/>
            </OrderedGroup>
        </ReadingOrder>
        <TextRegion id="tr_2" custom="readingOrder {index:0;}">
            <Coords points="214,696 3396,696 3396,1836 214,1836"/>
            <TextLine id="tr_2_tl_1" custom="readingOrder {index:0;}">
                <Coords points="439,797 2815,766 3014,848 3391,793 3391,583 2804,521 2372,665 1723,696 439,591"/>
                <Baseline points="459,746 549,746 638,746 728,746 817,746 907,746 996,746 1086,746 1175,746 1265,746 1355,752 1444,752 1534,746 1623,746 1713,752 1802,752 1892,758 1981,758 2071,758 2160,758 2250,758 2340,752 2429,758 2519,752 2608,752 2698,752 2787,758 2877,758 2966,758 3056,758 3145,758 3235,752 3325,752 3396,752"/>
                <TextEquiv>
                    <Unicode>tun, bin ich hieher gekommen. Dass sie Deiner Mutter den Bruder</Unicode>
                </TextEquiv>
            </TextLine>
            <TextLine id="tr_2_tl_2" custom="readingOrder {index:1;}">
                <Coords points="439,961 1283,910 1653,1007 1991,902 3169,988 3224,778 2994,852 2555,762 2314,856 439,797"/>
                <Baseline points="459,895 549,895 638,895 728,895 817,895 907,895 996,895 1086,895 1175,895 1265,901 1355,901 1444,901 1534,901 1623,901 1713,901 1802,901 1892,907 1981,901 2071,907 2160,907 2250,907 2340,913 2429,907 2519,907 2608,907 2698,907 2787,907 2877,907 2966,907 3056,907 3145,907 3235,907 3241,901"/>
                <TextEquiv>
                    <Unicode>umgebracht haben... kümmert mich so wenig... als Dich... das Los</Unicode>
                </TextEquiv>
            </TextLine>
            <TextLine id="tr_2_tl_3" custom="readingOrder {index:2;}">
                <Coords points="1816,984 1863,980 1940,1007 2030,996 2127,1015 2123,937 2080,953 2053,933 2014,926 1991,902 1940,918 1921,898 1863,922 1839,945 1816,945"/>
                <Baseline points="1838,978 1928,978 2017,984 2107,990 2131,996"/>
                <TextEquiv>
                    <Unicode>kalnt</Unicode>
                </TextEquiv>
            </TextLine>
            <TextLine id="tr_2_tl_4" custom="readingOrder {index:3;}">
                <Coords points="443,1066 3212,1116 3208,968 3045,945 2131,1031 1478,929 443,972"/>
                <Baseline points="465,1044 555,1044 644,1044 734,1044 823,1044 913,1044 1002,1044 1092,1050 1181,1050 1271,1050 1361,1050 1450,1050 1540,1050 1629,1050 1719,1056 1808,1056 1898,1056 1987,1062 2077,1062 2166,1056 2256,1056 2346,1056 2435,1056 2525,1056 2614,1056 2704,1056 2793,1056 2883,1056 2972,1056 3062,1056 3151,1056 3217,1050"/>
                <TextEquiv>
                    <Unicode>eines vertriebenen Herzogs von Benry...Ich weiss es wohl: Un-</Unicode>
                </TextEquiv>
            </TextLine>
            <TextLine id="tr_2_tl_5" custom="readingOrder {index:4;}">
                <Coords points="439,1256 3189,1291 3185,1151 2847,1108 439,1128"/>
                <Baseline points="459,1199 549,1193 638,1193 728,1199 817,1199 907,1199 996,1199 1086,1199 1175,1199 1265,1199 1355,1199 1444,1199 1534,1199 1623,1199 1713,1205 1802,1199 1892,1205 1981,1205 2071,1205 2160,1211 2250,1211 2340,1211 2429,1211 2519,1211 2608,1211 2698,1217 2787,1211 2877,1211 2966,1211 3056,1211 3145,1211 3193,1217"/>
                <TextEquiv>
                    <Unicode>sere Leiden sehen einander mit fremden Augen an. Aber unser</Unicode>
                </TextEquiv>
            </TextLine>
            <TextLine id="tr_2_tl_6" custom="readingOrder {index:5;}">
                <Coords points="432,1388 3169,1377 3169,1256 2948,1225 2209,1299 432,1248"/>
                <Baseline points="453,1343 543,1349 632,1343 722,1349 811,1349 901,1349 990,1349 1080,1349 1170,1355 1259,1349 1349,1349 1438,1355 1528,1355 1617,1355 1707,1355 1796,1355 1886,1355 1975,1361 2065,1361 2154,1361 2244,1361 2334,1361 2423,1361 2513,1361 2602,1361 2692,1361 2781,1361 2871,1361 2960,1361 3050,1361 3139,1355 3175,1355"/>
                <TextEquiv>
                    <Unicode>Hass, Medardus, Deiner und meiner, die sind blutsverwandt -</Unicode>
                </TextEquiv>
            </TextLine>
            <TextLine id="tr_2_tl_7" custom="readingOrder {index:6;}">
                <Coords points="432,1563 1241,1532 1816,1594 1964,1524 2220,1532 2220,1412 1241,1451 432,1388"/>
                <Baseline points="453,1492 543,1498 632,1498 722,1498 811,1498 901,1498 990,1498 1080,1498 1170,1504 1259,1504 1349,1504 1438,1504 1528,1510 1617,1510 1707,1510 1796,1510 1886,1510 1975,1510 2065,1510 2154,1516 2232,1510"/>
                <TextEquiv>
                    <Unicode>und könnten sich verstehn, denk ich...</Unicode>
                </TextEquiv>
            </TextLine>
            <TextLine id="tr_2_tl_8" custom="readingOrder {index:7;}">
                <Coords points="218,1699 2843,1695 2843,1590 2582,1552 218,1583"/>
                <Baseline points="238,1659 328,1653 417,1647 507,1647 596,1653 686,1653 776,1653 865,1653 955,1653 1044,1653 1134,1653 1223,1653 1313,1653 1402,1659 1492,1659 1581,1659 1671,1659 1761,1659 1850,1659 1940,1659 2029,1659 2119,1659 2208,1659 2298,1665 2387,1665 2477,1665 2566,1665 2656,1665 2745,1671 2835,1671 2853,1671"/>
                <TextEquiv>
                    <Unicode>Medardus: Auch meinem Hass steht Einsamkeit besser an...</Unicode>
                </TextEquiv>
            </TextLine>
            <TextLine id="tr_2_tl_9" custom="readingOrder {index:8;}">
                <Coords points="194,1867 3235,1867 3235,1719 2885,1664 2602,1758 194,1711"/>
                <Baseline points="214,1802 304,1802 393,1802 483,1802 573,1802 662,1802 752,1802 841,1802 931,1808 1020,1802 1110,1808 1199,1808 1289,1808 1378,1808 1468,1808 1558,1808 1647,1808 1737,1814 1826,1814 1916,1814 2005,1814 2095,1814 2184,1814 2274,1814 2363,1814 2453,1814 2543,1814 2632,1814 2722,1814 2811,1814 2901,1814 2990,1814 3080,1820 3169,1826 3247,1820"/>
                <TextEquiv>
                    <Unicode>Helene: Solang er blind und stumpf in sinnloses Dunkel starrt.</Unicode>
                </TextEquiv>
            </TextLine>
        </TextRegion>
        <TextRegion id="tr_3" custom="readingOrder {index:1;}">
            <Coords points="220,1902 3289,1902 3289,3048 220,3048"/>
            <TextLine id="tr_3_tl_1" custom="readingOrder {index:0;}">
                <Coords points="439,2014 3216,2030 3212,1886 3111,1847 436,1874"/>
                <Baseline points="459,1957 549,1952 638,1952 728,1952 817,1952 907,1957 996,1952 1086,1952 1175,1957 1265,1957 1355,1957 1444,1963 1534,1957 1623,1957 1713,1957 1802,1957 1892,1957 1981,1957 2071,1957 2160,1957 2250,1957 2340,1957 2429,1957 2519,1957 2608,1957 2698,1957 2787,1963 2877,1963 2966,1957 3056,1963 3145,1963 3223,1963"/>
                <TextEquiv>
                    <Unicode>Aber das wird nicht dauern... Du bist ein Maand Heinrich nicht</Unicode>
                </TextEquiv>
            </TextLine>
            <TextLine id="tr_3_tl_2" custom="readingOrder {index:1;}">
                <Coords points="432,2143 2364,2213 2450,2127 3232,2139 3232,2022 1905,1975 432,2069"/>
                <Baseline points="453,2107 543,2107 632,2107 722,2107 811,2107 901,2107 990,2107 1080,2107 1170,2107 1259,2107 1349,2107 1438,2113 1528,2113 1617,2113 1707,2113 1796,2113 1886,2113 1975,2113 2065,2113 2154,2113 2244,2113 2334,2113 2423,2113 2513,2113 2602,2119 2692,2113 2781,2119 2871,2113 2960,2119 3050,2119 3139,2113 3229,2113 3241,2119"/>
                <TextEquiv>
                    <Unicode>nicht, Medardus? Ich hielt mich in den Armen - und ist auch</Unicode>
                </TextEquiv>
            </TextLine>
            <TextLine id="tr_3_tl_3" custom="readingOrder {index:2;}">
                <Coords points="439,2333 867,2259 1517,2349 2174,2267 3278,2333 3278,2182 3006,2135 2454,2127 2364,2213 439,2166"/>
                <Baseline points="459,2256 549,2256 638,2256 728,2256 817,2256 907,2256 996,2262 1086,2256 1175,2262 1265,2262 1355,2262 1444,2262 1534,2262 1623,2262 1713,2262 1802,2268 1892,2268 1981,2268 2071,2268 2160,2262 2250,2268 2340,2268 2429,2268 2519,2268 2608,2268 2698,2268 2787,2268 2877,2268 2966,2268 3056,2268 3145,2268 3235,2268 3289,2268"/>
                <TextEquiv>
                    <Unicode>die Lust des Franks verweht, von dem unsra Lippen noch feucht</Unicode>
                </TextEquiv>
            </TextLine>
            <TextLine id="tr_3_tl_4" custom="readingOrder {index:3;}">
                <Coords points="443,2442 3072,2477 3072,2283 1804,2384 1307,2298 443,2329"/>
                <Baseline points="465,2405 555,2411 644,2411 734,2411 823,2411 913,2411 1002,2417 1092,2411 1181,2411 1271,2417 1361,2417 1450,2417 1540,2417 1629,2417 1719,2417 1808,2417 1898,2417 1987,2417 2077,2417 2166,2417 2256,2417 2346,2417 2435,2417 2525,2423 2614,2423 2704,2423 2793,2423 2883,2423 2972,2423 3062,2423 3080,2423"/>
                <TextEquiv>
                    <Unicode>und heiss sind - wer Du bist... hab ich nicht vergessen...</Unicode>
                </TextEquiv>
            </TextLine>
            <TextLine id="tr_3_tl_5" custom="readingOrder {index:4;}">
                <Coords points="198,2613 3123,2629 3123,2493 2788,2438 198,2493"/>
                <Baseline points="220,2566 268,2566 358,2560 447,2560 537,2566 626,2560 716,2560 805,2566 895,2566 984,2566 1074,2566 1164,2566 1253,2566 1343,2566 1432,2566 1522,2566 1611,2566 1701,2566 1790,2572 1880,2572 1969,2566 2059,2566 2149,2566 2238,2566 2328,2572 2417,2566 2507,2572 2596,2578 2686,2578 2775,2578 2865,2578 2954,2578 3044,2572 3133,2560"/>
                <TextEquiv>
                    <Unicode>Medardus: Was bedeuten diese Wortet Was willet Du, Hølene -,</Unicode>
                </TextEquiv>
            </TextLine>
            <TextLine id="tr_3_tl_6" custom="readingOrder {index:5;}">
                <Coords points="350,2691 404,2660 626,2683 766,2652 1128,2668 1132,2582 1003,2602 894,2570 821,2613 719,2563 599,2617 354,2590"/>
                <Baseline points="376,2644 465,2656 555,2662 614,2669 614,2669 692,2650 782,2650 871,2644 961,2644 1050,2644 1140,2650"/>
                <TextEquiv>
                    <Unicode>aber ich will ihr</Unicode>
                </TextEquiv>
            </TextLine>
            <TextLine id="tr_3_tl_7" custom="readingOrder {index:6;}">
                <Coords points="206,2784 2520,2734 2808,2819 3123,2734 3123,2652 2263,2586 206,2664"/>
                <Baseline points="226,2734 250,2722 340,2716 429,2716 519,2716 614,2708 614,2708 710,2716 799,2722 889,2722 978,2722 1068,2722 1158,2722 1247,2722 1337,2722 1426,2722 1516,2722 1605,2728 1695,2722 1784,2722 1874,2728 1963,2728 2053,2728 2143,2728 2232,2722 2322,2722 2411,2728 2501,2728 2590,2728 2680,2728 2769,2722 2859,2728 2948,2728 3038,2728 3128,2722 3133,2722"/>
                <TextEquiv>
                    <Unicode>Helene:  Deinen Kass sehend machen, Medardus. (Herr und Jagen zum</Unicode>
                </TextEquiv>
            </TextLine>
            <TextLine id="tr_3_tl_8" custom="readingOrder {index:7;}">
                <Coords points="451,2878 3274,2963 3274,2777 3064,2742 2808,2819 2633,2738 2158,2819 451,2761"/>
                <Baseline points="471,2871 561,2871 650,2871 740,2871 829,2871 919,2871 1008,2871 1098,2871 1187,2871 1277,2877 1367,2877 1456,2877 1546,2877 1635,2877 1725,2877 1814,2877 1904,2883 1993,2883 2083,2883 2172,2883 2262,2877 2351,2877 2441,2877 2531,2883 2620,2883 2710,2883 2799,2883 2889,2883 2978,2883 3068,2883 3157,2883 3247,2883 3283,2883"/>
                <TextEquiv>
                    <Unicode>Weiterstürmen auf leuchtender Strasse, einem Zielau, das er</Unicode>
                </TextEquiv>
            </TextLine>
            <TextLine id="tr_3_tl_9" custom="readingOrder {index:8;}">
                <Coords points="432,3057 2586,3076 2586,2932 813,2909 432,2983"/>
                <Baseline points="453,3026 543,3026 632,3026 722,3026 811,3026 901,3032 990,3026 1080,3026 1170,3026 1259,3026 1349,3026 1438,3026 1528,3026 1617,3032 1707,3032 1796,3032 1886,3032 1975,3032 2065,3032 2154,3032 2244,3032 2334,3026 2423,3032 2513,3038 2590,3038"/>
                <TextEquiv>
                    <Unicode>in seinen blinden Träumen kaum noch ahnen mag.</Unicode>
                </TextEquiv>
            </TextLine>
        </TextRegion>
        <TextRegion id="tr_1" custom="readingOrder {index:2;}">
            <Coords points="202,3125 3330,3125 3330,5203 202,5203"/>
            <TextLine id="tr_1_tl_1" custom="readingOrder {index:0;}">
                <Coords points="194,3216 2108,3235 2139,3088 1944,3130 1816,3037 1567,3115 194,3115"/>
                <Baseline points="214,3181 304,3181 393,3181 483,3181 573,3175 662,3175 752,3175 841,3175 931,3181 1020,3181 1110,3181 1199,3181 1289,3181 1378,3187 1468,3181 1558,3181 1647,3181 1737,3181 1826,3187 1916,3187 2005,3181 2095,3187 2149,3181"/>
                <TextEquiv>
                    <Unicode>Medardus: Von welchem Ziele sprichst Du?</Unicode>
                </TextEquiv>
            </TextLine>
            <TextLine id="tr_1_tl_2" custom="readingOrder {index:1;}">
                <Coords points="202,3372 770,3418 1330,3356 1400,3418 1898,3360 1894,3259 1820,3235 1641,3278 1318,3220 1066,3259 848,3212 766,3267 420,3220 198,3282"/>
                <Baseline points="220,3336 310,3336 399,3330 489,3336 579,3336 668,3336 758,3330 847,3336 937,3330 1026,3330 1116,3336 1205,3336 1295,3336 1384,3336 1474,3336 1564,3336 1653,3336 1743,3336 1832,3336 1904,3336"/>
                <TextEquiv>
                    <Unicode>Helene: Nimm dieses Blatt, Medardus.</Unicode>
                </TextEquiv>
            </TextLine>
            <TextLine id="tr_1_tl_3" custom="readingOrder {index:2;}">
                <Coords points="194,3523 459,3593 1151,3508 2077,3523 2077,3442 1839,3379 1478,3430 1322,3356 988,3434 194,3391"/>
                <Baseline points="214,3492 304,3486 393,3486 483,3486 573,3492 662,3492 752,3492 841,3492 931,3492 1020,3486 1110,3492 1199,3486 1289,3486 1378,3486 1468,3486 1558,3486 1647,3486 1737,3486 1826,3492 1916,3492 2005,3492 2083,3492"/>
                <TextEquiv>
                    <Unicode>Medardus: Vas soll mir dieses Blatt....</Unicode>
                </TextEquiv>
            </TextLine>
            <TextLine id="tr_1_tl_4" custom="readingOrder {index:3;}">
                <Coords points="1023,3714 1276,3737 1396,3679 1695,3714 1750,3683 2042,3698 2042,3566 1894,3582 1765,3527 1598,3582 1272,3582 1167,3539 1023,3570"/>
                <Baseline points="1044,3647 1134,3641 1223,3641 1313,3641 1402,3641 1492,3641 1581,3641 1671,3641 1761,3641 1850,3641 1940,3641 2029,3641 2053,3647"/>
                <TextEquiv>
                    <Unicode>(Ferner Kanonendonner)</Unicode>
                </TextEquiv>
            </TextLine>
            <TextLine id="tr_1_tl_5" custom="readingOrder {index:4;}">
                <Coords points="179,3881 1388,3807 2473,3912 3251,3823 3247,3694 3049,3644 2555,3733 2244,3644 1839,3741 175,3698"/>
                <Baseline points="202,3802 292,3796 382,3796 471,3796 561,3796 650,3796 740,3796 829,3796 919,3796 1008,3796 1098,3802 1187,3802 1277,3796 1367,3796 1456,3796 1546,3796 1635,3796 1725,3796 1814,3796 1904,3796 1993,3802 2083,3796 2172,3802 2262,3802 2351,3796 2441,3796 2531,3790 2620,3796 2710,3796 2799,3796 2889,3796 2978,3802 3068,3808 3157,3808 3247,3808 3259,3802"/>
                <TextEquiv>
                    <Unicode>Halene: Es ist wie geschrieben, um im Morgengrauen dieses Tags ge-</Unicode>
                </TextEquiv>
            </TextLine>
            <TextLine id="tr_1_tl_6" custom="readingOrder {index:5;}">
                <Coords points="420,3970 548,3967 677,4021 863,3994 945,4037 1143,3970 1458,4072 1458,3877 1283,3893 1182,3838 1023,3885 968,3842 867,3904 805,3873 696,3900 420,3838"/>
                <Baseline points="441,3951 531,3951 620,3951 710,3951 799,3951 889,3951 978,3951 1068,3951 1158,3951 1247,3951 1337,3957 1426,3963 1468,3969"/>
                <TextEquiv>
                    <Unicode>lesen zu werden....</Unicode>
                </TextEquiv>
            </TextLine>
            <TextLine id="tr_1_tl_7" custom="readingOrder {index:6;}">
                <Coords points="198,4188 2104,4110 3302,4184 3325,3974 198,4029"/>
                <Baseline points="220,4101 310,4107 399,4107 489,4107 579,4107 668,4107 758,4112 847,4112 937,4107 1026,4107 1116,4107 1205,4101 1295,4101 1384,4107 1474,4107 1564,4107 1653,4107 1743,4107 1832,4107 1922,4101 2011,4107 2101,4107 2190,4101 2280,4107 2369,4101 2459,4101 2548,4107 2638,4101 2728,4101 2817,4107 2907,4107 2996,4107 3086,4107 3175,4107 3265,4107 3330,4107"/>
                <TextEquiv>
                    <Unicode>Medardus (liest): „Wir wollen hier in Paris den Anfang machen -?</Unicode>
                </TextEquiv>
            </TextLine>
            <TextLine id="tr_1_tl_8" custom="readingOrder {index:7;}">
                <Coords points="416,4309 3235,4305 3235,4142 420,4188"/>
                <Baseline points="441,4268 465,4268 555,4268 644,4268 734,4268 823,4262 913,4268 1002,4268 1092,4262 1181,4268 1271,4262 1361,4262 1450,4262 1540,4262 1629,4262 1719,4262 1808,4262 1898,4256 1987,4256 2077,4256 2166,4256 2256,4256 2346,4256 2435,4256 2525,4256 2614,4256 2704,4262 2793,4256 2883,4256 2972,4256 3062,4256 3151,4256 3241,4256"/>
                <TextEquiv>
                    <Unicode>Das können wir nicht. Das würde uns verderben. Und Buch. Zu-</Unicode>
                </TextEquiv>
            </TextLine>
            <TextLine id="tr_1_tl_9" custom="readingOrder {index:8;}">
                <Coords points="439,4492 3232,4453 3130,4301 439,4313"/>
                <Baseline points="459,4423 465,4417 555,4423 644,4423 734,4423 823,4423 913,4423 1002,4423 1092,4423 1181,4423 1271,4417 1361,4417 1450,4417 1540,4417 1629,4417 1719,4417 1808,4411 1898,4417 1987,4417 2077,4417 2166,4411 2256,4411 2346,4411 2435,4405 2525,4405 2614,4411 2704,4411 2793,4411 2883,4411 2972,4411 3062,4405 3151,4399 3241,4411"/>
                <TextEquiv>
                    <Unicode>erst muss die Arbeit getan sein, auf die es vor allem ankommt</Unicode>
                </TextEquiv>
            </TextLine>
            <TextLine id="tr_1_tl_10" custom="readingOrder {index:9;}">
                <Coords points="397,4632 2870,4620 3115,4597 3115,4460 397,4484"/>
                <Baseline points="417,4584 435,4578 525,4578 614,4578 704,4578 793,4578 883,4578 973,4578 1062,4578 1152,4572 1241,4572 1331,4572 1420,4566 1510,4566 1599,4566 1689,4566 1778,4566 1868,4572 1957,4572 2047,4566 2137,4566 2226,4566 2316,4560 2405,4560 2495,4560 2584,4560 2674,4560 2763,4560 2853,4560 2942,4554 3032,4554 3122,4554"/>
                <TextEquiv>
                    <Unicode>und die muss an Ort und Stelle getan werden. Wenn Ihr nur</Unicode>
                </TextEquiv>
            </TextLine>
            <TextLine id="tr_1_tl_11" custom="readingOrder {index:10;}">
                <Coords points="401,4787 3095,4764 3243,4740 3243,4628 401,4674"/>
                <Baseline points="423,4727 477,4733 567,4733 656,4733 746,4733 835,4733 925,4733 1014,4733 1104,4733 1193,4727 1283,4727 1372,4727 1462,4721 1552,4721 1641,4721 1731,4721 1820,4727 1910,4727 1999,4727 2089,4721 2178,4715 2268,4715 2357,4715 2447,4715 2537,4715 2626,4715 2716,4715 2805,4715 2895,4715 2984,4715 3074,4709 3163,4715 3253,4721"/>
                <TextEquiv>
                    <Unicode>zwölf entschlossene Männer habt, so erdrosselt ihn in seinem</Unicode>
                </TextEquiv>
            </TextLine>
            <TextLine id="tr_1_tl_12" custom="readingOrder {index:11;}">
                <Coords points="412,4950 3092,4931 3119,4756 2594,4834 2026,4752 412,4779"/>
                <Baseline points="435,4894 441,4894 531,4894 620,4894 710,4900 799,4894 889,4894 978,4894 1068,4889 1158,4889 1247,4889 1337,4883 1426,4883 1516,4883 1605,4883 1695,4883 1784,4883 1874,4883 1963,4883 2053,4883 2143,4877 2232,4877 2322,4877 2411,4877 2501,4871 2590,4871 2680,4871 2769,4871 2859,4871 2948,4871 3038,4865 3128,4871"/>
                <TextEquiv>
                    <Unicode>Bett, verft ihn in einem Sack... in die Donau....“..Ihn -?</Unicode>
                </TextEquiv>
            </TextLine>
            <TextLine id="tr_1_tl_13" custom="readingOrder {index:12;}">
                <Coords points="1625,5250 1668,5246 1711,5203 1738,5223 1773,5203 1867,5211 1882,5199 1917,5215 1917,5032 1870,5020 1828,5040 1808,5028 1746,5040 1723,5020 1676,5055 1657,5040 1625,5040"/>
                <Baseline points="1647,5193 1737,5193 1826,5193 1916,5193 1928,5193"/>
                <TextEquiv>
                    <Unicode>— 230 -</Unicode>
                </TextEquiv>
            </TextLine>
        </TextRegion>
    </Page>
</PcGts>
