3765 5913
99 671 1715 1017 Sorger: Herr Gott, wie die ausschauerte
360 880 2940 1150 (zu seiner Frau): Also siehst, die drei hat er doch be-
91 1028 285 1195 merk¬
315 1138 664 1320 digt.
387 1252 1813 1472 Die haben was mitgemacht!...
76 1263 319 1476 siger
87 1400 2155 1677 au Föderl (weint): Der arme Eschenbacher!
315 1559 2253 1798 (Die Leute stehen flüsternd beisammen.)
72 1715 3122 1939 in junger Mensch (eilt herbei). Der Kaiser reitet über die Baste
57 1882 3062 2178 in andrer (Kommt): Der Kaiser und die Generäle kommen über die
330 2045 1127 2231 Bastel geritten.
440 2151 2587 2401 (Entsprechende Bewegung in der Volksmenge.)
80 2219 3115 2557 timmen: Der Kaiser... Der Kaiser und die Garden! Im Galopp reiten
341 2436 3039 2739 sie über die Bastei. Dort! dortl dort!...Der Kaiser...Der
338 2648 694 2826 Kaiser!
349 2637 3354 2989 Man sieht fern über die Bastei in einem Staubwirbel Reiter
338 2925 3179 3194 vorüber jagen. - Bewgung unter der Volksmenge, manche laufen
349 3126 1131 3331 nach rückwärts.)
68 3217 2952 3467 Frau Klaehr (starrt auch nach der Bastei zu,mit einem Blick
338 3430 1514 3623 Medardus): Medardus....
61 3528 2481 3786 Medardus: Es ist der Mühe wert zu leben, Mutter!
80 3710 1377 3942 Frau Klaehr (sieht ihn an).
68 3847 1506 4124 Hedardus (ergreift ihre Hand).
