4472 5528
821 647 2909 898 Rabenau: Saublatt (Will es ihm entreissen)
813 890 3910 1098 Leibolt: Lass doch, es ist ja eine Wiener Zeitung. Sie berichtet
1052 990 4026 1190 nur, was in den Pariser Journalen zu lesen steht. - Oder meinst
1048 1167 2589 1352 Du etwa ich versteh französisch.
813 1302 2909 1553 Baumann: Die Schwindler! Die Schwadroneure!
809 1468 1799 1672 Rabenau: Die Hunde.
813 1603 3895 1845 Kribbling: Schweigt. So durftet Ihr früher reden und es war dumm
2600 1761 3144 1872 und begonnen
1059 1803 3822 1980 genug! Nun aber ist der Krieg erklärt, das ist just ebenso,
1048 1942 4026 2119 wie wenn zwei auf der Mensur sich gegenüberstehn, da wird nicht
1048 2088 3841 2269 mehr geschimpft, da wird gefochten. Und den ehrlichen Feind
1048 2246 2720 2439 bringt man in aller Höflichkeit um.
801 2404 3829 2600 Rabenau: Napoleon ein ehrlicher Feind!..Die Franzosen eherliche
1021 2539 1541 2720 Feindel...
774 2643 3799 2901 Leibolt: Ehrlich oder nicht... soll doch ganz nette Kerle unter
1036 2866 3953 3005 ihnen geben - nicht Roserl? Wie wars vor vier Jahren? Bei Euch
1040 2997 2654 3159 im Haus war ja einer einquartiert.
778 3132 3864 3356 Roserl: Was weiss ich? Damals war ich sechzehn und hab ihn, weiss
1021 3309 2358 3479 Gott, nicht einmal angesehn.
770 3463 3852 3687 Rabenau: Donnerwetter, so weiss sie gar nicht,ob der Vater ihres
1009 3602 3248 3764 Kindes einen Schnurrbart gehabt hat oder nicht.
1884 3745 2389 3964 (Gelächter)
767 3895 2123 4103 Roserl: Glaubt ihm nicht...
778 4037 3799 4226 Schellbacher (sehr feiner, etwas süsslicher junger Mensch): Wir
1009 4238 3983 4396 wollen was singen, meine Herren. Ein schönes Lied, wie es sich
994 4396 3860 4569 schickt zum Abschied von unsern Damen. Ich habe hier ein wun-
986 4558 3876 4696 derliebliches Poem mitgebracht, das keinen Geringern zum Ver-
959 4681 3695 4912 fasser hat, als unsern edeln vaterländischen Dichter, den
2242 4962 2485 5247 54
