<?xml version="1.0" encoding="UTF-8" standalone="yes"?>
<PcGts xmlns="http://schema.primaresearch.org/PAGE/gts/pagecontent/2013-07-15" xmlns:xsi="http://www.w3.org/2001/XMLSchema-instance" xsi:schemaLocation="http://schema.primaresearch.org/PAGE/gts/pagecontent/2013-07-15 http://schema.primaresearch.org/PAGE/gts/pagecontent/2013-07-15/pagecontent.xsd">
    <Metadata>
        <Creator>prov=READ-COOP:name=TrHtr:version=2.1.0:model_id=51170:date=15_08_2023_09:59</Creator>
        <Created>2023-05-10T15:10:33.069+02:00</Created>
        <LastChange>2023-08-15T09:59:52.481+02:00</LastChange>
        <TranskribusMetadata docId="1429033" pageId="55435120" pageNr="40" tsid="132846202" status="IN_PROGRESS" userId="64420" imgUrl="https://files.transkribus.eu/Get?id=JBZMXCNIBCKFUOYZGOWCRJTG&amp;fileType=view" xmlUrl="https://files.transkribus.eu/Get?id=FYEDBHGGAEQDEORUSUILCZGZ" imageId="44709110"/>
    </Metadata>
    <Page imageFilename="1429033_0040.jpg" imageWidth="4472" imageHeight="5448">
        <ReadingOrder>
            <OrderedGroup id="ro_1711799891444" caption="Regions reading order">
                <RegionRefIndexed index="0" regionRef="tr_1"/>
                <RegionRefIndexed index="1" regionRef="tr_3"/>
                <RegionRefIndexed index="2" regionRef="tr_2"/>
            </OrderedGroup>
        </ReadingOrder>
        <TextRegion id="tr_1" custom="readingOrder {index:0;}">
            <Coords points="997,350 4253,350 4253,1843 997,1843"/>
            <TextLine id="tr_1_tl_1" custom="readingOrder {index:0;}">
                <Coords points="2677,487 2698,487 2718,471 2734,475 2798,431 2810,439 2830,419 2887,415 2899,238 2834,254 2766,197 2746,213 2722,197 2698,197"/>
                <Baseline points="2706,412 2718,412 2807,400 2897,400"/>
                <TextEquiv>
                    <Unicode>le 1e</Unicode>
                </TextEquiv>
            </TextLine>
            <TextLine id="tr_1_tl_2" custom="readingOrder {index:1;}">
                <Coords points="1937,793 2778,789 2875,833 3120,785 3326,854 3503,793 3503,684 3330,721 3084,644 2694,709 2537,648 2227,709 2005,600 1937,632"/>
                <Baseline points="1959,782 1989,776 2078,776 2168,776 2258,776 2347,776 2437,776 2526,776 2616,776 2706,776 2795,776 2885,770 2974,770 3064,776 3154,776 3243,776 3333,776 3422,770 3512,776"/>
                <TextEquiv>
                    <Unicode>Dann rühmt Dich jeder ins Gesicht</Unicode>
                </TextEquiv>
            </TextLine>
            <TextLine id="tr_1_tl_3" custom="readingOrder {index:2;}">
                <Coords points="986,821 1043,850 1119,813 1260,846 1329,805 1385,825 1534,809 1647,846 1647,632 1526,636 1449,672 1361,640 1264,701 1200,668 986,644"/>
                <Baseline points="1009,782 1027,782 1117,776 1206,776 1296,776 1385,776 1475,776 1565,776 1654,776"/>
                <TextEquiv>
                    <Unicode>Schallbacher:</Unicode>
                </TextEquiv>
            </TextLine>
            <TextLine id="tr_1_tl_4" custom="readingOrder {index:3;}">
                <Coords points="1929,970 1997,934 2126,970 2597,934 2750,999 2923,938 3112,954 3108,793 2939,858 2774,789 2585,870 2416,817 2247,858 1925,846"/>
                <Baseline points="1947,925 2037,919 2126,925 2216,925 2305,925 2395,925 2485,925 2574,925 2664,925 2753,925 2843,925 2933,925 3022,931 3112,937 3118,937"/>
                <TextEquiv>
                    <Unicode>Weil Dich ein Held erlas,</Unicode>
                </TextEquiv>
            </TextLine>
            <TextLine id="tr_1_tl_5" custom="readingOrder {index:4;}">
                <Coords points="1921,1087 2186,1135 2343,1083 2641,1135 2750,1091 2879,1135 2939,1087 3233,1083 3229,1007 2919,942 2750,999 2609,958 2432,1027 2243,1015 2154,958 1916,994"/>
                <Baseline points="1941,1069 2031,1075 2120,1069 2210,1069 2299,1069 2389,1069 2479,1069 2568,1069 2658,1069 2747,1075 2837,1075 2927,1075 3016,1075 3106,1075 3195,1075 3243,1081"/>
                <TextEquiv>
                    <Unicode>Der über seiner Liebe nicht</Unicode>
                </TextEquiv>
            </TextLine>
            <TextLine id="tr_1_tl_6" custom="readingOrder {index:5;}">
                <Coords points="1925,1272 2669,1240 2814,1296 3068,1240 3064,1192 2959,1152 2778,1164 2460,1107 2343,1160 2202,1119 1921,1156"/>
                <Baseline points="1941,1218 2031,1218 2120,1218 2210,1218 2299,1218 2389,1224 2479,1218 2568,1224 2658,1224 2747,1224 2837,1224 2927,1224 3016,1224 3076,1230"/>
                <TextEquiv>
                    <Unicode>Des Vaterlands vergass</Unicode>
                </TextEquiv>
            </TextLine>
            <TextLine id="tr_1_tl_7" custom="readingOrder {index:6;}">
                <Coords points="1804,1433 4091,1413 4236,1486 4236,1216 1804,1276"/>
                <Baseline points="1827,1379 1917,1373 2007,1373 2096,1373 2186,1373 2275,1373 2365,1373 2455,1379 2544,1373 2634,1373 2724,1379 2813,1379 2903,1379 2992,1379 3082,1379 3172,1379 3261,1379 3351,1379 3440,1379 3530,1379 3620,1379 3709,1379 3799,1379 3888,1385 3978,1385 4068,1385 4157,1385 4247,1403 4253,1397"/>
                <TextEquiv>
                    <Unicode>(Die andern wie oben) (Gelächter,Anstossen, Bewegung)</Unicode>
                </TextEquiv>
            </TextLine>
            <TextLine id="tr_1_tl_8" custom="readingOrder {index:7;}">
                <Coords points="978,1558 4199,1610 4195,1482 3962,1453 974,1377"/>
                <Baseline points="997,1523 1087,1523 1176,1523 1266,1517 1356,1517 1445,1523 1535,1523 1624,1523 1714,1523 1804,1523 1893,1523 1983,1523 2072,1523 2162,1523 2252,1523 2341,1523 2431,1523 2520,1523 2610,1529 2700,1523 2789,1523 2879,1523 2968,1523 3058,1523 3148,1529 3237,1523 3327,1529 3416,1529 3506,1529 3596,1523 3685,1529 3775,1529 3864,1529 3954,1529 4044,1529 4133,1541 4211,1559"/>
                <TextEquiv>
                    <Unicode>Elisabeth (blass, sehr hübsch, mit einer Lustigkeit, die ihr nicht</Unicode>
                </TextEquiv>
            </TextLine>
            <TextLine id="tr_1_tl_9" custom="readingOrder {index:8;}">
                <Coords points="1160,1735 4014,1715 4014,1610 3793,1566 1160,1602"/>
                <Baseline points="1182,1690 1248,1672 1338,1672 1427,1666 1517,1672 1606,1672 1696,1672 1786,1666 1875,1666 1965,1672 2054,1666 2144,1672 2234,1672 2323,1672 2413,1672 2502,1672 2592,1678 2682,1678 2771,1672 2861,1672 2951,1678 3040,1678 3130,1678 3219,1678 3309,1678 3399,1678 3488,1678 3578,1678 3667,1684 3757,1684 3847,1684 3936,1684 4026,1684"/>
                <TextEquiv>
                    <Unicode>ganz von Herzen kommt zu Winter): Und was für Brautgeschenk</Unicode>
                </TextEquiv>
            </TextLine>
            <TextLine id="tr_1_tl_10" custom="readingOrder {index:9;}">
                <Coords points="1196,1888 1570,1824 1723,1888 1856,1832 2565,1908 2887,1868 2883,1735 2758,1776 2569,1719 2347,1768 2259,1715 2086,1768 1908,1715 1192,1739"/>
                <Baseline points="1218,1821 1308,1821 1397,1821 1487,1821 1577,1821 1666,1821 1756,1821 1845,1821 1935,1821 2025,1821 2114,1827 2204,1827 2293,1821 2383,1833 2473,1827 2562,1827 2652,1827 2741,1827 2831,1827 2897,1833"/>
                <TextEquiv>
                    <Unicode>bringst Du mir dann heim, Ferdinand?</Unicode>
                </TextEquiv>
            </TextLine>
        </TextRegion>
        <TextRegion id="tr_3" custom="readingOrder {index:1;}">
            <Coords points="985,1921 4169,1921 4169,3522 985,3522"/>
            <TextLine id="tr_3_tl_1" custom="readingOrder {index:0;}">
                <Coords points="982,2005 1196,2086 1723,1981 2605,2098 2955,1989 4050,2049 4050,1912 3704,1868 1470,1941 982,1848"/>
                <Baseline points="1003,1977 1093,1977 1182,1977 1272,1977 1362,1977 1451,1983 1541,1977 1630,1971 1720,1977 1810,1971 1899,1977 1989,1977 2078,1977 2168,1977 2258,1977 2347,1977 2437,1983 2526,1977 2616,1977 2706,1983 2795,1977 2885,1977 2974,1983 3064,1983 3154,1983 3243,1983 3333,1983 3422,1983 3512,1983 3602,1989 3691,1989 3781,1989 3870,1989 3960,1989 4050,1995 4062,1989"/>
                <TextEquiv>
                    <Unicode>Leibolt: Wirst Du nicht froh sein, wenn er sich selbst heil und</Unicode>
                </TextEquiv>
            </TextLine>
            <TextLine id="tr_3_tl_2" custom="readingOrder {index:1;}">
                <Coords points="1192,2170 2049,2134 2166,2174 2283,2150 2283,2045 2182,2021 2041,2057 1868,2009 1743,2078 1675,2037 1598,2078 1506,2013 1425,2069 1192,2065"/>
                <Baseline points="1212,2126 1302,2126 1391,2120 1481,2126 1571,2126 1660,2126 1750,2132 1839,2126 1929,2126 2019,2126 2108,2126 2198,2132 2287,2132 2293,2132"/>
                <TextEquiv>
                    <Unicode>gesund nach Hausbringt.</Unicode>
                </TextEquiv>
            </TextLine>
            <TextLine id="tr_3_tl_3" custom="readingOrder {index:2;}">
                <Coords points="990,2327 1228,2363 1687,2295 1800,2363 1937,2279 2718,2323 2738,2150 2259,2210 1751,2218 1381,2142 1240,2210 1091,2146 986,2186"/>
                <Baseline points="1009,2287 1099,2275 1188,2275 1278,2275 1367,2275 1457,2275 1547,2275 1636,2275 1726,2275 1816,2275 1905,2275 1995,2275 2084,2275 2174,2281 2264,2275 2353,2281 2443,2281 2532,2281 2622,2287 2712,2293 2753,2299"/>
                <TextEquiv>
                    <Unicode>Elisabeth: Das wär nicht eben viel.</Unicode>
                </TextEquiv>
            </TextLine>
            <TextLine id="tr_3_tl_4" custom="readingOrder {index:3;}">
                <Coords points="974,2476 3350,2448 3756,2537 3930,2500 3930,2239 3012,2375 974,2323"/>
                <Baseline points="997,2425 1087,2425 1176,2425 1266,2425 1356,2425 1445,2425 1535,2425 1624,2425 1714,2431 1804,2431 1893,2431 1983,2431 2072,2431 2162,2431 2252,2431 2341,2431 2431,2431 2520,2437 2610,2437 2700,2437 2789,2437 2879,2437 2968,2437 3058,2437 3148,2437 3237,2437 3327,2437 3416,2443 3506,2443 3596,2443 3685,2443 3775,2443 3864,2437 3936,2449"/>
                <TextEquiv>
                    <Unicode>Marie: Ist auch schon was wert. Schau Dir die Karolin an, vor</Unicode>
                </TextEquiv>
            </TextLine>
            <TextLine id="tr_3_tl_5" custom="readingOrder {index:4;}">
                <Coords points="1192,2629 4159,2661 4127,2492 1188,2504"/>
                <Baseline points="1212,2574 1302,2574 1391,2580 1481,2580 1571,2580 1660,2580 1750,2580 1839,2580 1929,2580 2019,2580 2108,2586 2198,2586 2287,2586 2377,2586 2467,2592 2556,2586 2646,2586 2735,2592 2825,2592 2915,2592 3004,2592 3094,2592 3183,2592 3273,2592 3363,2592 3452,2598 3542,2598 3632,2592 3721,2598 3811,2598 3900,2598 3990,2598 4080,2604 4169,2610"/>
                <TextEquiv>
                    <Unicode>vier Jahren ist ihr Liebstes ausgezogen und mit graden Gliedern,</Unicode>
                </TextEquiv>
            </TextLine>
            <TextLine id="tr_3_tl_6" custom="readingOrder {index:5;}">
                <Coords points="1220,2734 3752,2818 3752,2609 1220,2637"/>
                <Baseline points="1242,2729 1332,2729 1421,2729 1511,2729 1600,2729 1690,2735 1780,2729 1869,2735 1959,2735 2048,2735 2138,2735 2228,2741 2317,2735 2407,2735 2497,2735 2586,2735 2676,2741 2765,2741 2855,2741 2945,2741 3034,2741 3124,2741 3213,2741 3303,2741 3393,2741 3482,2747 3572,2741 3661,2747 3751,2753 3763,2753"/>
                <TextEquiv>
                    <Unicode>- jetzt hat sie einen Gatten mit einem hölzernen Bein.</Unicode>
                </TextEquiv>
            </TextLine>
            <TextLine id="tr_3_tl_7" custom="readingOrder {index:6;}">
                <Coords points="986,3028 1514,2899 4115,2975 4111,2830 3841,2786 982,2798"/>
                <Baseline points="1003,2885 1093,2879 1182,2879 1272,2879 1362,2879 1451,2879 1541,2879 1630,2885 1720,2885 1810,2885 1899,2885 1989,2885 2078,2885 2168,2885 2258,2885 2347,2891 2437,2891 2526,2891 2616,2891 2706,2891 2795,2897 2885,2897 2974,2897 3064,2897 3154,2897 3243,2897 3333,2891 3422,2897 3512,2897 3602,2903 3691,2903 3781,2903 3870,2903 3960,2903 4050,2903 4121,2909"/>
                <TextEquiv>
                    <Unicode>Roserl: Hätt sie ihn nicht genommen. Dergleichen Unfälle lösen je-</Unicode>
                </TextEquiv>
            </TextLine>
            <TextLine id="tr_3_tl_8" custom="readingOrder {index:7;}">
                <Coords points="1172,3044 1284,3048 1321,3072 1373,3052 1405,3076 1478,3048 1534,3076 1554,3056 1582,3076 1631,3076 1627,2915 1590,2935 1494,2899 1321,2979 1244,2959 1196,2987 1168,2983"/>
                <Baseline points="1188,3028 1278,3034 1367,3034 1457,3034 1547,3034 1636,3040"/>
                <TextEquiv>
                    <Unicode>des Band.</Unicode>
                </TextEquiv>
            </TextLine>
            <TextLine id="tr_3_tl_9" custom="readingOrder {index:8;}">
                <Coords points="962,3269 1675,3189 4087,3273 4087,3092 3845,3056 1856,3128 962,3048"/>
                <Baseline points="985,3195 1075,3183 1164,3183 1254,3183 1344,3189 1433,3189 1523,3183 1612,3183 1702,3189 1792,3189 1881,3189 1971,3189 2060,3189 2150,3189 2240,3195 2329,3195 2419,3195 2508,3195 2598,3195 2688,3195 2777,3195 2867,3195 2956,3201 3046,3201 3136,3201 3225,3201 3315,3201 3405,3201 3494,3201 3584,3207 3673,3207 3763,3213 3853,3213 3942,3213 4032,3207 4097,3207"/>
                <TextEquiv>
                    <Unicode>Leibolt: Brav gesprochen. Nur ist es ein ungleicher Vertrag, denn</Unicode>
                </TextEquiv>
            </TextLine>
            <TextLine id="tr_3_tl_10" custom="readingOrder {index:9;}">
                <Coords points="1156,3354 4034,3390 4034,3277 3777,3257 1156,3241"/>
                <Baseline points="1176,3339 1266,3333 1356,3339 1445,3339 1535,3339 1624,3339 1714,3345 1804,3345 1893,3345 1983,3345 2072,3345 2162,3345 2252,3345 2341,3351 2431,3351 2520,3351 2610,3351 2700,3357 2789,3351 2879,3351 2968,3357 3058,3357 3148,3357 3237,3357 3327,3357 3416,3357 3506,3357 3596,3363 3685,3363 3775,3363 3864,3363 3954,3363 4044,3363"/>
                <TextEquiv>
                    <Unicode>die Unfälle, die euch, ihr guten Kinder, indes hier zustossen</Unicode>
                </TextEquiv>
            </TextLine>
            <TextLine id="tr_3_tl_11" custom="readingOrder {index:10;}">
                <Coords points="1160,3539 2875,3507 3048,3555 3048,3450 2911,3422 2537,3394 2388,3446 1957,3366 1449,3442 1160,3406"/>
                <Baseline points="1182,3488 1272,3488 1362,3494 1451,3494 1541,3494 1630,3494 1720,3494 1810,3494 1899,3494 1989,3494 2078,3494 2168,3494 2258,3500 2347,3500 2437,3500 2526,3500 2616,3500 2706,3506 2795,3500 2885,3500 2974,3506 3058,3512"/>
                <TextEquiv>
                    <Unicode>mögen, lassen sich besser geheim halten.</Unicode>
                </TextEquiv>
            </TextLine>
        </TextRegion>
        <TextRegion id="tr_2" custom="readingOrder {index:2;}">
            <Coords points="931,3587 4181,3587 4181,5201 931,5201"/>
            <TextLine id="tr_2_tl_1" custom="readingOrder {index:0;}">
                <Coords points="974,3700 3289,3728 3938,3704 3938,3603 3346,3515 3096,3612 2343,3503 970,3559"/>
                <Baseline points="997,3643 1087,3643 1176,3637 1266,3643 1356,3643 1445,3637 1535,3643 1624,3643 1714,3643 1804,3643 1893,3643 1983,3649 2072,3643 2162,3643 2252,3649 2341,3649 2431,3649 2520,3649 2610,3655 2700,3655 2789,3655 2879,3655 2968,3661 3058,3655 3148,3655 3237,3661 3327,3661 3416,3661 3506,3661 3596,3661 3685,3661 3775,3667 3864,3667 3948,3661"/>
                <TextEquiv>
                    <Unicode>Baumahn: Nicht immer, Freund, nicht imer, - wissen manche was</Unicode>
                </TextEquiv>
            </TextLine>
            <TextLine id="tr_2_tl_2" custom="readingOrder {index:1;}">
                <Coords points="994,3873 1305,3861 1445,3805 1518,3845 1747,3805 1953,3849 2037,3821 2041,3700 1731,3648 1558,3736 1244,3736 1135,3696 994,3756"/>
                <Baseline points="1015,3811 1057,3811 1146,3787 1236,3793 1326,3793 1415,3793 1505,3793 1594,3793 1684,3793 1774,3793 1863,3793 1953,3799 2043,3799"/>
                <TextEquiv>
                    <Unicode>davon zu erzählen.</Unicode>
                </TextEquiv>
            </TextLine>
            <TextLine id="tr_2_tl_3" custom="readingOrder {index:2;}">
                <Coords points="946,3990 3881,3994 3881,3869 3668,3837 946,3865"/>
                <Baseline points="967,3936 1057,3936 1146,3936 1236,3936 1326,3942 1415,3942 1505,3942 1594,3948 1684,3948 1774,3954 1863,3948 1953,3948 2043,3954 2132,3954 2222,3954 2311,3954 2401,3954 2491,3954 2580,3954 2670,3954 2759,3960 2849,3960 2939,3960 3028,3960 3118,3966 3207,3960 3297,3966 3387,3960 3476,3966 3566,3966 3655,3972 3745,3972 3835,3978 3888,3984"/>
                <TextEquiv>
                    <Unicode>Winter (düster): Einen Totenschädel will ich Dir mitbringen,</Unicode>
                </TextEquiv>
            </TextLine>
            <TextLine id="tr_2_tl_4" custom="readingOrder {index:3;}">
                <Coords points="1135,4135 4107,4175 4103,4058 3748,3998 1135,4014"/>
                <Baseline points="1158,4097 1248,4091 1338,4097 1427,4097 1517,4097 1606,4097 1696,4097 1786,4097 1875,4103 1965,4103 2054,4103 2144,4103 2234,4103 2323,4103 2413,4103 2502,4109 2592,4109 2682,4115 2771,4109 2861,4109 2951,4115 3040,4109 3130,4115 3219,4115 3309,4115 3399,4115 3488,4115 3578,4115 3667,4121 3757,4121 3847,4127 3936,4127 4026,4133 4115,4145 4121,4139"/>
                <TextEquiv>
                    <Unicode>Elisabeth, einen selbstverfertigten französischen Totenschädel,</Unicode>
                </TextEquiv>
            </TextLine>
            <TextLine id="tr_2_tl_5" custom="readingOrder {index:4;}">
                <Coords points="1143,4292 4071,4368 4014,4131 2806,4207 1139,4131"/>
                <Baseline points="1164,4253 1254,4247 1344,4247 1433,4247 1523,4247 1612,4247 1702,4253 1792,4253 1881,4253 1971,4253 2060,4259 2150,4259 2240,4259 2329,4259 2419,4259 2508,4259 2598,4265 2688,4265 2777,4265 2867,4265 2956,4265 3046,4265 3136,4271 3225,4271 3315,4271 3405,4271 3494,4277 3584,4271 3673,4277 3763,4277 3853,4283 3942,4283 4032,4283 4080,4295"/>
                <TextEquiv>
                    <Unicode>aus dem wollen wir dann zur Willkommfeier trinken, wie weiland</Unicode>
                </TextEquiv>
            </TextLine>
            <TextLine id="tr_2_tl_6" custom="readingOrder {index:5;}">
                <Coords points="1123,4417 1812,4457 1949,4413 2198,4425 2194,4292 2122,4280 2069,4312 1997,4280 1925,4348 1784,4288 1639,4292 1570,4340 1292,4284 1119,4300"/>
                <Baseline points="1146,4402 1236,4396 1326,4402 1415,4402 1505,4402 1594,4402 1684,4402 1774,4402 1863,4408 1953,4408 2043,4408 2132,4408 2210,4414"/>
                <TextEquiv>
                    <Unicode>die Königin Rosamunde.</Unicode>
                </TextEquiv>
            </TextLine>
            <TextLine id="tr_2_tl_7" custom="readingOrder {index:6;}">
                <Coords points="938,4626 2750,4570 3310,4683 4175,4594 4175,4461 938,4465"/>
                <Baseline points="961,4569 1051,4557 1140,4551 1230,4551 1320,4551 1409,4551 1499,4551 1589,4551 1678,4551 1768,4551 1857,4557 1947,4557 2037,4557 2126,4557 2216,4557 2305,4563 2395,4563 2485,4563 2574,4569 2664,4569 2753,4569 2843,4569 2933,4569 3022,4569 3112,4575 3201,4569 3291,4575 3381,4575 3470,4575 3560,4581 3649,4581 3739,4581 3829,4581 3918,4581 4008,4581 4097,4581 4181,4593"/>
                <TextEquiv>
                    <Unicode>Baumann: Ich will splendider sein... Ich bringe Dir mindestens einem</Unicode>
                </TextEquiv>
            </TextLine>
            <TextLine id="tr_2_tl_8" custom="readingOrder {index:7;}">
                <Coords points="1131,4763 1224,4779 1373,4715 1961,4751 2094,4715 2255,4799 2452,4795 2488,4626 2102,4642 1969,4594 1514,4646 1385,4578 1127,4590"/>
                <Baseline points="1152,4707 1242,4707 1332,4701 1421,4701 1511,4701 1600,4701 1690,4707 1780,4713 1869,4713 1959,4713 2048,4713 2138,4713 2228,4713 2317,4713 2407,4719 2497,4725"/>
                <TextEquiv>
                    <Unicode>goldenen Pokal mit, Mariel.</Unicode>
                </TextEquiv>
            </TextLine>
            <TextLine id="tr_2_tl_9" custom="readingOrder {index:8;}">
                <Coords points="910,4916 2279,4884 3237,4993 4062,4964 4107,4840 3285,4795 2959,4658 2335,4803 906,4731"/>
                <Baseline points="931,4874 1021,4862 1111,4862 1200,4856 1290,4862 1379,4862 1469,4856 1559,4856 1648,4862 1738,4862 1827,4862 1917,4862 2007,4868 2096,4868 2186,4868 2275,4868 2365,4874 2455,4868 2544,4874 2634,4874 2724,4868 2813,4868 2903,4868 2992,4874 3082,4874 3172,4874 3261,4880 3351,4880 3440,4886 3530,4892 3620,4892 3709,4886 3799,4892 3888,4892 3978,4892 4068,4904 4115,4916"/>
                <TextEquiv>
                    <Unicode>Rabenau: Und ich Einer, deren Name ich vor euch verschweige, Armbänder,</Unicode>
                </TextEquiv>
            </TextLine>
            <TextLine id="tr_2_tl_10" custom="readingOrder {index:9;}">
                <Coords points="2480,5190 2500,5194 2512,5182 2569,5214 2597,5186 2625,5206 2690,5190 2726,5162 2762,5170 2766,5049 2706,5053 2673,5041 2621,5061 2605,5049 2569,5049 2541,5069 2528,5061 2488,5069"/>
                <Baseline points="2502,5191 2592,5179 2682,5173 2771,5173"/>
                <TextEquiv>
                    <Unicode>- 36 -</Unicode>
                </TextEquiv>
            </TextLine>
        </TextRegion>
    </Page>
</PcGts>
