4472 5528
1107 624 3947 921 Einen Augenblick, Franz, ich will nur mein Tüchel holen. (ab
1103 801 1400 1010 linkes
885 913 3947 1159 Franz: Ach Mutter, wie soll ich Ihnen danken für das Engelskind.
865 1139 4104 1328 Agathe (mit Umhängtuch aus ihrem Zimmer) bleibt an der Türe stehen).
865 1312 3907 1537 Kranz: Ah, da ist sie schon. (Rasch zu ihr hin) Gib acht, dass
1107 1424 2116 1618 sie ja nichts merken.
853 1545 4072 1827 Agathe (leise): Sei ganz ruhig. Ah Mutter, verzeih, - aber ich kann
1094 1770 3589 1972 nicht anders. (Fällt ihr um den Hals und küsst sie.)
857 1871 1964 2076 Frau Klaehr: Kind...
857 2008 3919 2229 Franz: Auf Wiedersehen, Mutter. Auf wiederstehen, Meister Eschen-
1094 2201 3996 2386 bacher. In einem Stündchen allerspätestens sind wir wieder da.
1774 2350 2889 2559 (François und Agathe ab)
1610 2527 3344 2712 (Drüben wieder Trommeln und Pfeifen.)
853 2636 3815 2865 Frau Klaehr: Glaubst Du dran, dass morgen seine Eltern kommen
1078 2788 1541 2966 werden...
833 2905 3992 3143 Eschenbacher: Wie ein Lügner sieht er eben nicht aus... Doch ich an
1058 3126 3996 3279 Deiner Stelle würde auf der Bedingung nicht bestehen.. Am Ende
1066 3239 2366 3432 könnte man auch gegen sie -
809 3404 3042 3650 Frau Klachr: Du bleibst doch immer der Alte...
825 3525 3996 3766 Kachenbacher: Da treten sie aus dem Tor. Wahrlich, wie Kinder sehn.
1058 3722 1457 3891 sie aus.
809 3823 2712 4084 Frau Klachr:  fe jung, so jungi Zu jung.
809 4016 3815 4213 Eschenbachert die schön ist das. So schweben nur Zwanzigjährige
1034 4153 1364 4322 dahin.
801 4277 2720 4491 Frau Klaehr: Wie das duftet von drüben.
789 4434 3951 4728 Eschenbacher: Ja und dabei ists kaum noch grün. Die Säfte quellen.
1022 4615 3175 4820 Was für eine wunderbare Zeit könnte es werden.
789 4760 2406 5002 Frau Klaehr: Wird...wird, Bruder.
2141 4989 2382 5315 31
