3809 5828
8 657 3049 1038 stzelt: warum betteln Sie denn das Varum gehn’s nicht lieber zu-
181 942 1242 1107 rück in Ihre Heimat?
4 1007 3061 1280 Preushartinger: Wir sind ja schon daheim gewesen, nur keider, da
169 1238 3018 1492 inzwischen unser Haus niedergebrannt worden ist. Is noch ein
192 1384 2488 1565 Glück, dass wir nicht selber dringesteckt sind.
0 1446 2991 1749 Frau Kreuzhartinger: Aber wir haben noch ein Feld, ein Geld haben
211 1692 657 1903 wir noch.
15 1769 3022 2057 Preushartinger: Nur, dass wirs leider nicht finden können. Wir habe
200 1961 2991 2153 bens nämlich vergraben gehabt, zweihundert Schritt weit von
211 2126 3064 2349 serm Haus. Im Acker. so genau haben wirs uns ausgemessen! Und
200 2284 3022 2476 jetzt wie wir daheim waren, haben wir nachgegraben, drei Tag
200 2449 1626 2649 und drei Nächt. Und fort wars.
27 2515 2926 2791 erger: Ja, auf das Geld wern's kaum was draufgeliehn kriegen.
38 2722 2968 2957 rau Kreush: Und es glaubte uns niemand, das ist das ärgste. Um
81 2876 1607 3099 wir sind doch ehrliche Leut.
42 3041 2903 3268 reuzhartinger (zu Föderl): Ein Abgebrannter tät schön bitten
188 3241 2915 3518 (Der Korporal mit den vier Mann und zwischen ihnen zwei Be¬
215 3426 2945 3657 leute.) Somma de Dattin en Aren
38 3584 3130 3780 prporal: Heda, gebettelt wird nicht. Aber zu verdienen gibts was.
42 3722 1730 3960 reuzhartinger: O, das wär g’scheit.
50 3860 2526 4110 Corporal: Freie Kost den ganzen Tag und ein paar Glas-
62 4068 1165 4268 ger: Wo ist denn das?
58 4180 2084 4418 verporal: Sie können auch mitkommen, wenn si
177 4364 2192 4564 sen nicht. Der da muss, weil er gebettelt
438 4491 1400 4722 schartinger: Und ich?
104 4668 1926 4883 poral: Für Weiber ist das G'schäft nicht
165 4779 1680 5002 Leichem auf den Friedhof tragen
