3787 5560
565 341 1789 679 da... So eine Frechheit...
243 600 3371 895 Wachshuber (immer bedrängter): Was wollen S' denn? - Was gibt's
538 789 3159 1075 denn? Ja, ich heiss Wachshuber und bin Bürger von Wien
510 957 3351 1220 Mir kann Keiner was nachsagen.. Mir gehört das Delikatessen-
530 1052 1856 1318 geschäft am Jiefen Graben...
235 1177 3371 1550 Der Vertraute (plötzlich bei ihm): Folgen sie mir auf der Stelle.
243 1405 2033 1628 Wachshuber (erstaunt): Was -? Wie? -
212 1542 2437 1785 Der Vertraute: Auf der Stelle. Ohne Widerrede!
930 1707 2233 1974 (Erstaunen auch der andern.)
196 1876 3351 2166 Der Vertraute: Meine Herren, gehen Sie auseinander. Seine Majestät
463 2005 3178 2315 werden sofort zur Parade erscheinen. - Ueberlassen Sie mir
451 2174 2025 2370 diesen Herrn. - Folgen Sie mir! -
169 2295 3119 2582 Stimmen: Was ist denn das? - Der Wachshuber wird eingesperrt!
447 2464 2135 2684 Ah, jetzt ändern sich die Zeiten....
161 2625 3190 2853 Wachshuber: Herr, Sie wollen mich verhaften? Kennen Sie mich denn
443 2762 2864 3037 nicht? Das könnt eine üble Bewandtnis für Sie haben!
2562 2813 3119 2982 zustolge
1856 2939 2315 3053 leise in dem
149 2927 3092 3151 Der Vertraute:  Kommen Sie mit mir ich welche Unvorsichtigkeit von
432 3119 3080 3367 Ihnen, sich an einem so belebten Ort zu zeigen. Wir können
420 3225 2990 3469 keinerlei Haftung für Ihre Person übernehmen. Heut oder
404 3402 3261 3739 morgen wird der Friede geschlossen, da müssen Sie schaun sich
408 3543 1432 3724 selbst zu salvieren.
106 3700 3115 3951 Stimmen: Ah, das ist ja ein Schwindel Er arretiert ihn ja gar
404 3888 3217 4104 nicht! Er nimmt ihn ja nur mit, dass ihm nichts geschieht!...
381 3987 1483 4222 Ah, das gibts nicht...
90 4132 3049 4406 Etzelt (plötzlich wieder bei Wachshubrer zum Vertrauten): Ich
463 4363 3096 4555 kann Ihnen nicht helfen, sie müssen schon die Freundlich-
357 4528 3064 4783 keit haben, mir den Herrn da nur auf einen Moment zu über-
349 4642 777 4834 lassen -
