4485 6122
1199 852 1473 1107 Kluny
598 952 3451 1219 wird als den von von Worten... Er hat ein Frauenzimmer in den
594 1165 3540 1327 Armen.. und ihn umsäuselt flötenhaft xxx das Wort Liebe
598 1288 3447 1477 ...er fühlt einmal sein selig oder unselig Ende nahen - und
1674 1427 2160 1519 diviney
598 1450 3297 1677 das Wort Tod wird ihn umläuten wie mit dunkeln Glocken...
505 1600 3513 1855 selt: Dies mag gelten.. eh die wahre Liebe und der währe Tod er-
598 1762 1076 1971 scheinen.
505 1863 3382 2125 schenbacher: Wohin es bei unserm Wirrkopf Medardds noch einige
609 2086 3467 2233 Weile haben dürfte...Gehen Sie lieb nach Hause, Etzelt. Glau-
605 2217 3582 2383 ben Sie, er wird es Ihnen dank wissen, dass Sie ihm nachspionie-
586 2345 833 2564 ren?
494 2491 3050 2719 selt: Um Dank ists mir vielleicht nicht so sehr zu tun.
494 2723 3451 2888 Shenbacher: Sollte er Ihnen aber in die Hände geraten, so erin-
567 2842 3536 3062 nern sie ihn dran für alle Fälle dran, dass Kriegsrecht prokla-
582 2958 1084 3162 miert ist.
497 3085 3598 3363 selt: O, Meister Eschenbacher, was macht die uniform aus Ihnen für
594 3262 1593 3471 einen strengen Herrn.
478 3390 3432 3652 chenbacher: Alles zu seiner Zeit. - Nun ist Medardus Soldat...
567 3606 3313 3756 und er hat sich.. wenn er nicht krank ist, zum Antritt des
555 3760 3000 3957 Dienstes zu melden... Auf Wiedersehen, Etzelt...(ab)
474 3868 3528 4084 selt (allein): Du kennst ihn ja doch nicht. reine Jungend leuch-
575 4049 3544 4234 tet auf - und im Dunst Deiner alternden Jahre siehst Du nur
467 4161 1913 4412 gelblichen Flackerschein.
571 4361 3486 4662 (Von links kommt Kreuzhartinger, ein Landmann, und seine Frau.
563 4585 3220 4755 Sie schleppt ein Bündel, er schiebt einen mit Geräten belanget.
563 4732 983 4913 Karren.)
563 4859 2468 5048 Kreushartinger: Ich kann nimmer weiter.
582 4990 3355 5233 hartinger: Aber Frau, wir sind ja gleich in der Stadt drin.
683 5198 2857 5453 Bushartinger: Wären wir lieber daheim blieben.
