3900 5892
295 552 2823 813 ger! Was, es gibt halt immer was zu sehn in der Zeit.
81 744 1508 974 Frau Klaehr: Bruder...Bruder...
84 928 1427 1132 eutnant: Vorwärts - marsch!
986 932 2981 1324 (Die Eskorte ab nach linke.) (Eurige folgen)
61 1208 1231 1465 Frau Klaehr (will nach).
73 1408 460 1600 Medardus
503 1396 1381 1630 (hält sie zurück).
81 1550 2505 1753 Nachshuber (Unter den Leuten an die Mauer gedrückt).
326 1715 2962 1933 (Man hört wie die Eskorte weiter marschiert, hört wie sie
315 1864 986 2068 stehn bleibt.)
58 1987 349 2190 Ertzelt
391 1960 2939 2217 (gewahrt Wachshuber, auf ihn zu, drohend): Wachshuber!
58 2110 3134 2363 Nachshuber  (angstvoll und frech): Was ist denn? Was ist dann? Was
315 2325 3130 2555 wollen's denn von mir? Ich habe meinen Morgenstern pünktlich
295 2448 790 2678 abgegeben.
836 2593 2743 2808 (Trommelwirbel. Kommandorufe, undeutlich)
42 2751 326 2973 etzelt
414 2708 1220 2973 (fährt zusammen).
58 2923 1458 3134 Nachshuber (schleicht davon).
284 3077 2985 3261 (Entsprechende Spannung unter den Leuten, die hier zurück
284 3222 971 3433 blieben sind.)
42 3330 1630 3614 Frau Klaehr (steht bewegungslos).
50 3549 1005 3760 Medardus: Mutter....
1047 3652 1907 3886 (Ein Schuss fällt)
284 3829 1995 4028 (Einige von den Anwesenden zucken zu
2102 3844 3146 4051 einige entfernen
284 4013 3069 4208 sich, andre bewegen sich nach der Richtung, in der der Schutz
272 4151 2348 4343 gefallen ist. Irgendwo hört man schluchzen.)
234 4331 2198 4504 Klaehr: Medardus - verstehst Du das...71
69 4442 2471 4623 Ladardus (verzweiffelnd): Es ist nicht der Mühe wert
257 4627 2267 4795 : Was ist denn das? Die kommen ja zurück.
875 4738 1377 4972 mit den dr
529 4757 790 4945 Tskort
