3691 5352
169 571 3148 826 Assakegnyt Sie sprachen doch auch mit Napelsen, Frau Marquissl
451 736 3302 950 Ich weise es ja. was dazu an pllen xxx
188 879 2817 1164 Helene: Er sprach zu xxx. Und was er zu mir sprach
1251 1007 2242 1131 in der Redle zu erwürzen
470 1048 3170 1225 mir jedes Wort im Munde. Er hatte meine Bitte erkannt als
905 1187 1544 1270 gewesene are
473 1221 3351 1427 das was sie xxx als den letzten, versweifelten Versuch eines
473 1348 2708 1566 ungeheuern Vermts.
199 1555 3080 1747 Assalagny: Rines Verrats!... Zu welchem Ende -7.###
195 1664 3212 1871 Helene: Sie fragen, Assalagny?.. Um den Herzog von Valois in die
473 1818 2013 2032 Arme seiner Getreuen zu führen -
2152 1818 2843 1995 Gegenstel.
207 1961 3167 2250 Assalagny: Sie konnten in der Tat glauben, Frau Marquise - 7 -
481 2126 3178 2333 Und wenn auch Sie es glaubten, Frau Marquise - der Kaiser
473 2246 3290 2479 weiss es doch, dass keine Getreuen des Herzogs von Valois
500 2453 2081 2656 existierenl.
229 2573 3189 2791 Halene: Sie irren, Assalagny...Es gibt Getreue..Und der Kaiser
500 2735 3302 2967 weiss sei Dreifach irren Sie! Aber Ihnen den letzten und er¬
511 2896 3069 3133 bärmlichsten Irrtum nahmen, dass ich Nepaleens Geliebte
507 3065 3129 3257 das hiesse Ihnen zum Vorwurf machen, dass Sie der Doktor
1754 3215 2490 3392 nmer xxxne, Frau
515 3253 1484 3441 Assalaany sindi -
526 3332 3170 3602 (Sieben kurze Schläge an die Gartentre, die ersten drei
541 3542 2686 3756 schon während der letzten Vorte der Melene.)
522 3670 3260 3899 dagny (befrendeter von Schlag zu Schlag): Was-bedeutet das?
244 3715 492 3948 Asse.
473 3809 3242 4038 Sieben Schläge an die Türe -? Das ist Ja!... das ist ja das
571 3959 3039 4188 verabredete Zeichen für den Fall, dass Nachricht vom Ma-
1536 4166 1799 4357 dans le
