3771 5592
742 92 1349 351 1.1.11 1.1 1.10.
283 395 1668 630 Mnten aif den Hope.
267 646 3256 890 Hinter der Szene Geschrei: Nieder mit den Franzosen! Hoch Kaiser
598 786 1796 994 Franz. Tod dem Bonaparte.
271 938 3423 1257 Bargetti: Da scheinen sich einige einen Rausch angetrunken zu haben.
267 1113 2462 1281 Eschenbacher: Einen... Mordsrausch vielleicht.
602 1253 3352 1492 (Von links Wachshuber, Stiefler, xxx und Andre, darunter
511 1408 3332 1636 sehr verdächtig ausschauendes Volk mit Aexten, Hellebarden,
591 1540 2929 1768 Wachshuber mit seinem Morgenstern über die Bastei.)
1967 1724 2290 1811 une
275 1728 3328 1935 Wachshuber: Vorwärts Freunde. Hoch Kaiser Fran### Gut und Blut fürs
591 1871 1089 2027 Vaterland.
247 2015 1045 2187 Bargetti: Ruhe!
271 2143 1736 2330 Wachshuber: Hoch Kaiser Franz!
259 2330 1400 2494 Bargetti: Ruhe...Ruhe...
1528 2342 2151 2534 grenadou
591 2490 3268 2721 (Es sind vier Bürgergardisten dazugetreten, die sich hinter
575 2629 1528 2833 Bargetti postieren.)
251 2781 3459 3008 Bargetti: Es ist jetzt nicht die Zeit und kein Anlass um in so vüster,
2829 2917 3607 3084 die Bürgermeister
571 2965 3256 3152 Weise zu lärmen. Es wird vielleicht eine andre Art für Euch
1197 3056 1404 3156 ihre
563 3104 3423 3252 alle geben, Euren. Patrickismus zu beweisen. Wer auf den Bastein
563 3232 2059 3431 nichts zu tun hat, verlasse sie.
227 3384 1784 3595 Stiefler: Wir haben... Waffen...
1895 3451 2250 3619 welte
235 3571 3328 3767 Bargetti: Wenn der Augenblick kommen wird, diese Waffen zu benützen,
551 3683 2366 3918 wird der Weg herauf wieder frei sein...
1345 3842 1784 4038 (Murren.)
223 4006 3324 4197 Bargetti: Noch einmal, man zerstreue sich. Man zwinge mich nicht zu
559 4150 1740 4377 entschiedenen Massregeln.
203 4309 3336 4513 Wachshuber: (zu Bargetti, als gehöre er eigentlich nicht dazu): Sie
511 4473 3328 4680 meinens ja nicht schlecht. Es ist halt die Begeisterung, Herr
519 4628 1129 4804 Hauptmann
2171 4684 2570 4824 wenn
188 4800 3380 5039 Bargetti: Begeistert sein ist leicht! Aber wieder wofür, das ist die
1712 5047 2019 5291 12a -
