3720 5368
149 460 3271 804 Trembly: Sie sollten nicht alles glauben, was die Leute erzählen.
2104 670 2544 812 remmag.
408 695 3340 961 Und manches Unglaubliche, das wahr ist, besser verstehen sich
420 917 3255 1204 für mein Teil, würde mir nichts andres wünschen. Schade, dass
428 1030 2250 1256 nicht immer ein Fluss in der Nähe ist.
149 1103 3251 1438 Frau Klaehr: Vielleicht kommt Ihr grosser Kaiser auf den Einfall,
424 1361 2956 1559 dass ein brennender Holzstoss dieselben Dienste täte.
158 1510 3292 1716 Trembly: Frau Klaehr, Sie lassens doch einigermassen an gerechter
436 1583 3372 1906 Beurteilung dieses Mannes fehlen. erhebt sich) Nun will ich
448 1817 3162 2100 wieder gehen, auf eine Weile den letzten Schlummer meines
436 1971 1329 2173 Freundes bewachen.
174 2084 2932 2334 Frau Klaehr: Sie müssen mittags zur Parade, Herr Major...
174 2274 3417 2484 Trembly: Janohl, liebe Frau Klaehr. Meine uniform ist ja wieder ver-
468 2403 3344 2625 trefflich instand, wofür ich auch Ihnen, zu danken habe, ver-
468 2557 3397 2827 ehrte Todfeindin. Doch was ich noch sagen wollte, ist Ihr Herr
448 2763 1099 2936 Sohn zuhause?
186 2876 3215 3150 Frau Klaehr: Noch nicht, Herr Major. Oder nicht mehr. Ich weiss
448 3061 860 3271 nicht...
190 3146 3332 3380 Trembly: Ihm ist mein armer Freund vielen Dank schuldig. So viele
1260 3308 2387 3445 une plaudcite militaire.
468 3328 3360 3522 Stunden sass er drin an seinem Bett, las ihm sogar vor in dem
460 3473 3332 3671 ersten Tagen, da es sich noch nicht so zum schlimmen gewandt
448 3683 3336 3845 hatte. Derue hat ihn wirklich in sein Herz geschlossen. Wenn
731 3800 998 3889 in früh
456 3792 3421 3994 ich früher fort müsste, Frau Klaehr, so bitten Sie Ihren Herrn
468 3946 3191 4180 Sohn in meinem Namen, bei meinem Freunde zu bleiben, bis-
468 4124 1317 4334 alles vorbei ist.
1099 4455 2641 4729 Herr und Frau Berger (kommen).
170 4677 3296 4956 Berger: Guten Morgen. O guten Morgen, Herr Major. (Verbindlich)
1777 5012 1967 5222 292.
