3720 5368
1050 535 2228 852 Frau Klaehr. Medardus.
198 813 1613 1046 Medardus: Ein lustiger Kauz.
186 975 2097 1197 Frau Klaehr: Tut Dir was weh, Medardus?
206 1090 3345 1371 Medardus: Nichts, Mutter. Ich befinde mich ganz leidlich. Ich hät-
460 1280 3357 1494 te wohl gar nicht hinsinken müssen. Es war auch gar nichts der
472 1455 3282 1653 Jänmerliche Stich, der mich ein wenig um die Besinnung brach-
480 1582 3294 1784 te. Ich glaube eher der Parfum. Ja wahrhaftig, in eine wahre
484 1744 3286 1986 Wolke von Parfum gehüllt kamen sie daher. Es war ein wohlrie-
456 1907 1776 2117 chendes Duell, meiner Seel.
174 2057 2576 2263 Frau Klaehr: Medardus, warum hast Du das getan...
1566 2184 2022 2291 Maynes
186 2176 3266 2378 Medardus: Nun, auch dem Herrn Wiedmte ist es nicht sonderlich ge-
476 2402 3155 2604 gangen. Er hat einen tüchtigen Stich in den Arm. Aber was
460 2537 1296 2727 will das besagen.
182 2620 3242 2850 Frau Klaehr: Medardus, warum konntest Du Dich nicht fügen in das
448 2826 1245 3036 Unabänderliche.
163 2989 3349 3191 Medardus: Sich fügen, hiesse vergessen, Mutter. Bist Du eine - die
460 3147 1308 3330 vergisst, Mutter?
182 3278 3310 3464 Frau Klaehr: Es kommt darauf an, was man vergessen nennt. Hab ich
456 3433 3246 3615 Euch vorlamentiert alle die Jahre über, wie schmählich Euer
456 3603 3306 3793 Vater hat zugrunde gehn müssen? Tief hatt ich meinen Schmerz
511 3718 737 3809 ver
456 3742 3310 3936 eingeschlossen - in einen dunkeln Vinkel meiner Seele...hatt
448 3896 3207 4110 mich gar nicht um ihn gekümmert. Jetzt erst darf er wieder
1506 4023 1768 4110 den
448 4051 3254 4233 herauf ans Tageslicht. letzt konnt er ja wieder einen Sinn
436 4229 3334 4392 kriegen. Die Franzosen marschieren heran und mich habe einen
424 4340 2279 4582 Sohn, der indes ein Mann geworden ist.
159 4511 1502 4725 Medardus: Mutter..Mutter...
159 4665 3254 4840 Frau Klachr: Still/Medardus, reden wir von gewissen Dingen nicht
436 4772 3337 5078 zu früh. Lieg still und werd nur gesund. Dann nagst Du wieder
