3763 5576
473 776 3203 963 gendwo. Die Kugeln fliegen alle über die Bastei hinweg. Mir
462 899 2702 1130 scheint, sie wollen die Stadt in Flammen setzen.
151 1038 3350 1313 Medaurdus: Man wird sie neu aufbaun und in hundert Jahren leben doch
477 1253 1588 1440 lauter andere Menschen.
155 1325 3235 1584 Etzelt: Du versuchst Dich aus meiner Nähe hinwegzureden, Medardus.
163 1512 2825 1723 Medardus: Da Du es mir so schwer machst hinwegzuschweigen.
163 1671 1902 1902 Etzelt: Wir waren Freunde, Medardus.
171 1842 1719 2037 Medardus: Wir könnten es bleiben.
585 1938 3251 2149 Wenn es der Zufall fügen sollte, dass morgen einer von uns
171 2009 529 2184 Etzelt:
477 2149 3207 2359 nicht mehr lebt, so wären wir es in der letzten Nacht nicht
485 2296 1126 2495 mehr gewesen.
155 2423 3243 2638 Medardus: D u bist es doch, Etzelt, nicht wahr? So will ich nicht
489 2646 2853 2781 denken, dass leidige Neugier Dich also reden lässt.
629 2741 3243 2944 Dies ist so wahr, als es wahf ist, dass nur Trotz Dir den
167 2717 533 2960 Etzelt:
489 2873 3159 3068 Mund verschliesst. Denn es gibt Stunden, in denen auch die
489 3040 3290 3223 schwersten Geheimnisse sich auf die Lippen drängen wollen und
509 3195 3278 3398 jeder Beichtiger willkommen wäre. Ich möchte das Recht haben,
2248 3318 2789 3414 quind has
489 3390 3290 3621 Medardus, Dir zu sagen, dass kein Anlass für Dich da ist, den
501 3513 1186 3704 Tod zu suchen.
1027 3645 1221 3732 ihn
171 3625 2737 3855 Medardus: Wenn ich suchte, so wär er schnell gefunden.
187 3796 3278 4030 Etzelt: Immerhin, es macht sich besser als Held zu sterben.
175 3963 3159 4158 Medardus: In welchen Regionen suchst Du mich, Etzelt? Es ist zum
489 4126 883 4349 lachem.
597 4253 3267 4464 Ich weiss, dass Du seit jener Nacht, da ich Dich aus einer
167 4241 537 4528 Etzelt:
481 4420 3338 4667 gewissen Gartenpforte kommen sah, keine daheim verbracht hast.
489 4560 3195 4751 Und es ist nicht schwer zu raten, wo Du gewesen bist. Aber
497 4739 3346 4930 Dein Schwur war töricht und Agathe selbst, würde Dir eher ver-
493 4874 3127 5145 zeihen, dass Du Ihn nicht gehalten, - als, das Du ihn je
1572 5093 1958 5435 -248-
