3823 5824
200 672 2054 966 Grab da vallfahrten wird, später einmahl
125 906 2205 1136 Zu Föderl: Ein Menument muss man ihm setzen!
140 1091 3005 1333 1 Klachr: Jul das wür so nach seinem Geschmack. xxx 11eg
128 1219 2978 1434 schen zu viel Erde auf seinem Grab, sonst möchtet Ihr ihn 1
132 1370 2378 1582 chen hören. Der Jakob und ein Komument!....
151 1514 2963 1767 er: Ah, sagen s' das nicht, Frau Klachr. Venns dann dasteht
245 1695 3020 1906 aus Marmer und für die Ewigkeit, da freuts einen schon. Die
211 1808 1786 2057 Ueberlebenden mein ich natürlich.
109 1899 468 2061 meuble
106 1989 2948 2190 M! Als Inschrift müsst man setzen: Als Opfer französischer W
226 2118 898 2322 kürherrschaft.
109 2257 2978 2518 zu Klachr: Das wir ganz schön, aber vollständig wäre nicht.
226 2458 2926 2631 Venn sie vollständig wär...da könnten sich manche Leut in
204 2616 3035 2801 Wien beleidigt fühlen. Und waren soll man denn die Wiener be-
151 2744 2986 2956 leidigen? Sie sind ja so gutmütig und so patriotisch und so
230 2914 3175 3092 besonnen - was können sie dafür, dass ihnen nur die Gall fehlti-
91 3043 3129 3246 ger: (Ja, das ist schön mehr.) Unser Herr Bürgermeister hätt sehen
223 3235 3122 3382 das Paul aufmachen können und Vervahrung einlegen gegen diesen
355 3341 1446 3560 zusammen und überflüssigen
1525 3360 3122 3582 verlärzt. Besonders nach Aspera
189 3507 3114 3722 hätt er sich schon trauen dürfen! Wenn der Herr Bürgermeister
204 3650 925 3884 selber nach Schöne
1929 3669 2295 3911 Von Napo###
2378 3696 2895 3888 das hätte
366 3809 695 3998 en eine
68 3858 336 4122 gentle
264 3975 800 4164 Vor vier J
1940 3877 2348 4198 en gekrie¬
2552 3994 2861 4190 von Kais
