4392 5496
895 593 1593 908 bei der Nacht.
653 831 1662 1073 Nachshuber: Fabeln.
629 904 3800 1210 Bradl: Das ist keine Fabel, das is wahr. Ich hab ihn selber g'sehn.
633 1150 3647 1351 Wachshuber: Ja, wen man Ihnen für'n Napoléon wird aufdisputiert
924 1327 1315 1484 haben! -
633 1404 3755 1605 Bradl: Mit zwanzig oder dreissig Offizieren is er durch die Maria-
887 1585 3638 1811 bilferstrassen hereingeritten und dann durchs Kärntnertor,
928 1735 1702 1956 wie der Teufel.
593 1843 3832 2102 (Föderl: Malen sie ihm nicht an die Wand, den Teufel...die Franzosen
952 2057 1787 2219 sind noch weit...
718 2166 1178 2287 Brael
666 2166 3554 2412 Schreubler: Wenns aber schon die Schanzen aufbaun im Prater.
662 2352 2868 2557 Frau Grinzinger: Das habens damals auch getan.
678 2461 3683 2695 Schreubler: Und warum is denn die Schatzkammer nach Ungarn fort-
952 2650 3699 2832 g'schafft worden? Und warum is denn Befehl gegeben, dass im
952 2759 3626 2977 Stadtgraben die Hütten und die kleinen Häuser abgebrochen
952 2973 1303 3166 werden?
690 3078 3792 3292 Wachshuber: Und warum ist denn der Herr Regierungsrat Pichler samt
944 3235 3727 3469 Familie abgereist...und der Baron Klezlein?..Lauter Kunden
968 3441 1492 3598 von mir -?
1105 3550 1932 3755 Is denn das wahr?
678 3534 1041 3755 Föderl:
690 3638 3929 3925 Bradl: Und auf den Basteien oben, da arbeiten sie wie nicht gescheit,
968 3828 2118 4030 besonders bei der Nacht.
690 3913 3820 4227 Föderl: aber davon kann doch keine Red nicht sein, dass zur Ver-
968 4131 3905 4312 teidigung herg' richt wird. Darauf wirds doch unser Kaiser nicht
968 4284 3864 4469 ankommen lassen... Und was geschäh nachher mit uns in Gumpen¬
968 4441 3792 4643 dorf, wenns richtig nur auf der Rastel zur Verteidigung her-
976 4574 3836 4780 richt Das kann doch dem Kaiser sein Wille nicht sein, dass
980 4748 3852 4970 wir in der Vorstadt von beiden Seiten zusammengefeuert werden?
2243 5022 2481 5232 59 —
