3656 5480
1067 1063 2430 1308 FUENETER AUTZUG.
1370 1277 2399 1452 .........................Wörter
1071 1304 1246 1440 ====
1238 1529 2239 1875 Erste Szene.
1269 1844 2170 2069 Garten beim Herzog.
217 2038 2476 2309 Assalagny (auf einer Bank in einem Buch lesend).
225 2239 1576 2461 Nerina (kommt eben vorbei).
221 2368 1921 2608 Assalagny: Guten Morgen, mein Kind.
237 2573 1308 2763 Nerina: Guten Morgen.
1436 2589 1945 2752 Marpier
229 2647 2822 2884 Assalagny: Wird die Frau Vicomtesse bald sichtbar sein?
245 2833 3260 3055 Nerina: Es wird noch eine Weile dauern. Wir sind heute Nacht spät
528 2996 2181 3187 aus Schönbrunn nach Hause gekommen.
1351 3121 1506 3256 ohl
248 3132 3373 3408 Assalagny: Du hast Dich wieder recht gelangweilt da draussen, armes
532 3369 908 3547 Kind...
256 3365 2387 3672 Nerina: Das hab' ich nicht, Doktor Assalagny.
2546 3423 2775 3633 glen
260 3544 3249 3897 Assalagny: so liessest Du Dir wohl im Vorsaal von wachthabendem
559 3800 1809 3974 Offizieren den Hof machen?
260 3808 3318 4168 Norina: Ich blieb diesmal nicht in Versaal, Doktor Assalagny. Ich
551 4005 3287 4258 durfte dem Konzert beiwohnen. Der wachthabende Offizier war
547 4184 3206 4401 so gütig, mich auf die Galierie zu geleiten. Ja wohl, Herr
547 4331 3187 4595 Doktor, ich hatte meinen Platz unter lauten vernehmen Dam
571 4537 2562 4743 und Herren. Und ich habe den Kaiser gesehn.
283 4712 1417 4945 Assalagny: Wahrhaftig.
1417 4708 1948 5018 Bescherbart Als.
272 4859 1219 5127 Nerina! Wie war da
