<?xml version="1.0" encoding="UTF-8" standalone="yes"?>
<PcGts xmlns="http://schema.primaresearch.org/PAGE/gts/pagecontent/2013-07-15" xmlns:xsi="http://www.w3.org/2001/XMLSchema-instance" xsi:schemaLocation="http://schema.primaresearch.org/PAGE/gts/pagecontent/2013-07-15 http://schema.primaresearch.org/PAGE/gts/pagecontent/2013-07-15/pagecontent.xsd">
    <Metadata>
        <Creator>prov=READ-COOP:name=TrHtr:version=2.1.0:model_id=51170:date=15_08_2023_10:01</Creator>
        <Created>2023-05-10T15:11:15.910+02:00</Created>
        <LastChange>2023-08-15T10:01:08.695+02:00</LastChange>
        <TranskribusMetadata docId="1429033" pageId="55436517" pageNr="286" tsid="132846466" status="IN_PROGRESS" userId="64420" imgUrl="https://files.transkribus.eu/Get?id=LBKTMBOHBTHBKEUZWEOUVZAR&amp;fileType=view" xmlUrl="https://files.transkribus.eu/Get?id=HBGCJBKALXGGIDWZBVCTGQGU" imageId="44710506"/>
    </Metadata>
    <Page imageFilename="1429033_0286.jpg" imageWidth="3752" imageHeight="5352">
        <ReadingOrder>
            <OrderedGroup id="ro_1711800560860" caption="Regions reading order">
                <RegionRefIndexed index="0" regionRef="tr_1"/>
                <RegionRefIndexed index="1" regionRef="tr_2"/>
            </OrderedGroup>
        </ReadingOrder>
        <TextRegion id="tr_1" custom="readingOrder {index:0;}">
            <Coords points="191,672 3380,672 3380,2901 191,2901"/>
            <TextLine id="tr_1_tl_1" custom="readingOrder {index:0;}">
                <Coords points="173,831 3263,770 3218,494 2444,663 1477,580 1095,708 177,523"/>
                <Baseline points="197,770 226,770 316,764 406,764 495,764 585,770 674,764 764,758 854,758 943,758 1033,752 1122,758 1212,752 1302,752 1391,752 1481,746 1570,746 1660,746 1750,746 1839,746 1929,740 2018,740 2108,740 2198,740 2287,740 2377,740 2466,734 2556,740 2646,740 2735,734 2825,734 2914,734 3004,728 3094,728 3183,722 3273,728"/>
                <TextEquiv>
                    <Unicode>Trembly: Nicht so, Frau Klaehr... So wüsste man eben, dass er ein</Unicode>
                </TextEquiv>
            </TextLine>
            <TextLine id="tr_1_tl_2" custom="readingOrder {index:1;}">
                <Coords points="453,934 576,1000 922,926 1255,988 2008,901 2448,934 2448,839 2152,761 1638,852 1243,794 453,823"/>
                <Baseline points="477,913 489,913 579,913 669,913 758,913 848,907 937,907 1027,907 1116,907 1206,907 1296,901 1385,901 1475,901 1564,901 1654,895 1744,895 1833,895 1923,895 2012,895 2102,890 2192,895 2281,890 2371,890 2460,895"/>
                <TextEquiv>
                    <Unicode>noch grösserer ist - als wir heute wissen.</Unicode>
                </TextEquiv>
            </TextLine>
            <TextLine id="tr_1_tl_3" custom="readingOrder {index:2;}">
                <Coords points="169,1132 3189,1095 3341,1053 3345,856 2646,967 169,975"/>
                <Baseline points="191,1081 215,1075 304,1069 394,1069 483,1069 573,1063 663,1063 752,1063 842,1063 931,1057 1021,1057 1111,1057 1200,1057 1290,1057 1379,1057 1469,1051 1559,1057 1648,1051 1738,1051 1827,1045 1917,1051 2007,1045 2096,1045 2186,1045 2275,1045 2365,1039 2454,1045 2544,1039 2634,1039 2723,1039 2813,1039 2902,1039 2992,1033 3082,1039 3171,1033 3261,1039 3350,1039"/>
                <TextEquiv>
                    <Unicode>Frau Klaehr: Sind sie dessen so sicher, Herr Major...Nun hat er ja</Unicode>
                </TextEquiv>
            </TextLine>
            <TextLine id="tr_1_tl_4" custom="readingOrder {index:3;}">
                <Coords points="453,1243 1432,1317 1774,1210 2337,1284 2724,1193 3300,1346 3329,1049 453,1140"/>
                <Baseline points="477,1212 561,1212 651,1212 740,1212 830,1212 919,1206 1009,1212 1099,1206 1188,1206 1278,1206 1367,1200 1457,1200 1547,1200 1636,1200 1726,1200 1815,1194 1905,1200 1995,1194 2084,1194 2174,1194 2263,1194 2353,1194 2443,1188 2532,1188 2622,1188 2711,1188 2801,1188 2891,1188 2980,1188 3070,1182 3159,1182 3249,1182 3339,1188"/>
                <TextEquiv>
                    <Unicode>doch seinen Meister gefunden. Der Glaube an seine Unüberwind-</Unicode>
                </TextEquiv>
            </TextLine>
            <TextLine id="tr_1_tl_5" custom="readingOrder {index:4;}">
                <Coords points="449,1440 650,1436 823,1379 983,1416 1082,1370 1128,1403 1169,1366 1436,1403 1440,1276 1337,1292 1300,1255 1070,1243 1016,1288 741,1255 617,1313 453,1284"/>
                <Baseline points="471,1367 555,1367 645,1367 734,1367 824,1361 913,1361 1003,1361 1093,1355 1182,1355 1272,1355 1361,1355 1451,1355"/>
                <TextEquiv>
                    <Unicode>lichkeit ist vorbei.</Unicode>
                </TextEquiv>
            </TextLine>
            <TextLine id="tr_1_tl_6" custom="readingOrder {index:5;}">
                <Coords points="181,1584 3156,1568 3370,1523 3374,1383 181,1448"/>
                <Baseline points="203,1535 244,1529 334,1517 424,1523 513,1535 603,1523 692,1517 782,1517 872,1517 961,1517 1051,1511 1140,1511 1230,1511 1320,1511 1409,1511 1499,1511 1588,1511 1678,1505 1768,1505 1857,1499 1947,1499 2036,1499 2126,1499 2216,1499 2305,1499 2395,1499 2484,1505 2574,1499 2664,1493 2753,1499 2843,1499 2932,1499 3022,1499 3112,1499 3201,1499 3291,1493 3380,1487"/>
                <TextEquiv>
                    <Unicode>Trembly: Ihr Erzherzog Karl hat diesmal den Sieg davongetragen, das</Unicode>
                </TextEquiv>
            </TextLine>
            <TextLine id="tr_1_tl_7" custom="readingOrder {index:6;}">
                <Coords points="473,1699 3251,1704 3292,1514 473,1564"/>
                <Baseline points="495,1672 525,1672 615,1672 704,1672 794,1666 884,1666 973,1666 1063,1666 1152,1666 1242,1666 1332,1666 1421,1660 1511,1666 1600,1660 1690,1660 1780,1660 1869,1654 1959,1654 2048,1654 2138,1654 2228,1654 2317,1654 2407,1654 2496,1654 2586,1648 2676,1648 2765,1648 2855,1648 2944,1642 3034,1648 3123,1648 3213,1654 3303,1648"/>
                <TextEquiv>
                    <Unicode>ist nicht zu leugnen. Ein andrer wärs auch nicht im Stand ge-</Unicode>
                </TextEquiv>
            </TextLine>
            <TextLine id="tr_1_tl_8" custom="readingOrder {index:7;}">
                <Coords points="453,1856 3185,1860 3251,1728 2691,1765 2119,1662 453,1749"/>
                <Baseline points="477,1827 483,1827 573,1821 663,1821 752,1821 842,1821 931,1821 1021,1821 1111,1821 1200,1821 1290,1815 1379,1815 1469,1815 1559,1815 1648,1815 1738,1809 1827,1809 1917,1809 2007,1809 2096,1809 2186,1809 2275,1809 2365,1803 2454,1803 2544,1803 2634,1803 2723,1803 2813,1797 2902,1797 2992,1797 3082,1797 3171,1791 3261,1797"/>
                <TextEquiv>
                    <Unicode>wesen...Die Art ist beinah so selten, denk ich, wie die Na¬</Unicode>
                </TextEquiv>
            </TextLine>
            <TextLine id="tr_1_tl_9" custom="readingOrder {index:8;}">
                <Coords points="461,2004 3288,2029 3345,1872 2008,1815 1453,1901 1239,1819 461,1909"/>
                <Baseline points="483,1995 489,1989 579,1977 669,1971 758,1977 848,1977 937,1977 1027,1977 1116,1971 1206,1971 1296,1971 1385,1971 1475,1971 1564,1971 1654,1971 1744,1965 1833,1965 1923,1965 2012,1965 2102,1965 2192,1965 2281,1959 2371,1959 2460,1959 2550,1953 2640,1959 2729,1953 2819,1953 2908,1953 2998,1953 3088,1953 3177,1953 3267,1947 3356,1953"/>
                <TextEquiv>
                    <Unicode>poleons... Ein Held, liebe Frau Klaehr... und im rechten Augen-</Unicode>
                </TextEquiv>
            </TextLine>
            <TextLine id="tr_1_tl_10" custom="readingOrder {index:9;}">
                <Coords points="473,2169 2905,2173 3276,2132 3354,2029 477,2053"/>
                <Baseline points="495,2132 579,2126 669,2126 758,2126 848,2126 937,2126 1027,2126 1116,2126 1206,2126 1296,2120 1385,2120 1475,2120 1564,2120 1654,2120 1744,2120 1833,2120 1923,2120 2012,2120 2102,2114 2192,2114 2281,2114 2371,2114 2460,2114 2550,2114 2640,2108 2729,2108 2819,2108 2908,2108 2998,2108 3088,2108 3177,2108 3267,2102 3356,2096"/>
                <TextEquiv>
                    <Unicode>blick!...darauf kommt es wohl an. (Ich hab es mit eigenen Au-</Unicode>
                </TextEquiv>
            </TextLine>
            <TextLine id="tr_1_tl_11" custom="readingOrder {index:10;}">
                <Coords points="473,2333 3033,2267 3197,2337 3234,2140 473,2218"/>
                <Baseline points="495,2293 555,2281 645,2281 734,2281 824,2281 913,2281 1003,2281 1093,2281 1182,2275 1272,2275 1361,2275 1451,2275 1541,2275 1630,2275 1720,2275 1809,2275 1899,2269 1989,2269 2078,2269 2168,2263 2257,2263 2347,2269 2437,2269 2526,2263 2616,2263 2705,2263 2795,2263 2885,2263 2974,2263 3064,2257 3153,2257 3243,2263"/>
                <TextEquiv>
                    <Unicode>gen gesehn, wie er die Fahne eines Bataillons ergriff, das</Unicode>
                </TextEquiv>
            </TextLine>
            <TextLine id="tr_1_tl_12" custom="readingOrder {index:11;}">
                <Coords points="473,2453 3288,2469 3370,2321 473,2333"/>
                <Baseline points="495,2437 513,2431 603,2431 692,2431 782,2431 872,2431 961,2431 1051,2431 1140,2431 1230,2425 1320,2425 1409,2425 1499,2419 1588,2425 1678,2425 1768,2425 1857,2425 1947,2425 2036,2425 2126,2419 2216,2419 2305,2419 2395,2419 2484,2419 2574,2419 2664,2419 2753,2413 2843,2419 2932,2413 3022,2413 3112,2413 3201,2413 3291,2413 3380,2419"/>
                <TextEquiv>
                    <Unicode>schon beträchtlich zu wanken begonnen hatte, und es mitten in</Unicode>
                </TextEquiv>
            </TextLine>
            <TextLine id="tr_1_tl_13" custom="readingOrder {index:12;}">
                <Coords points="473,2638 3000,2634 3350,2576 3354,2432 473,2502"/>
                <Baseline points="495,2586 579,2586 669,2586 758,2580 848,2586 937,2586 1027,2580 1116,2580 1206,2580 1296,2580 1385,2580 1475,2580 1564,2574 1654,2580 1744,2574 1833,2574 1923,2574 2012,2574 2102,2580 2192,2574 2281,2574 2371,2574 2460,2574 2550,2568 2640,2568 2729,2568 2819,2568 2908,2568 2998,2568 3088,2568 3177,2568 3267,2562 3356,2562"/>
                <TextEquiv>
                    <Unicode>unsre Reihen (führte) Nur glaub ich, dass dieser Sieg für Sie</Unicode>
                </TextEquiv>
            </TextLine>
            <TextLine id="tr_1_tl_14" custom="readingOrder {index:13;}">
                <Coords points="473,2749 2926,2806 3267,2761 3271,2597 2901,2675 2325,2584 1831,2671 473,2642"/>
                <Baseline points="495,2741 585,2735 674,2741 764,2735 854,2735 943,2735 1033,2735 1122,2735 1212,2735 1302,2729 1391,2729 1481,2729 1570,2729 1660,2729 1750,2729 1839,2723 1929,2729 2018,2729 2108,2729 2198,2729 2287,2729 2377,2723 2466,2729 2556,2723 2646,2723 2735,2723 2825,2723 2914,2723 3004,2717 3094,2717 3183,2717 3273,2717"/>
                <TextEquiv>
                    <Unicode>und Ihre Landleute allzuteuer erkauft sein wird. Er schiebt</Unicode>
                </TextEquiv>
            </TextLine>
            <TextLine id="tr_1_tl_15" custom="readingOrder {index:14;}">
                <Coords points="453,2909 2288,2942 2432,2889 2432,2786 453,2794"/>
                <Baseline points="477,2885 567,2891 657,2891 746,2885 836,2885 925,2885 1015,2885 1105,2885 1194,2885 1284,2885 1373,2885 1463,2885 1553,2885 1642,2885 1732,2885 1821,2885 1911,2879 2001,2885 2090,2885 2180,2879 2269,2879 2359,2879 2443,2885"/>
                <TextEquiv>
                    <Unicode>die Entscheidung hinaus, das ist alles...</Unicode>
                </TextEquiv>
            </TextLine>
        </TextRegion>
        <TextRegion id="tr_2" custom="readingOrder {index:1;}">
            <Coords points="191,2978 3488,2978 3488,4902 191,4902"/>
            <TextLine id="tr_2_tl_1" custom="readingOrder {index:0;}">
                <Coords points="169,3099 3424,3070 3424,2930 3090,2872 1584,3000 169,2926"/>
                <Baseline points="191,3052 209,3052 298,3046 388,3046 477,3046 567,3046 657,3046 746,3046 836,3040 925,3040 1015,3040 1105,3034 1194,3034 1284,3040 1373,3034 1463,3034 1553,3034 1642,3034 1732,3040 1821,3034 1911,3034 2001,3034 2090,3034 2180,3034 2269,3034 2359,3034 2449,3034 2538,3034 2628,3034 2717,3028 2807,3028 2897,3028 2986,3028 3076,3028 3165,3028 3255,3028 3345,3034 3434,3040"/>
                <TextEquiv>
                    <Unicode>Frau Klaehr: Man wird sehen...Herr Major...Und wie die Entscheidung</Unicode>
                </TextEquiv>
            </TextLine>
            <TextLine id="tr_2_tl_2" custom="readingOrder {index:1;}">
                <Coords points="453,3234 3308,3284 3308,3074 453,3119"/>
                <Baseline points="477,3195 567,3189 657,3195 746,3195 836,3189 925,3195 1015,3189 1105,3189 1194,3189 1284,3189 1373,3189 1463,3189 1553,3189 1642,3189 1732,3195 1821,3189 1911,3189 2001,3189 2090,3189 2180,3189 2269,3189 2359,3189 2449,3189 2538,3189 2628,3183 2717,3183 2807,3183 2897,3183 2986,3183 3076,3183 3165,3183 3255,3195 3315,3201"/>
                <TextEquiv>
                    <Unicode>fällt... (Unterbricht sich, lauscht, als hörte sie von drinn</Unicode>
                </TextEquiv>
            </TextLine>
            <TextLine id="tr_2_tl_3" custom="readingOrder {index:2;}">
                <Coords points="477,3383 502,3383 580,3428 601,3411 646,3432 675,3420 704,3428 774,3391 827,3391 827,3251 757,3239 695,3276 654,3267 638,3284 584,3259 527,3280 477,3271"/>
                <Baseline points="501,3350 591,3350 680,3350 770,3350 836,3350"/>
                <TextEquiv>
                    <Unicode>etwas.)</Unicode>
                </TextEquiv>
            </TextLine>
            <TextLine id="tr_2_tl_4" custom="readingOrder {index:3;}">
                <Coords points="169,3597 572,3527 1259,3551 1358,3527 1362,3387 1041,3424 856,3358 572,3432 321,3337 173,3415"/>
                <Baseline points="191,3518 203,3512 292,3500 382,3506 471,3506 561,3506 651,3500 740,3500 830,3500 919,3500 1009,3500 1099,3494 1188,3494 1278,3494 1367,3500"/>
                <TextEquiv>
                    <Unicode>Trembly: Es ist nichts.</Unicode>
                </TextEquiv>
            </TextLine>
            <TextLine id="tr_2_tl_5" custom="readingOrder {index:4;}">
                <Coords points="181,3699 2490,3720 3049,3675 3049,3547 2646,3477 1839,3580 1630,3485 1214,3592 876,3518 181,3584"/>
                <Baseline points="203,3667 280,3661 370,3655 459,3655 549,3655 639,3655 728,3655 818,3655 907,3649 997,3649 1087,3649 1176,3649 1266,3649 1355,3649 1445,3649 1535,3649 1624,3649 1714,3649 1803,3649 1893,3649 1983,3649 2072,3649 2162,3649 2251,3643 2341,3649 2431,3643 2520,3643 2610,3643 2699,3643 2789,3643 2879,3643 2968,3643 3058,3643"/>
                <TextEquiv>
                    <Unicode>Frau Klaehr: Wird der Herr Regimentsarzt nicht bald kommen?</Unicode>
                </TextEquiv>
            </TextLine>
            <TextLine id="tr_2_tl_6" custom="readingOrder {index:5;}">
                <Coords points="185,3852 2848,3802 3173,3934 3411,3860 3411,3724 185,3736"/>
                <Baseline points="209,3816 280,3810 370,3810 459,3810 549,3810 639,3810 728,3804 818,3804 907,3804 997,3798 1087,3804 1176,3804 1266,3804 1355,3804 1445,3804 1535,3804 1624,3804 1714,3798 1803,3798 1893,3798 1983,3798 2072,3798 2162,3798 2251,3798 2341,3798 2431,3798 2520,3798 2610,3798 2699,3798 2789,3798 2879,3798 2968,3798 3058,3798 3147,3804 3237,3798 3327,3798 3416,3810"/>
                <TextEquiv>
                    <Unicode>Trembly: Zu so überflüssigen Besuchen hat er keine Zeit mehr. (Wir</Unicode>
                </TextEquiv>
            </TextLine>
            <TextLine id="tr_2_tl_7" custom="readingOrder {index:6;}">
                <Coords points="473,4016 2313,3975 2580,4029 2638,4020 2638,3868 1605,3810 473,3893"/>
                <Baseline points="495,3966 585,3960 674,3960 764,3960 854,3954 943,3960 1033,3960 1122,3954 1212,3954 1302,3954 1391,3954 1481,3954 1570,3960 1660,3954 1750,3954 1839,3954 1929,3954 2018,3954 2108,3954 2198,3954 2287,3960 2377,3954 2466,3954 2556,3954 2646,3960"/>
                <TextEquiv>
                    <Unicode>sind leider aus seiner Behandlung entlassen.</Unicode>
                </TextEquiv>
            </TextLine>
            <TextLine id="tr_2_tl_8" custom="readingOrder {index:7;}">
                <Coords points="173,4230 938,4127 1860,4243 2609,4123 3288,4201 3288,4004 3041,3983 173,3987"/>
                <Baseline points="197,4127 250,4121 340,4115 430,4115 519,4121 609,4115 698,4115 788,4115 878,4109 967,4109 1057,4109 1146,4109 1236,4109 1326,4109 1415,4109 1505,4115 1594,4115 1684,4115 1774,4115 1863,4109 1953,4109 2042,4109 2132,4109 2222,4109 2311,4109 2401,4109 2490,4109 2580,4109 2670,4109 2759,4103 2849,4109 2938,4109 3028,4103 3118,4109 3207,4109 3297,4115"/>
                <TextEquiv>
                    <Unicode>Frau Klaehr: Gibts denn gar so viel gefährlich Verwundete in der</Unicode>
                </TextEquiv>
            </TextLine>
            <TextLine id="tr_2_tl_9" custom="readingOrder {index:8;}">
                <Coords points="449,4296 510,4313 527,4300 556,4329 580,4321 588,4333 695,4296 753,4333 786,4329 790,4156 753,4156 732,4177 683,4189 609,4181 593,4164 568,4177 543,4168 490,4206 453,4210"/>
                <Baseline points="477,4270 531,4264 621,4270 710,4264 800,4264"/>
                <TextEquiv>
                    <Unicode>stadt?</Unicode>
                </TextEquiv>
            </TextLine>
            <TextLine id="tr_2_tl_10" custom="readingOrder {index:9;}">
                <Coords points="169,4448 424,4526 634,4444 737,4510 872,4428 988,4485 1095,4436 1239,4448 1239,4329 1181,4308 992,4341 889,4317 835,4350 687,4292 539,4333 350,4275 169,4313"/>
                <Baseline points="191,4438 262,4426 352,4420 442,4420 531,4426 621,4426 710,4426 800,4420 890,4420 979,4420 1069,4420 1158,4420 1248,4426"/>
                <TextEquiv>
                    <Unicode>Trembly: Sie fragen?</Unicode>
                </TextEquiv>
            </TextLine>
            <TextLine id="tr_2_tl_11" custom="readingOrder {index:10;}">
                <Coords points="1646,4489 1728,4526 1757,4502 1769,4510 1790,4502 1806,4514 1860,4510 1868,4362 1835,4366 1811,4354 1802,4362 1769,4354 1761,4345 1745,4350 1695,4304 1658,4296"/>
                <Baseline points="1672,4479 1696,4485 1785,4479 1875,4473"/>
                <TextEquiv>
                    <Unicode>Mr</Unicode>
                </TextEquiv>
            </TextLine>
            <TextLine id="tr_2_tl_12" custom="readingOrder {index:11;}">
                <Coords points="173,4654 3457,4621 3481,4465 173,4485"/>
                <Baseline points="197,4587 286,4575 376,4575 465,4575 555,4575 645,4575 734,4575 824,4569 913,4569 1003,4569 1093,4569 1182,4569 1272,4569 1361,4569 1451,4575 1541,4569 1630,4575 1720,4575 1809,4575 1899,4575 1989,4569 2078,4569 2168,4569 2257,4569 2347,4569 2437,4569 2526,4569 2616,4569 2705,4569 2795,4569 2885,4569 2974,4569 3064,4569 3153,4569 3243,4569 3333,4569 3422,4569 3488,4587"/>
                <TextEquiv>
                    <Unicode>Frau Klaehr: Man erzählt, dass des Kaiser sehen während der Schlacht</Unicode>
                </TextEquiv>
            </TextLine>
            <TextLine id="tr_2_tl_13" custom="readingOrder {index:12;}">
                <Coords points="461,4798 2247,4732 3276,4815 3206,4613 461,4650"/>
                <Baseline points="483,4730 573,4730 663,4730 752,4730 842,4730 931,4730 1021,4730 1111,4730 1200,4730 1290,4730 1379,4730 1469,4730 1559,4730 1648,4730 1738,4730 1827,4730 1917,4730 2007,4730 2096,4730 2186,4724 2275,4724 2365,4724 2454,4724 2544,4724 2634,4724 2723,4724 2813,4730 2902,4730 2992,4730 3082,4730 3171,4730 3261,4730 3285,4736"/>
                <TextEquiv>
                    <Unicode>den Befehl gegeben habe, alle tötlich Verwundeten, auch die</Unicode>
                </TextEquiv>
            </TextLine>
            <TextLine id="tr_2_tl_14" custom="readingOrder {index:13;}">
                <Coords points="453,4893 827,4971 1053,4917 1206,4983 1448,4950 1531,5000 1794,4909 2020,4909 2020,4786 1913,4773 1490,4819 1403,4757 1189,4806 765,4810 675,4757 547,4815 453,4790"/>
                <Baseline points="477,4892 507,4886 597,4886 686,4886 776,4886 866,4886 955,4892 1045,4886 1134,4886 1224,4886 1314,4880 1403,4880 1493,4886 1582,4886 1672,4886 1762,4886 1851,4886 1941,4886 2030,4886"/>
                <TextEquiv>
                    <Unicode>eigenen, in die Denau zu werfen.</Unicode>
                </TextEquiv>
            </TextLine>
        </TextRegion>
    </Page>
</PcGts>
