3656 5464
278 347 3511 661 da führen sie an mir weiber, in ihrer alten nichtige Karone
173 633 3306 806 Dann: Freilich hab ich sie gesenn. Du weissts ja Mehr als einmal.
359 750 3257 923 Garnicht so lange her ists, dass sie alle an mir verüberfuh-
1088 879 1995 1080 alten Auszug oder
2318 915 3273 1096 gezogen und den Kut-
347 931 1322 1096 ren in ihrer xxx
641 1036 1189 1153 verstaubten
367 1068 3160 1266 scher mit der silbernen Livrée auf dem Bock. Im Prater war-
355 1193 3531 1411 an vorigen Sonntag. Und weisst du, was die Leute sagten?.. Es fahr
335 1407 3177 1604 der blinde Narrenherzog..Dein süsser Prinz aber sah zart
355 1512 2479 1754 aus, rot und weiss, wie ein junges Mädchen...
133 1689 1641 1895 Agathe: Und seine Schwester...?
1258 1649 3543 2000 Oh. die blickte gar slole die in. Und schön ist die¬
443 1826 1226 2032 Stolsen etc.
145 1862 403 2036 Anna:
141 1870 3390 2177 Agathe: Blicktest Du der Prinzessin ins Augen Ja, stolz und schon
145 2157 3290 2338 Anna: Du nennst sie ganz ernsthaft Prinzessin7.. was gehen hir doch
335 2330 3233 2471 für Gedanken durch den Kopf, Agathe? Ich wollte mir Tromser-
335 2443 3342 2653 helen bei Dir, und mues nun selber... Du, sei guten Maos, Agathe.
1500 2681 1963 2846 von rechts.
121 2798 3346 3011 Jakob Eschenbacher tritt ein (fünfzig Jahre, grosser, breitschultri-
133 2979 3362 3193 ger Mann, nicht ganz ergrautes, volles Haar. Humoristisch, gutmittig
109 3128 2209 3358 nicht ohne Ironik, von rechtst) Agathe. Anna.
113 3277 1371 3491 Eschenbäher: Guten Abend.
125 3435 1415 3620 Agathe: Grüss Gott, Oheim.
125 3560 1919 3745 Anna: Guten Abend, Herr Eschenbacher.
121 3745 3209 3967 Kschenbacher: Da plaudert sich wehl gut in Dunkeln Stör ich Euch,
331 3902 734 4076 Kinder?
113 4023 1709 4225 Agathe: Was fällt dir ein, Oheim?
121 4192 2213 4422 Eschenbacher: Die Mutter noch nicht daheim?
113 4350 1608 4519 Agathe: Sie muss bald da sein.
109 4410 3177 4680 Eschenbacher: Besorgt wohl noch etliches für Euren-Landwehrmann?
121 4672 3181 4866 Agathe: Ja, auch das. Vie die Geschäftsleute nun einmal sind, man
1564 4858 1790 5104 - 9
