3752 5352
221 609 3644 932 Nerins: Aber warum red sehr Sie werden ja nicht vorgelassen. Geben die
502 792 2593 1052 Sie sich keine Mühe. Das Tor ist versperrt.
204 924 2461 1175 Medardus: Ich wette, es gibt eine Gartenpforte.
200 1132 3427 1362 Morina! Sie ist verschlossen. Venn Sie doch meine Hand losliessen!
502 1260 3112 1503 Sie wird heute noch fester verschlossen sein als sonst.
204 1396 3261 1677 Medardus: Wenn einem das höflich sein so schwer gemacht wird, so
502 1592 2589 1792 wird man wohl die Mauer überklettern müssen.
192 1665 3410 1967 Herina: Eins Mauer wollen Sie überklettern? 1... Und ich, die übere-
473 1886 3376 2150 zeugt war, hier eine Leiche zu finden... eine Mauer. Uebrigens
468 2035 1971 2248 würde man Sie herunterschiessen.
187 2218 3317 2461 Medardus: in einer Stunde wird es dunkel sein. Und im Garten nie-
473 2337 1643 2554 mand als die Prinzessin.
166 2520 3346 2712 Merina: Sie sind toll, vollkommen toll. Ich gehe. Ich danke Ihnen,
460 2669 3359 2912 dass Sie endlich meine Hand losgelassen haben. Man wird dafür
460 2789 2269 3002 sorgen, dass der Garten bewacht ist...
153 2933 3415 3295 Medardus: Sie werden tun, was Ihnen Ihre Prinzessin befehlen wird.
451 3091 3244 3287 Und Sie werden vor allem Ihrem Fräulein bestellen, was ich
443 3244 3266 3546 Ihnen aufgetragen habe, schönste Nerina. Jetzt aber gehn Sie
430 3406 2993 3632 und leise, leise. Es darf niemand hören, dass Sie gehn.
153 3508 1171 3832 Nerina (geht leise).
132 3802 3415 4206 Medardus (lauscht, dann spricht er als wenn sie noch da wäre, laut):
421 4130 3317 4330 Gewiss, Fräulein...vortefflich, Präule in... (Mit Pausen) mei-
417 4279 3070 4458 nen Dank...o bitte.. (für sich) dass nur niemand kommt!
3248 4364 3572 4624 nen
375 4415 3019 4645 Himmel, Himmelt.Helene., Prinzessin Helene... Ich xxx
345 4556 830 4734 detetut
1137 4577 3223 4798 xxx. Dass mich nur niemand sieht. Sonst
387 4713 3270 5028 wirds zu spät. (Vieder 1sm4) O nicht gefährlich!..Ein ver¬
