4440 5560
796 603 3897 866 Medardus: Gäbs Gott! Es lässt sich ja alles gut an. Das Treffen in
1440 779 1994 915 gine zulau.
1063 825 3938 1030 Baiern w###tfegreich und die halbe französische Armee schlägt
1067 976 3852 1202 sich noch in Spanien herum, wo es ihr nicht zum besten gehn
1067 1132 1342 1309 soll.
775 1259 3992 1497 Eschenbacher: Wird nicht so schlimm sein, da Napoleon schon auf dem
1058 1403 2310 1657 Wege nach Deutschland ist.
784 1563 1932 1772 Medardus: Ist das wahr?
788 1674 3926 1957 Eschenbacher: Wahrer jedenfalls als der Sieg von Ingolstadt, an dem
1063 1883 2753 2092 einige Zweifel gestattet sein mögen.
763 2027 4061 2256 Medardus: Nun ich werde ja bald alles aus erster Quelle erfahren. Aber
1067 2215 4008 2384 nun ists wirklich an der zeit. (Ich will mir Etzelt im vorbei-
1075 2314 3873 2523 gehn aus dem Laden holen und mitnehmen zu dem Abschiedsfest.
1063 2507 4004 2675 (zur Mutter) Rabenau ist dabei und Leibolt. Und unser Leutnant
1050 2663 3959 2835 Kribbling auch und noch manche andre Doch Agathe mit Dir, die
1058 2814 3824 3011 mir gar zu schweigsam ist, möcht ich gern noch ein Wörtchen
1050 2937 2531 3138 reden, ein brüderliches wort.
771 3077 2593 3290 Agathe: Medardus? (Mit ihm nach vorn)
775 3266 3787 3434 Medardus: Sieh, Du bist ja zu gut, xxx Dich zu grämen, um irgend
1050 3380 3803 3610 einen. so müsstest Du denken; Bin ich ihnen zu gering, so
1050 3581 3819 3795 sind sie meiner noch weniger wert. Und François selber auch
1038 3717 2667 3910 nicht, da er doch zu ihnen gehört.
759 3860 3860 4102 Agathe: Du darfst ihn schon Franz nennen, wie Dus früher getan, Du
1050 4025 3024 4217 weisst, wenns nach seinem willen ginge....
759 4176 3668 4369 Medardus: Hätt er einen und wär zugleich ein ehrlicher Mann...
751 4312 2174 4533 Agathe: Zweifelst Du an ihm?
734 4422 3889 4677 Medardus: Ich weiss nicht, Agathe, er ist ein Franzos, und wenn er
1022 4644 3938 4829 auch von Kind auf in deutschen Landen lebt. Und sein Blut ist
1026 4792 3926 5034 adelig, wenn er sich auch von rechtswegen nicht einen Prinzen
2277 5091 2470 5251 20 —
