4360 5448
878 470 2372 773 Marie: Guten Abend, Medardus.
882 700 2708 943 Medardus: O, auch das Fräulein Marie?
899 886 3967 1060 Marie: Man muss wohl nicht fragen, wie es Ihnen geht. Es heisst
1093 1008 2331 1243 ja, dass Sie verlobt sind?
890 1202 2801 1388 Medardus: Mir ist nichts davon bekannt.
834 1352 4092 1550 Schallbacher: Wie gehts daheim Medardus? Was macht die wunderschöne
1077 1481 2570 1647 Schwester, das Fräulein Agathe?
890 1615 2368 1838 Medardus: Danke, sie ist wohl.
890 1793 3930 1971 Marie: Ich sah sie neulich. Sie kennt mich wohl nicht mehr. Oder
1077 1967 3914 2129 will mich nicht kennen. Mag auch sein, weil sie eben in sehr
1064 2072 3950 2287 feiner Begleitung war, in bildschöner junger Herr. Oder viel-
1275 2202 2182 2311 sah sie unes jai nicht
1069 2242 2594 2449 leicht weil es schon dunkel war.
878 2356 3930 2582 Medardus (sieht sie scharf an, dann absichtlich laut): Ich habe
1060 2530 3967 2728 mich so verspätet, Freunde,.. verzeiht mir, weil eben Verlobung
1064 2708 2574 2894 bei uns zu Hause gefeiert wurde.
890 2821 1615 3036 Bernburg: Wie?
870 2987 4027 3210 Medardus: Meine Schwester hat sich verlobt. Und darum hab ich mich
1064 3149 1570 3343 verspätet.
862 3278 3311 3485 Leibolt: Mit wem denn? Wenns erlaubt ist zu fragen?
2441 3420 2760 3566 aln
858 3440 2607 3639 Medardus: Mit einem Herrn von Berry.
1882 3574 2169 3695 aln
866 3590 2708 3793 Rabenau: Herr von Berry, ein Franzoss?
1914 3724 2174 3821 alei
2821 3679 3153 3865 Valn
866 3748 3068 3938 Bernburg: Herr von Derry? Der Prinz von Barry.
850 3882 2995 4116 Medardus: Es ist kein Prinz. Herr von Berrs.
838 4015 3918 4242 Bernburg: Doch der Sohn des alten, blinden Herzogs, der verbannt
1032 4213 4048 4392 ist, der hier so eine Art Hof hält wie man erzählt. Es kann doch
1028 4323 1914 4517 wohl nur der sein.
850 4525 3809 4723 Medardus: Ja, sein Vater ist blind und alt und hat auch irgend
1615 4626 1894 4732 avec
1020 4651 3902 4881 einmal den Herzogstitel beressen, wie ein paar hunderttausend
2356 4954 2659 5169 - 41 -
