3755 5899
652 1233 1171 1421 dans une lettre est
637 1386 1236 1634 Monsieur M r de
1781 3078 3376 3559 Das hat die nicht, Ehelt
1902 3359 3205 3600 Das ist nieväre
1822 3491 2910 3804 Duf der Welt.
997 3633 3376 4199 1) Und beständen sie darauf, Herr General
988 3960 3028 4314 weil vor ihn zu überten, und ihn
991 4108 3370 4456 ins Aullitz könnt ich nichts anders
1094 4461 1527 4644 sogen
935 4417 3238 4753 Rapp. So bleibt mir nicht eben's
1020 4594 3211 4933 als dem Majestät in den, was
1003 4809 2860 5039 ich hier vernehmen müsstel.
994 4910 3300 5258 chebben ri erstattet. (Al.)
