4472 5448
869 578 3974 783 Rabenau: Und sein Auge leuchtet, als wäre eine Freudenbotschaft.
841 734 2153 923 Baumann: Nimm Dich in acht.
861 869 4015 1058 Bernburg: Ich wollt, meiner Seel, die Franzosen Jagten Euch zurück
1042 1034 3937 1243 bis vor die Basteien. Oder Ihr alle würdet hin und wir andern
1042 1161 2247 1374 müssten die Lücke füllen.
849 1304 3043 1505 Kribbling: Bedenk was du sprichst, Bernburg.
808 1472 4011 1690 Haumann: Nimm Dich in acht, Bernburg! aus lauter Tatendrang Deinem
1034 1624 2407 1837 Vaterland böses zu wünschen -
861 1755 3400 1985 Bernburg: Ich scher mich den Teufel um das Vaterland.
845 1928 2789 2129 Rabenau, Baumann u, A, : Ha? was sagt er?
857 2092 4036 2317 Bernburg: Wenn sie heute um mich schickten, die Franzosen und böten
1017 2268 4077 2436 mir eine Leutrantsstelle an, da nimm, und drauf und dran... holla,
1029 2375 2637 2580 sie hätten mich mit Haut und Haar.
833 2551 2957 2748 Baumann, Rabenau: Hoho! nimm Dich in acht! -
845 2695 4023 2850 Bernburg: Wo ist mein Vaterland? Dort, wo sie meine Gaben und meine
1025 2863 3658 3014 Kraft nützen können! Nicht, wo ich zufällig geboren bin.
833 2969 2223 3170 Rabenau: Hochverrat sag ich.
837 3174 3195 3314 Einige (um ihn nehmen eine drohende Haltung an).
820 3343 4081 3490 Etzelt: Lassen Sie ihn doch, meine Herren. Er meint es so übel nicht.
783 3441 2206 3646 Baumann: Was will der Kleine?
812 3584 4011 3785 Etzelt: Es muss nur recht verstanden sein. Bedenken Sie doch, meine
997 3720 3913 3937 Herren...es gab eine Zeit, wo jeder, der Lust zum Soldatenhand-
997 3921 3872 4089 werk in sich verspürte, sich werben liess und unter jedem be-
993 4077 3863 4224 liebigen Herrn focht - gegen Bezahlung, bald da, bald dort.
902 4200 3839 4421 Und es gibt Geschichten von tapfern Säldnerführern, die heut
976 4368 3921 4561 gegen denselben Staat mit der grössten Hängebung kämpften - in
976 4511 3904 4749 dessen Dienst nicht vielleicht gestern Lohn oder Wunden davonge-
976 4639 1489 4856 tungen.
742 4757 4040 5086 Leibolt: Damals war der Kampf eine Art Tournier... oder eine Privat-
2239 5061 2494 5245 43 -
