3667 5480
210 669 3252 950 Eschenbacher (hat sich niedergebeugt): Ja, um Himmelswillen, das
546 851 1559 1040 arme Kind ist ja tot.
229 965 2034 1195 Uralter Herr (verständnislos): Tot...
214 1120 3394 1444 Eschenbacher: Ja, sehns denn nicht... Da am Hals ein Granatsplitter...
542 1290 2848 1575 (Er bettet das kleine Mädchen auf einen der Säcke.)
206 1480 3284 1709 Uralter Herr: Ein Granatsplitter an Hals, das kann aber doch nicht
522 1598 2235 1804 so gefährlich sein... Du, Greterl....
103 1626 3276 2061 Ein Gardist (sehr rasch zu Jolsdorf): Meldung an das Kommando der
522 1907 1080 2093 Burgbastei.
194 2014 1203 2223 Jolsdorf: Was gibts?
194 2200 1456 2413 Garlist: Herr Hauptmann...
182 2326 3019 2591 Jolsdorf : Unser Hauptmann/ist verwundet oder tot. Geben Sie.
182 2508 1717 2698 Gardist (überreicht den Befehl):
186 2674 3363 3042 Felsdorf (liest für sich, dann laut): Die weisse Fahne. Meine Herren
487 2821 1535 3003 von der Bürgergarde...
993 2955 2283 3189 (Es versammeln sich einige.)
210 2932 787 3181 Adjutant:
158 3129 3232 3355 Jolsderf: Befehl vom General Orelly, in Vertretung Sr. Hoheit, des
1721 3280 1954 3363 in
455 3323 3296 3489 Erzherzogs Makimilians. Es werden zu den feindlichen Vorposten
2698 3450 2999 3557 wordes
467 3450 3300 3699 von jedem Tor zwei Mann mit dem Ersuchen gesandt, das Bombarde-
459 3644 3311 3806 ment einzustellen. Die weissen Fahnen sind auf den erhöhteisten
423 3751 3185 4024 Punkten der Bastei aufzupflanzen. Hahen Sie mich verstanden,
431 3905 1080 4047 meine Herren?
111 3992 2350 4241 Die Andern: Javohl. (Ab, gegen das Burgtor zu.)
451 4194 3121 4451 (Jolsdorf, Eschenbacher stehn zusammen. Nahe davon Medardus
419 4360 1025 4526 und-ätratt)
99 4431 3232 4684 Jolsdorf: Das hätt an Ende auch ein paar Stunden früher sein können.
1381 4676 3201 4870 Mit unseren Ausfall wäre als
407 4676 1970 4882 Vosu nun das Ganzes
71 4815 2508 5044 Eschenbacher: f-Adio, Jolsdorf, ich leg mich schlafen.
522 4926 1195 5222 Gute Nach I
1448 5005 1733 5361 150 -
