<?xml version="1.0" encoding="UTF-8" standalone="yes"?>
<PcGts xmlns="http://schema.primaresearch.org/PAGE/gts/pagecontent/2013-07-15" xmlns:xsi="http://www.w3.org/2001/XMLSchema-instance" xsi:schemaLocation="http://schema.primaresearch.org/PAGE/gts/pagecontent/2013-07-15 http://schema.primaresearch.org/PAGE/gts/pagecontent/2013-07-15/pagecontent.xsd">
    <Metadata>
        <Creator>prov=READ-COOP:name=TrHtr:version=2.1.0:model_id=51170:date=15_08_2023_10:01</Creator>
        <Created>2023-05-10T15:11:11.680+02:00</Created>
        <LastChange>2023-08-15T10:01:01.587+02:00</LastChange>
        <TranskribusMetadata docId="1429033" pageId="55436377" pageNr="261" tsid="132846440" status="IN_PROGRESS" userId="64420" imgUrl="https://files.transkribus.eu/Get?id=TZAAKAVTMQRTPXRBBOWVAPJV&amp;fileType=view" xmlUrl="https://files.transkribus.eu/Get?id=XFOQAJKLSTAJFNQYPCXQAICB" imageId="44710366"/>
    </Metadata>
    <Page imageFilename="1429033_0261.jpg" imageWidth="3763" imageHeight="5528">
        <ReadingOrder>
            <OrderedGroup id="ro_1711800494217" caption="Regions reading order">
                <RegionRefIndexed index="0" regionRef="tr_2"/>
                <RegionRefIndexed index="1" regionRef="tr_1"/>
            </OrderedGroup>
        </ReadingOrder>
        <TextRegion id="tr_2" custom="readingOrder {index:0;}">
            <Coords points="274,708 3426,708 3426,3084 274,3084"/>
            <TextLine id="tr_2_tl_1" custom="readingOrder {index:0;}">
                <Coords points="370,833 3253,926 3210,733 1914,772 1115,625 359,644"/>
                <Baseline points="388,758 477,764 567,764 656,770 746,770 835,782 925,788 1014,793 1104,793 1193,799 1283,805 1373,811 1462,817 1552,823 1641,829 1731,829 1820,835 1910,841 1999,847 2089,853 2178,859 2268,865 2358,871 2447,871 2537,877 2626,883 2716,883 2805,889 2895,895 2984,901 3074,907 3163,907 3253,913 3259,913"/>
                <TextEquiv>
                    <Unicode>Der Beamte: Guten Abend, Frau Klachr. Das sind die Herren Offi-</Unicode>
                </TextEquiv>
            </TextLine>
            <TextLine id="tr_2_tl_2" custom="readingOrder {index:1;}">
                <Coords points="633,980 3249,1134 3241,988 2898,918 2466,891 2308,984 1312,814 625,849"/>
                <Baseline points="650,919 740,925 829,931 919,937 1008,937 1098,943 1187,949 1277,961 1367,967 1456,967 1546,973 1635,979 1725,979 1814,985 1904,990 1993,996 2083,1002 2172,1008 2262,1014 2352,1014 2441,1020 2531,1020 2620,1026 2710,1032 2799,1038 2889,1038 2978,1044 3068,1050 3158,1056 3247,1062 3253,1062"/>
                <TextEquiv>
                    <Unicode>ziere, die bei Ihnen wohnen werden. (Gibt ihr einen Zette</Unicode>
                </TextEquiv>
            </TextLine>
            <TextLine id="tr_2_tl_3" custom="readingOrder {index:2;}">
                <Coords points="625,1165 1285,1119 1609,1216 2103,1173 2277,1243 2593,1188 2589,1092 2462,1057 2203,1107 1405,980 1250,1053 702,949 614,996"/>
                <Baseline points="644,1068 734,1074 823,1080 913,1092 1002,1092 1092,1098 1182,1104 1271,1110 1361,1110 1450,1116 1540,1122 1629,1128 1719,1134 1808,1134 1898,1140 1987,1146 2077,1152 2167,1158 2256,1164 2346,1164 2435,1170 2525,1176 2602,1182"/>
                <TextEquiv>
                    <Unicode>Bitte, wollen sie sich hier unterschreiben.</Unicode>
                </TextEquiv>
            </TextLine>
            <TextLine id="tr_2_tl_4" custom="readingOrder {index:3;}">
                <Coords points="328,1281 436,1250 895,1331 1208,1289 1420,1362 1540,1312 1652,1362 1953,1335 1949,1223 1833,1188 1470,1208 1358,1127 1208,1188 872,1127 575,1165 444,1073 320,1115"/>
                <Baseline points="346,1211 435,1211 525,1217 614,1223 704,1229 793,1229 883,1235 973,1241 1062,1247 1152,1247 1241,1253 1331,1253 1420,1259 1510,1265 1599,1271 1689,1277 1778,1283 1868,1289 1958,1295 1964,1295"/>
                <TextEquiv>
                    <Unicode>Frau Klaehr (unterschreibt rasch).</Unicode>
                </TextEquiv>
            </TextLine>
            <TextLine id="tr_2_tl_5" custom="readingOrder {index:4;}">
                <Coords points="328,1493 621,1408 3380,1555 3376,1420 3222,1370 316,1277"/>
                <Baseline points="340,1373 429,1367 519,1367 608,1373 698,1379 788,1384 877,1384 967,1396 1056,1402 1146,1402 1235,1402 1325,1408 1414,1414 1504,1420 1593,1420 1683,1426 1773,1438 1862,1444 1952,1444 2041,1450 2131,1456 2220,1462 2310,1462 2399,1474 2489,1480 2578,1486 2668,1486 2758,1486 2847,1492 2937,1498 3026,1498 3116,1504 3205,1510 3295,1516 3384,1516 3390,1516"/>
                <TextEquiv>
                    <Unicode>Beamter: Banke. (Zu den Herren) Ich bin überzeugt, Sie werden sich</Unicode>
                </TextEquiv>
            </TextLine>
            <TextLine id="tr_2_tl_6" custom="readingOrder {index:5;}">
                <Coords points="594,1571 3380,1717 3373,1567 587,1416"/>
                <Baseline points="614,1528 704,1528 793,1534 883,1540 973,1546 1062,1546 1152,1552 1241,1558 1331,1564 1420,1564 1510,1570 1599,1576 1689,1581 1778,1587 1868,1593 1958,1593 2047,1599 2137,1605 2226,1611 2316,1611 2405,1617 2495,1623 2584,1629 2674,1629 2764,1635 2853,1641 2943,1641 3032,1647 3122,1659 3211,1665 3301,1665 3390,1677"/>
                <TextEquiv>
                    <Unicode>hier zu voller Zufriedenheit befinden. Ich habe die Ehre. (ab</Unicode>
                </TextEquiv>
            </TextLine>
            <TextLine id="tr_2_tl_7" custom="readingOrder {index:6;}">
                <Coords points="313,1775 610,1675 1891,1833 3403,1848 3396,1702 3083,1667 305,1571"/>
                <Baseline points="328,1653 417,1665 507,1665 596,1671 686,1677 776,1683 865,1689 955,1695 1044,1701 1134,1701 1223,1707 1313,1713 1402,1719 1492,1719 1581,1725 1671,1731 1761,1737 1850,1743 1940,1749 2029,1755 2119,1755 2208,1761 2298,1767 2387,1773 2477,1773 2566,1778 2656,1784 2746,1784 2835,1790 2925,1796 3014,1796 3104,1802 3193,1814 3283,1814 3372,1820 3414,1820"/>
                <TextEquiv>
                    <Unicode>Major Trembly: Ich bin der Major Trambly und dies mein Freund, der</Unicode>
                </TextEquiv>
            </TextLine>
            <TextLine id="tr_2_tl_8" custom="readingOrder {index:7;}">
                <Coords points="517,1783 563,1787 590,1763 675,1767 691,1783 845,1783 903,1802 930,1783 969,1787 969,1725 903,1721 849,1740 818,1721 783,1733 702,1679 517,1679"/>
                <Baseline points="537,1767 626,1767 716,1767 805,1773 895,1773 979,1778"/>
                <TextEquiv>
                    <Unicode>Rilemeule</Unicode>
                </TextEquiv>
            </TextLine>
            <TextLine id="tr_2_tl_9" custom="readingOrder {index:8;}">
                <Coords points="587,1895 3423,2049 3411,1844 579,1771"/>
                <Baseline points="602,1826 692,1826 782,1832 871,1844 961,1844 1050,1850 1140,1856 1229,1862 1319,1862 1408,1874 1498,1874 1587,1874 1677,1880 1767,1886 1856,1892 1946,1898 2035,1904 2125,1904 2214,1916 2304,1916 2393,1922 2483,1922 2572,1928 2662,1928 2752,1940 2841,1940 2931,1946 3020,1946 3110,1958 3199,1964 3289,1964 3378,1970 3426,1970"/>
                <TextEquiv>
                    <Unicode>Oberst Derue, der leider nicht deutsch kann. Wir bedauern Ihnen</Unicode>
                </TextEquiv>
            </TextLine>
            <TextLine id="tr_2_tl_10" custom="readingOrder {index:9;}">
                <Coords points="575,2049 3280,2145 3241,2030 2882,1976 2720,2045 2470,1956 567,1879"/>
                <Baseline points="591,1975 680,1981 770,1987 859,1993 949,1993 1038,1999 1128,2005 1217,2011 1307,2017 1396,2017 1486,2023 1576,2029 1665,2035 1755,2041 1844,2047 1934,2047 2023,2053 2113,2053 2202,2059 2292,2065 2381,2065 2471,2071 2561,2077 2650,2083 2740,2083 2829,2089 2919,2095 3008,2101 3098,2107 3187,2107 3277,2119 3289,2119"/>
                <TextEquiv>
                    <Unicode>Ungelegenheiten zu verursachen, aber in solchen Zeiten geht</Unicode>
                </TextEquiv>
            </TextLine>
            <TextLine id="tr_2_tl_11" custom="readingOrder {index:10;}">
                <Coords points="544,2172 706,2153 787,2207 999,2215 1212,2165 1682,2234 1675,2107 1640,2099 536,2041"/>
                <Baseline points="561,2125 650,2125 740,2131 829,2137 919,2137 1008,2143 1098,2149 1187,2155 1277,2155 1367,2167 1456,2167 1546,2172 1635,2178 1689,2172"/>
                <TextEquiv>
                    <Unicode>das leider nicht anders.</Unicode>
                </TextEquiv>
            </TextLine>
            <TextLine id="tr_2_tl_12" custom="readingOrder {index:11;}">
                <Coords points="259,2358 895,2288 1169,2385 1416,2315 1752,2419 3234,2443 3187,2215 2504,2311 1212,2165 251,2203"/>
                <Baseline points="274,2262 364,2268 453,2268 543,2274 632,2274 722,2280 811,2280 901,2286 990,2292 1080,2292 1170,2298 1259,2304 1349,2310 1438,2316 1528,2316 1617,2322 1707,2328 1796,2334 1886,2340 1975,2352 2065,2352 2155,2352 2244,2358 2334,2364 2423,2364 2513,2375 2602,2375 2692,2375 2781,2381 2871,2387 2961,2393 3050,2399 3140,2405 3229,2411 3241,2411"/>
                <TextEquiv>
                    <Unicode>Frau Klaehr: Ihr Zimmer ist bereit, meine Herren. Bitte mir zu</Unicode>
                </TextEquiv>
            </TextLine>
            <TextLine id="tr_2_tl_13" custom="readingOrder {index:12;}">
                <Coords points="533,2508 1489,2481 2145,2597 2632,2589 2624,2446 2199,2365 2018,2435 1540,2331 525,2377"/>
                <Baseline points="549,2417 638,2423 728,2429 817,2429 907,2435 937,2435 973,2435 1062,2441 1152,2447 1241,2447 1331,2453 1420,2453 1510,2459 1599,2459 1689,2471 1778,2477 1868,2483 1958,2489 2047,2495 2137,2501 2226,2501 2316,2513 2405,2513 2495,2525 2584,2525 2638,2531"/>
                <TextEquiv>
                    <Unicode>folgen. (Ihnen voran über die Wendeltreppe)</Unicode>
                </TextEquiv>
            </TextLine>
            <TextLine id="tr_2_tl_14" custom="readingOrder {index:13;}">
                <Coords points="1435,2543 1501,2574 1536,2551 1756,2574 1783,2562 1802,2578 1864,2570 1860,2481 1829,2473 1806,2473 1752,2520 1640,2520 1601,2493 1524,2508 1493,2481 1435,2497"/>
                <Baseline points="1456,2537 1546,2543 1635,2549 1725,2555 1814,2555 1868,2549"/>
                <TextEquiv>
                    <Unicode>Rittmeister</Unicode>
                </TextEquiv>
            </TextLine>
            <TextLine id="tr_2_tl_15" custom="readingOrder {index:14;}">
                <Coords points="1003,2678 1057,2643 1161,2697 1289,2643 1713,2732 1856,2693 2072,2767 2377,2709 2369,2566 1497,2574 1358,2489 996,2527"/>
                <Baseline points="1020,2596 1110,2596 1199,2596 1289,2596 1379,2602 1468,2608 1558,2614 1647,2620 1737,2626 1826,2626 1916,2632 2005,2638 2095,2644 2184,2644 2274,2650 2364,2656 2381,2656"/>
                <TextEquiv>
                    <Unicode>(Major und Oberst folgen ihr.)</Unicode>
                </TextEquiv>
            </TextLine>
            <TextLine id="tr_2_tl_16" custom="readingOrder {index:15;}">
                <Coords points="961,3045 1405,3010 1632,3106 1752,3033 2261,3172 2616,3099 3129,3141 3072,2871 949,2836"/>
                <Baseline points="979,2966 1068,2966 1158,2972 1247,2978 1337,2984 1426,2990 1516,2996 1605,2996 1695,3002 1784,3002 1874,3008 1964,3014 2053,3020 2143,3020 2232,3026 2322,3032 2411,3038 2501,3038 2590,3044 2680,3050 2769,3056 2859,3062 2949,3062 3038,3068 3128,3074 3134,3074"/>
                <TextEquiv>
                    <Unicode>Medardus. Nerina (durch die Ladentür herein).</Unicode>
                </TextEquiv>
            </TextLine>
        </TextRegion>
        <TextRegion id="tr_1" custom="readingOrder {index:1;}">
            <Coords points="161,3096 3313,3096 3313,4923 161,4923"/>
            <TextLine id="tr_1_tl_1" custom="readingOrder {index:0;}">
                <Coords points="235,3280 610,3172 3307,3334 3268,3160 2535,3207 2169,3102 1065,3141 224,3033"/>
                <Baseline points="250,3146 340,3158 429,3163 519,3169 608,3169 698,3175 788,3175 877,3181 967,3187 1056,3187 1146,3193 1235,3199 1325,3205 1414,3211 1504,3217 1593,3217 1683,3229 1773,3229 1862,3235 1952,3235 2041,3241 2131,3247 2220,3253 2310,3259 2399,3259 2489,3265 2578,3271 2668,3277 2758,3283 2847,3283 2937,3289 3026,3295 3116,3301 3205,3301 3295,3307 3313,3313"/>
                <TextEquiv>
                    <Unicode>Nerina: Sind sie endlich allein. Eine Stunde schon streif ich hier</Unicode>
                </TextEquiv>
            </TextLine>
            <TextLine id="tr_1_tl_2" custom="readingOrder {index:1;}">
                <Coords points="494,3380 563,3392 617,3349 660,3365 710,3342 760,3369 845,3338 942,3388 992,3365 1065,3392 1131,3353 1212,3388 1208,3237 1127,3268 1011,3241 895,3257 868,3234 779,3268 486,3237"/>
                <Baseline points="513,3313 602,3319 692,3319 782,3325 871,3331 961,3331 1050,3337 1140,3343 1223,3349"/>
                <TextEquiv>
                    <Unicode>draussen herum.</Unicode>
                </TextEquiv>
            </TextLine>
            <TextLine id="tr_1_tl_3" custom="readingOrder {index:2;}">
                <Coords points="220,3519 922,3496 1250,3585 1501,3542 1679,3581 1671,3407 1351,3438 996,3376 918,3427 710,3342 563,3392 208,3326"/>
                <Baseline points="238,3450 328,3456 417,3462 507,3462 596,3468 686,3474 776,3474 865,3480 955,3480 1044,3492 1134,3498 1223,3498 1313,3504 1402,3510 1492,3510 1581,3510 1671,3522 1683,3522"/>
                <TextEquiv>
                    <Unicode>Medardus: Was wollen Sie hier?</Unicode>
                </TextEquiv>
            </TextLine>
            <TextLine id="tr_1_tl_4" custom="readingOrder {index:3;}">
                <Coords points="220,3674 455,3708 706,3635 988,3724 2138,3739 2130,3612 1864,3573 212,3515"/>
                <Baseline points="238,3605 328,3611 417,3611 507,3617 596,3623 686,3623 776,3629 865,3635 955,3635 1044,3647 1134,3647 1223,3647 1313,3653 1402,3659 1492,3665 1581,3671 1671,3677 1761,3677 1850,3677 1940,3683 2029,3689 2119,3689 2143,3689"/>
                <TextEquiv>
                    <Unicode>Nerina: Ich komme, Sie wissen ja von wem.</Unicode>
                </TextEquiv>
            </TextLine>
            <TextLine id="tr_1_tl_5" custom="readingOrder {index:4;}">
                <Coords points="189,3820 3214,3924 3079,3793 185,3677"/>
                <Baseline points="208,3754 298,3760 388,3760 477,3766 567,3772 656,3778 746,3778 835,3778 925,3784 1014,3790 1104,3796 1193,3802 1283,3802 1373,3808 1462,3814 1552,3820 1641,3820 1731,3826 1820,3832 1910,3832 1999,3832 2089,3838 2178,3844 2268,3850 2358,3856 2447,3862 2537,3862 2626,3868 2716,3874 2805,3874 2895,3880 2984,3880 3074,3886 3163,3892 3223,3898"/>
                <TextEquiv>
                    <Unicode>Medardus (lacht auf): Lässt sich das Fräulein wieder nach meinem</Unicode>
                </TextEquiv>
            </TextLine>
            <TextLine id="tr_1_tl_6" custom="readingOrder {index:5;}">
                <Coords points="1929,3920 1960,3924 1980,3913 1995,3920 2122,3913 2118,3863 2099,3863 2068,3847 2049,3855 2030,3843 1987,3847 1980,3839 1968,3851 1960,3843 1926,3843"/>
                <Baseline points="1952,3910 2041,3910 2131,3916 2137,3910"/>
                <TextEquiv>
                    <Unicode>wir</Unicode>
                </TextEquiv>
            </TextLine>
            <TextLine id="tr_1_tl_7" custom="readingOrder {index:6;}">
                <Coords points="459,3998 3203,4075 3199,3936 2254,3847 1922,3932 1497,3816 451,3847"/>
                <Baseline points="477,3922 567,3922 656,3928 746,3934 835,3934 925,3940 1014,3940 1104,3946 1193,3951 1283,3951 1373,3957 1462,3963 1552,3969 1641,3969 1731,3975 1820,3975 1910,3981 1999,3987 2089,3993 2178,3993 2268,3999 2358,4005 2447,4005 2537,4011 2626,4011 2716,4017 2805,4023 2895,4029 2984,4035 3074,4035 3163,4041 3211,4041"/>
                <TextEquiv>
                    <Unicode>Befinden erkundigen? Ich danke, vortrefflich. Diesmals sitzt</Unicode>
                </TextEquiv>
            </TextLine>
            <TextLine id="tr_1_tl_8" custom="readingOrder {index:7;}">
                <Coords points="459,4098 3265,4241 3257,4102 2794,4036 451,3998"/>
                <Baseline points="477,4071 567,4077 656,4083 746,4083 835,4089 925,4095 1014,4095 1104,4101 1193,4107 1283,4107 1373,4113 1462,4119 1552,4119 1641,4119 1731,4125 1820,4131 1910,4131 1999,4137 2089,4137 2178,4143 2268,4148 2358,4154 2447,4160 2537,4160 2626,4166 2716,4172 2805,4178 2895,4184 2984,4184 3074,4190 3163,4196 3253,4202 3271,4202"/>
                <TextEquiv>
                    <Unicode>der Stich wohl besser, aber ich werde auch nicht dran sterben.</Unicode>
                </TextEquiv>
            </TextLine>
            <TextLine id="tr_1_tl_9" custom="readingOrder {index:8;}">
                <Coords points="162,4299 868,4248 3129,4391 3126,4275 2774,4187 158,4144"/>
                <Baseline points="179,4214 268,4220 358,4220 447,4226 537,4226 626,4232 716,4232 805,4238 895,4244 985,4250 1074,4250 1164,4256 1253,4256 1343,4262 1432,4262 1522,4262 1611,4268 1701,4274 1790,4280 1880,4280 1970,4286 2059,4286 2149,4292 2238,4298 2328,4304 2417,4304 2507,4310 2596,4310 2686,4316 2775,4328 2865,4334 2955,4345 3044,4340 3134,4345 3140,4345"/>
                <TextEquiv>
                    <Unicode>Nerina: Sie sollen nicht sterben. Sie sullen mit mir kommen, man</Unicode>
                </TextEquiv>
            </TextLine>
            <TextLine id="tr_1_tl_10" custom="readingOrder {index:9;}">
                <Coords points="444,4445 833,4403 1146,4476 1324,4411 1790,4511 1976,4457 2512,4511 2504,4345 1659,4353 868,4248 664,4330 440,4310"/>
                <Baseline points="465,4369 555,4381 644,4387 734,4393 823,4393 913,4399 1002,4405 1092,4405 1182,4405 1271,4411 1361,4411 1450,4417 1540,4423 1629,4423 1719,4429 1808,4435 1898,4435 1987,4441 2077,4447 2167,4447 2256,4447 2346,4453 2435,4453 2513,4459"/>
                <TextEquiv>
                    <Unicode>erwartet Sie. Hier lesen Sie, aber geschwind.</Unicode>
                </TextEquiv>
            </TextLine>
            <TextLine id="tr_1_tl_11" custom="readingOrder {index:10;}">
                <Coords points="150,4576 2354,4646 2308,4484 143,4426"/>
                <Baseline points="167,4525 256,4519 346,4525 435,4525 525,4537 614,4537 704,4537 793,4537 883,4542 973,4548 1062,4554 1152,4554 1241,4560 1331,4560 1420,4560 1510,4560 1599,4566 1689,4572 1778,4572 1868,4578 1958,4584 2047,4584 2137,4590 2226,4590 2316,4590 2358,4596"/>
                <TextEquiv>
                    <Unicode>Medardus: Mit dem ganzen Namen unterschrieben?</Unicode>
                </TextEquiv>
            </TextLine>
            <TextLine id="tr_1_tl_12" custom="readingOrder {index:11;}">
                <Coords points="139,4723 587,4708 725,4773 884,4712 1667,4735 1636,4600 1567,4654 1123,4600 1007,4650 826,4573 548,4638 135,4573"/>
                <Baseline points="161,4680 250,4674 340,4674 429,4680 519,4686 608,4692 698,4698 788,4698 877,4698 967,4698 1056,4704 1146,4704 1235,4710 1325,4710 1414,4716 1504,4716 1593,4716 1677,4728"/>
                <TextEquiv>
                    <Unicode>Nerina: Ja, damit Sie nicht den xxx</Unicode>
                </TextEquiv>
            </TextLine>
            <TextLine id="tr_1_tl_13" custom="readingOrder {index:12;}">
                <Coords points="1435,4796 2149,4742 3064,4831 3110,4700 2084,4630 1435,4739"/>
                <Baseline points="1456,4775 1540,4781 1629,4787 1719,4775 1804,4747 1804,4747 1898,4745 1987,4739 2077,4739 2167,4739 2256,4739 2346,4739 2435,4745 2525,4751 2614,4757 2704,4757 2793,4763 2883,4769 2972,4775 3062,4781 3116,4775"/>
                <TextEquiv>
                    <Unicode>es sei eine List, oder weiss</Unicode>
                </TextEquiv>
            </TextLine>
            <TextLine id="tr_1_tl_14" custom="readingOrder {index:13;}">
                <Coords points="409,4858 776,4955 895,4912 1266,4931 1393,4982 1513,4939 1682,4966 1648,4800 1378,4789 1239,4731 1084,4793 853,4727 729,4773 540,4715 405,4742"/>
                <Baseline points="429,4841 519,4835 608,4841 698,4847 788,4853 877,4853 967,4853 1056,4859 1146,4859 1235,4859 1325,4859 1414,4865 1504,4871 1593,4883 1683,4877 1689,4871"/>
                <TextEquiv>
                    <Unicode>Gott was. Und Sie möchten</Unicode>
                </TextEquiv>
            </TextLine>
            <TextLine id="tr_1_tl_15" custom="readingOrder {index:14;}">
                <Coords points="1937,4928 2184,4908 2551,5001 2609,4970 3048,5001 3045,4870 3006,4850 2720,4839 2531,4766 2481,4796 2315,4758 2211,4827 1933,4831"/>
                <Baseline points="1958,4871 2047,4883 2137,4895 2226,4895 2316,4895 2405,4895 2495,4895 2584,4901 2674,4907 2764,4907 2853,4913 2943,4913 3032,4913 3056,4913"/>
                <TextEquiv>
                    <Unicode>auf wohl versiegelt zu Haus-</Unicode>
                </TextEquiv>
            </TextLine>
        </TextRegion>
    </Page>
</PcGts>
