4456 5512
2090 264 3041 657 Orlwach.
1537 326 2061 636 Plenk
1099 599 1661 868 verstecken
921 818 2822 1062 Rabenau: Und dann schütten wir es zu.
913 1016 3987 1173 Bernburg: Plank, bleibe Du daheim für mich, ich will Dein Ersatz-
3074 1124 3797 1231 ein paar gute
2214 1124 2582 1235 es gabe.
1091 1153 3896 1334 man sein. (Leibe) Und hierwären nebstbei hundert Dukaten...
896 1268 3937 1516 Plank: He -71 Schafft mir den Kerl fort. Ver von Euch hat es ge-
1087 1450 3916 1636 wagt, was ich sagte für ernst zu nehmen? Er soll mir vor die
1082 1619 4020 1847 Klinge...Einer nach dem Andern. Oder sind Pistolen gefällig?..
892 1776 3623 1938 Kribbling: Derlei wird nach dem Krieg ausgetragen, Plank,
901 1925 4040 2128 Plank (zu Bernburg): Junger Herr, vor vier Jahren war ich Student
1103 2066 4032 2214 wie Sie...Und ich bin vor Ulm gestanden und vor Austerlitz, die
1087 2198 4127 2388 Kugeln sind herum gepfiffen mich. Einen französischen Obristen
1078 2371 4036 2557 leutnant, hab ich vom Pferd heruntergehaun. Und hier die Narbe
1087 2524 4036 2731 an meiner Brust - seht - wer wagts zu glauben, ich habe Angst?)
653 2615 3966 2888 Bouwen Ich will Euch ein Lied singen, kein süsses wie Schellbacher...
1074 2789 4011 3012 nichts von Bräutigam und Braut...ein gutes..kräftiges.. (Er be-
1062 2954 2442 3185 ginnt mit dröhnender Stimme.)
1896 3123 2822 3309 Wir stehn vor Gott,
1896 3231 3388 3491 In der Schlacht, in Not und Tod
1905 3408 2822 3602 Stehn wir vor Gott.
1880 3607 2623 3759 O hör uns, Gott,
1892 3726 2532 3912 Wir schwören!“
1776 3850 3074 4098 (Einige mit "wir schwören")
1871 4032 3751 4226 Wir halten zur Fahn in heisser Schlacht
892 3983 1186 4296 M
1863 4160 3854 4383 Bis es Gottes Gewalt durch uns vollbracht,
1855 4309 2520 4503 Wir schwören.
814 4379 1413 4677 Die Andern:
1880 4412 3772 4664 Wir halten zur Fahn in heisser Schlacht,
1847 4615 3854 4854 Bis es Gottes Gewalt durch uns vollbracht,
1863 4801 2516 4999 Wir schwören.
2285 5086 2532 5280 - 39 -
