<?xml version="1.0" encoding="UTF-8" standalone="yes"?>
<PcGts xmlns="http://schema.primaresearch.org/PAGE/gts/pagecontent/2013-07-15" xmlns:xsi="http://www.w3.org/2001/XMLSchema-instance" xsi:schemaLocation="http://schema.primaresearch.org/PAGE/gts/pagecontent/2013-07-15 http://schema.primaresearch.org/PAGE/gts/pagecontent/2013-07-15/pagecontent.xsd">
    <Metadata>
        <Creator>prov=READ-COOP:name=TrHtr:version=2.1.0:model_id=51170:date=15_08_2023_10:01</Creator>
        <Created>2023-05-10T15:11:26.229+02:00</Created>
        <LastChange>2023-08-15T10:01:22.089+02:00</LastChange>
        <TranskribusMetadata docId="1429033" pageId="55436760" pageNr="338" tsid="132846520" status="IN_PROGRESS" userId="64420" imgUrl="https://files.transkribus.eu/Get?id=RXUYPRYKSJKKPZGONLAXFCWT&amp;fileType=view" xmlUrl="https://files.transkribus.eu/Get?id=XLNUNXKQJTXYBHNPIFZKZDIZ" imageId="44710749"/>
    </Metadata>
    <Page imageFilename="1429033_0338.jpg" imageWidth="3712" imageHeight="5909">
        <ReadingOrder>
            <OrderedGroup id="ro_1711800688015" caption="Regions reading order">
                <RegionRefIndexed index="0" regionRef="tr_1"/>
            </OrderedGroup>
        </ReadingOrder>
        <TextRegion id="tr_1" custom="readingOrder {index:0;}">
            <Coords points="101,1221 3127,1221 3127,4802 101,4802"/>
            <TextLine id="tr_1_tl_1" custom="readingOrder {index:0;}">
                <Coords points="392,1371 2015,1335 2019,1079 1873,1121 1520,1068 1082,1207 392,1246"/>
                <Baseline points="411,1295 501,1301 590,1301 680,1295 769,1301 859,1295 949,1301 1038,1301 1128,1295 1217,1295 1307,1289 1396,1283 1486,1283 1575,1283 1665,1277 1754,1277 1844,1277 1933,1277 2023,1271"/>
                <TextEquiv>
                    <Unicode>(eilends, rasch zu Etzelt und Meckreis)</Unicode>
                </TextEquiv>
            </TextLine>
            <TextLine id="tr_1_tl_2" custom="readingOrder {index:1;}">
                <Coords points="1638,1435 1659,1435 1666,1442 1691,1435 1705,1445 1716,1435 1730,1442 1737,1431 1748,1435 1759,1428 1773,1435 1812,1435 1805,1349 1755,1353 1741,1371 1723,1374 1659,1335 1630,1331"/>
                <Baseline points="1653,1396 1742,1396 1814,1408"/>
                <TextEquiv>
                    <Unicode>G.H.F.P.</Unicode>
                </TextEquiv>
            </TextLine>
            <TextLine id="tr_1_tl_3" custom="readingOrder {index:2;}">
                <Coords points="100,1513 377,1488 530,1524 648,1481 762,1527 943,1474 1129,1517 1132,1363 865,1396 787,1346 584,1385 523,1349 292,1435 185,1378 103,1385"/>
                <Baseline points="119,1456 155,1468 244,1468 334,1462 423,1462 513,1462 602,1456 692,1456 781,1456 871,1456 960,1444 1050,1444 1140,1426"/>
                <TextEquiv>
                    <Unicode>it: Da ist sie? -</Unicode>
                </TextEquiv>
            </TextLine>
            <TextLine id="tr_1_tl_4" custom="readingOrder {index:3;}">
                <Coords points="89,1655 281,1670 409,1616 644,1677 748,1634 805,1670 911,1634 918,1485 758,1527 673,1499 552,1538 491,1517 449,1552 93,1509"/>
                <Baseline points="107,1617 119,1617 208,1617 298,1617 387,1617 477,1611 567,1611 656,1605 746,1605 835,1587 925,1581"/>
                <TextEquiv>
                    <Unicode>Gardus: Mutter!</Unicode>
                </TextEquiv>
            </TextLine>
            <TextLine id="tr_1_tl_5" custom="readingOrder {index:4;}">
                <Coords points="93,1816 2563,1741 2809,1670 2820,1520 2161,1513 1833,1652 1239,1620 993,1709 100,1666"/>
                <Baseline points="113,1772 137,1772 226,1772 316,1766 405,1760 495,1766 584,1766 674,1766 763,1760 853,1760 943,1760 1032,1760 1122,1754 1211,1748 1301,1748 1390,1742 1480,1736 1569,1730 1659,1724 1748,1724 1838,1718 1927,1707 2017,1701 2106,1689 2196,1683 2286,1677 2375,1671 2465,1671 2554,1671 2644,1665 2733,1659 2823,1647"/>
                <TextEquiv>
                    <Unicode>2. Klaehr: Ist was geschehn? - Lebter entre! - Hebt ich ihn pach</Unicode>
                </TextEquiv>
            </TextLine>
            <TextLine id="tr_1_tl_6" custom="readingOrder {index:5;}">
                <Coords points="85,1986 2581,1919 2706,1880 2709,1719 89,1848"/>
                <Baseline points="107,1921 119,1921 208,1915 298,1915 387,1915 477,1915 567,1915 656,1915 746,1915 835,1915 925,1909 1014,1909 1104,1904 1193,1904 1283,1904 1372,1904 1462,1898 1551,1898 1641,1898 1730,1892 1820,1892 1909,1892 1999,1892 2089,1886 2178,1880 2268,1880 2357,1880 2447,1880 2536,1874 2626,1868 2715,1868"/>
                <TextEquiv>
                    <Unicode>ordus: Wir wissen nichts, Mutter. Nichts, nicht nicht</Unicode>
                </TextEquiv>
            </TextLine>
            <TextLine id="tr_1_tl_7" custom="readingOrder {index:6;}">
                <Coords points="171,2083 1328,2111 1844,2058 1848,2011 1428,1969 174,2008"/>
                <Baseline points="190,2077 244,2071 334,2071 423,2071 513,2071 602,2071 692,2077 781,2071 871,2065 960,2059 1050,2059 1140,2053 1229,2053 1319,2047 1408,2041 1498,2035 1587,2035 1677,2041 1766,2047 1856,2053"/>
                <TextEquiv>
                    <Unicode>kommst Du, Mutter?</Unicode>
                </TextEquiv>
            </TextLine>
            <TextLine id="tr_1_tl_8" custom="readingOrder {index:7;}">
                <Coords points="253,2300 2941,2250 2944,2043 256,2111"/>
                <Baseline points="274,2226 358,2220 447,2220 537,2214 626,2220 716,2220 805,2214 895,2214 984,2208 1074,2208 1163,2202 1253,2202 1342,2196 1432,2202 1522,2196 1611,2190 1701,2190 1790,2190 1880,2190 1969,2190 2059,2190 2148,2184 2238,2184 2327,2184 2417,2184 2506,2172 2596,2166 2685,2166 2775,2166 2864,2166 2954,2172"/>
                <TextEquiv>
                    <Unicode>(Etzelt, Frau Föderl und Berger um Frau gleichr. Herr Föders</Unicode>
                </TextEquiv>
            </TextLine>
            <TextLine id="tr_1_tl_9" custom="readingOrder {index:8;}">
                <Coords points="249,2439 3015,2407 3019,2253 253,2300"/>
                <Baseline points="268,2375 340,2375 429,2369 519,2369 608,2363 698,2363 787,2363 877,2357 966,2357 1056,2357 1145,2357 1235,2363 1325,2357 1414,2351 1504,2351 1593,2345 1683,2339 1772,2339 1862,2339 1951,2339 2041,2339 2130,2333 2220,2333 2309,2333 2399,2327 2488,2327 2578,2321 2668,2315 2757,2321 2847,2315 2936,2315 3026,2327"/>
                <TextEquiv>
                    <Unicode>aber immer ängstlich, als gehörte er eigentlich nicht dazu.</Unicode>
                </TextEquiv>
            </TextLine>
            <TextLine id="tr_1_tl_10" custom="readingOrder {index:9;}">
                <Coords points="125,2592 2844,2560 2941,2378 345,2464 128,2389"/>
                <Baseline points="143,2530 173,2530 262,2530 352,2524 441,2524 531,2518 620,2518 710,2518 799,2518 889,2518 978,2512 1068,2512 1157,2512 1247,2512 1336,2506 1426,2506 1516,2506 1605,2506 1695,2500 1784,2500 1874,2494 1963,2494 2053,2494 2142,2488 2232,2488 2321,2482 2411,2482 2500,2488 2590,2488 2679,2482 2769,2477 2859,2477 2948,2471"/>
                <TextEquiv>
                    <Unicode>Klaehr: Ich komm aus Schönbrunn. Der Major Trembly</Unicode>
                </TextEquiv>
            </TextLine>
            <TextLine id="tr_1_tl_11" custom="readingOrder {index:10;}">
                <Coords points="249,2738 2994,2691 3030,2520 253,2577"/>
                <Baseline points="268,2679 352,2673 441,2679 531,2673 620,2673 710,2673 799,2673 889,2668 978,2662 1068,2662 1157,2656 1247,2656 1336,2656 1426,2656 1516,2656 1605,2656 1695,2656 1784,2656 1874,2650 1963,2650 2053,2650 2142,2644 2232,2638 2321,2638 2411,2638 2500,2644 2590,2644 2679,2644 2769,2644 2859,2632 2948,2626 3038,2620"/>
                <TextEquiv>
                    <Unicode>mich hinausbegleitet. Er hat mich aus zum General Rapp gefür=</Unicode>
                </TextEquiv>
            </TextLine>
            <TextLine id="tr_1_tl_12" custom="readingOrder {index:11;}">
                <Coords points="997,2759 1460,2752 1460,2684 1392,2670 1296,2670 1264,2695 1214,2702 1157,2663 1064,2691 1000,2684"/>
                <Baseline points="1020,2739 1110,2745 1199,2739 1289,2739 1378,2733 1468,2727"/>
                <TextEquiv>
                    <Unicode>in Napolen</Unicode>
                </TextEquiv>
            </TextLine>
            <TextLine id="tr_1_tl_13" custom="readingOrder {index:12;}">
                <Coords points="239,2880 2414,2862 2933,2802 2937,2695 242,2720"/>
                <Baseline points="262,2835 346,2829 435,2829 525,2829 614,2823 704,2823 793,2823 883,2823 972,2823 1062,2823 1151,2817 1241,2817 1331,2817 1420,2811 1510,2811 1599,2805 1689,2805 1778,2805 1868,2805 1957,2799 2047,2799 2136,2799 2226,2793 2315,2799 2405,2793 2494,2793 2584,2793 2673,2787 2763,2787 2853,2781 2942,2769"/>
                <TextEquiv>
                    <Unicode>im Adjutanten des Hatsers. Dem hab ich die ganze Sache von</Unicode>
                </TextEquiv>
            </TextLine>
            <TextLine id="tr_1_tl_14" custom="readingOrder {index:13;}">
                <Coords points="260,2998 2652,2951 2570,2862 1962,2830 1577,2901 1164,2909 1000,2827 541,2926 263,2880"/>
                <Baseline points="280,2984 334,2984 423,2990 513,2984 602,2984 692,2978 781,2978 871,2978 960,2978 1050,2972 1140,2972 1229,2966 1319,2966 1408,2966 1498,2966 1587,2966 1677,2960 1766,2960 1856,2954 1945,2954 2035,2954 2124,2954 2214,2954 2303,2954 2393,2954 2482,2948 2572,2942 2662,2936"/>
                <TextEquiv>
                    <Unicode>tragen, die ganze Wahrheit hab ich ihm gesagt, auf</Unicode>
                </TextEquiv>
            </TextLine>
            <TextLine id="tr_1_tl_15" custom="readingOrder {index:14;}">
                <Coords points="1413,3176 1442,3165 1463,3179 1492,3161 1517,3172 1563,3143 1588,3158 1634,3129 1705,3119 1744,3129 1755,3033 1702,3022 1680,3040 1670,3026 1602,3037 1545,2990 1431,2998"/>
                <Baseline points="1438,3145 1486,3145 1575,3133 1665,3121 1754,3115"/>
                <TextEquiv>
                    <Unicode>ardus</Unicode>
                </TextEquiv>
            </TextLine>
            <TextLine id="tr_1_tl_16" custom="readingOrder {index:15;}">
                <Coords points="239,3193 445,3211 584,3140 680,3197 837,3133 1061,3168 1061,3015 1032,3001 901,3005 787,3083 680,3030 470,3069 242,2998"/>
                <Baseline points="262,3127 352,3133 441,3133 531,3133 620,3133 710,3133 799,3127 889,3121 978,3121 1068,3127"/>
                <TextEquiv>
                    <Unicode>hin für uns alle.</Unicode>
                </TextEquiv>
            </TextLine>
            <TextLine id="tr_1_tl_17" custom="readingOrder {index:16;}">
                <Coords points="78,3329 975,3282 1125,3329 1193,3279 1488,3329 1559,3261 1823,3272 1823,3211 1563,3143 1485,3193 1271,3143 872,3158 765,3218 584,3140 456,3211 82,3204"/>
                <Baseline points="101,3282 131,3288 220,3288 310,3288 399,3288 489,3282 578,3282 668,3282 758,3282 847,3276 937,3276 1026,3270 1116,3270 1205,3264 1295,3264 1384,3258 1474,3258 1563,3246 1653,3240 1742,3235 1832,3240"/>
                <TextEquiv>
                    <Unicode>elt: Es war recht so.</Unicode>
                </TextEquiv>
            </TextLine>
            <TextLine id="tr_1_tl_18" custom="readingOrder {index:17;}">
                <Coords points="1495,3361 2553,3293 2820,3336 2869,3329 2876,3165 1495,3300"/>
                <Baseline points="1516,3330 1539,3330 1629,3330 1718,3324 1808,3318 1898,3318 1987,3318 2077,3312 2166,3306 2256,3306 2345,3294 2435,3294 2524,3288 2614,3288 2703,3282 2793,3282 2882,3282"/>
                <TextEquiv>
                    <Unicode>Ce hat mich nicht angehört, aber</Unicode>
                </TextEquiv>
            </TextLine>
            <TextLine id="tr_1_tl_19" custom="readingOrder {index:18;}">
                <Coords points="107,3492 2752,3457 2876,3332 110,3336"/>
                <Baseline points="125,3449 196,3443 286,3443 376,3437 465,3437 555,3437 644,3431 734,3431 823,3431 913,3426 1002,3431 1092,3431 1181,3426 1271,3420 1360,3420 1450,3420 1539,3426 1629,3420 1718,3414 1808,3420 1898,3414 1987,3414 2077,3408 2166,3408 2256,3402 2345,3402 2435,3402 2524,3396 2614,3396 2703,3396 2793,3396 2882,3390"/>
                <TextEquiv>
                    <Unicode>### Klaehr: Und es war alles vergebens. Er hat mich nicht zum</Unicode>
                </TextEquiv>
            </TextLine>
            <TextLine id="tr_1_tl_20" custom="readingOrder {index:19;}">
                <Coords points="260,3599 2407,3596 2649,3571 2652,3489 1107,3428 263,3514"/>
                <Baseline points="280,3599 334,3593 423,3593 513,3593 602,3593 692,3587 781,3587 871,3581 960,3581 1050,3575 1140,3575 1229,3575 1319,3569 1408,3575 1498,3569 1587,3569 1677,3569 1766,3563 1856,3563 1945,3557 2035,3551 2124,3551 2214,3551 2303,3551 2393,3545 2482,3551 2572,3545 2662,3551"/>
                <TextEquiv>
                    <Unicode>ser geführt. Er hat nicht dürfen. Oder nicht weilen</Unicode>
                </TextEquiv>
            </TextLine>
            <TextLine id="tr_1_tl_21" custom="readingOrder {index:20;}">
                <Coords points="1705,3674 2019,3635 2264,3663 2471,3621 2567,3649 2592,3645 2595,3567 2403,3592 2325,3549 2186,3585 2143,3560 2075,3585 1709,3581"/>
                <Baseline points="1724,3652 1796,3646 1886,3640 1975,3634 2065,3628 2154,3628 2244,3628 2333,3628 2423,3622 2512,3617 2602,3617"/>
                <TextEquiv>
                    <Unicode>habich schreiben die</Unicode>
                </TextEquiv>
            </TextLine>
            <TextLine id="tr_1_tl_22" custom="readingOrder {index:21;}">
                <Coords points="840,3674 943,3667 1018,3685 1040,3667 1075,3677 1150,3663 1168,3677 1250,3653 1285,3663 1285,3603 1250,3581 1210,3603 1182,3581 1150,3588 1107,3613 1082,3592 1025,3596 1007,3578 844,3603"/>
                <Baseline points="859,3664 937,3664 1026,3664 1116,3658 1205,3652 1295,3646"/>
                <TextEquiv>
                    <Unicode>Aber ein</Unicode>
                </TextEquiv>
            </TextLine>
            <TextLine id="tr_1_tl_23" custom="readingOrder {index:22;}">
                <Coords points="2674,3766 2698,3774 2734,3759 2755,3763 2791,3742 2834,3745 2848,3731 2901,3727 2905,3603 2876,3592 2844,3599 2834,3588 2816,3596 2784,3571 2759,3578 2738,3567 2731,3574 2706,3546 2677,3546"/>
                <Baseline points="2697,3700 2733,3694 2823,3694 2912,3694"/>
                <TextEquiv>
                    <Unicode>Votre monde.</Unicode>
                </TextEquiv>
            </TextLine>
            <TextLine id="tr_1_tl_24" custom="readingOrder {index:23;}">
                <Coords points="260,3770 2389,3781 2460,3649 1727,3670 1581,3588 979,3692 260,3670"/>
                <Baseline points="280,3748 316,3742 405,3742 495,3742 584,3742 674,3742 763,3736 853,3736 943,3736 1032,3736 1122,3736 1211,3736 1301,3730 1390,3730 1480,3724 1569,3724 1659,3724 1748,3724 1838,3718 1927,3718 2017,3718 2106,3712 2196,3712 2286,3718 2375,3718 2465,3706"/>
                <TextEquiv>
                    <Unicode>nicht. Dann habe ich ein Gesuch geschrieben, das</Unicode>
                </TextEquiv>
            </TextLine>
            <TextLine id="tr_1_tl_25" custom="readingOrder {index:24;}">
                <Coords points="267,3916 3119,3930 3122,3770 2990,3727 271,3784"/>
                <Baseline points="286,3897 352,3897 441,3897 531,3897 620,3897 710,3897 799,3891 889,3891 978,3885 1068,3885 1157,3879 1247,3879 1336,3879 1426,3879 1516,3879 1605,3873 1695,3879 1784,3873 1874,3873 1963,3873 2053,3867 2142,3867 2232,3867 2321,3867 2411,3861 2500,3861 2590,3855 2679,3855 2769,3855 2859,3861 2948,3849 3038,3855 3127,3855"/>
                <TextEquiv>
                    <Unicode>nem Kabinet schreiben dürfen. Er hat mir versprochen, es un</Unicode>
                </TextEquiv>
            </TextLine>
            <TextLine id="tr_1_tl_26" custom="readingOrder {index:25;}">
                <Coords points="271,4076 2898,4044 2898,3941 2339,3880 1410,3966 274,3905"/>
                <Baseline points="292,4052 310,4052 399,4052 489,4052 578,4052 668,4052 758,4046 847,4046 937,4040 1026,4040 1116,4040 1205,4040 1295,4040 1384,4040 1474,4034 1563,4034 1653,4028 1742,4028 1832,4028 1921,4022 2011,4028 2100,4028 2190,4028 2280,4022 2369,4022 2459,4022 2548,4022 2638,4016 2727,4010 2817,4004 2906,4004"/>
                <TextEquiv>
                    <Unicode>ter die Briefschaften des Kaisers zu legen. Das war alle</Unicode>
                </TextEquiv>
            </TextLine>
            <TextLine id="tr_1_tl_27" custom="readingOrder {index:26;}">
                <Coords points="253,4261 3030,4187 3030,4066 2909,4019 2485,4101 256,4087"/>
                <Baseline points="274,4201 352,4207 441,4201 531,4201 620,4195 710,4195 799,4195 889,4190 978,4190 1068,4184 1157,4190 1247,4190 1336,4184 1426,4184 1516,4184 1605,4184 1695,4184 1784,4178 1874,4178 1963,4178 2053,4172 2142,4172 2232,4178 2321,4178 2411,4172 2500,4172 2590,4172 2679,4166 2769,4160 2859,4160 2948,4160 3038,4166"/>
                <TextEquiv>
                    <Unicode>war ich entlassen Und bin fort. Nein, ich hab fort wollen.</Unicode>
                </TextEquiv>
            </TextLine>
            <TextLine id="tr_1_tl_28" custom="readingOrder {index:27;}">
                <Coords points="253,4386 3022,4382 3069,4219 253,4261"/>
                <Baseline points="274,4363 298,4363 387,4351 477,4351 567,4351 656,4351 746,4351 835,4351 925,4345 1014,4345 1104,4339 1193,4339 1283,4339 1372,4339 1462,4339 1551,4333 1641,4333 1730,4339 1820,4333 1909,4333 1999,4327 2089,4327 2178,4321 2268,4321 2357,4321 2447,4321 2536,4321 2626,4315 2715,4315 2805,4315 2894,4309 2984,4309 3073,4309"/>
                <TextEquiv>
                    <Unicode>Aber ich hab nicht fort können. Es hat mich dorten gehalten.</Unicode>
                </TextEquiv>
            </TextLine>
            <TextLine id="tr_1_tl_29" custom="readingOrder {index:28;}">
                <Coords points="253,4521 2834,4535 3115,4496 3119,4386 253,4418"/>
                <Baseline points="274,4512 346,4506 435,4512 525,4506 614,4506 704,4506 793,4500 883,4500 972,4494 1062,4494 1151,4494 1241,4494 1331,4494 1420,4494 1510,4494 1599,4494 1689,4494 1778,4494 1868,4488 1957,4488 2047,4488 2136,4482 2226,4476 2315,4476 2405,4476 2494,4476 2584,4470 2673,4470 2763,4470 2853,4470 2942,4470 3032,4464 3121,4470"/>
                <TextEquiv>
                    <Unicode>wie wenn ich warten müsst. Die ganze Nacht bin ich draus</Unicode>
                </TextEquiv>
            </TextLine>
            <TextLine id="tr_1_tl_30" custom="readingOrder {index:29;}">
                <Coords points="274,4721 1331,4649 2015,4724 2221,4642 2602,4671 2606,4553 2364,4493 1791,4589 1200,4514 278,4564"/>
                <Baseline points="292,4661 376,4661 465,4661 555,4661 644,4661 734,4661 823,4655 913,4655 1002,4655 1092,4649 1181,4655 1271,4649 1360,4649 1450,4649 1539,4649 1629,4649 1718,4649 1808,4643 1898,4637 1987,4631 2077,4637 2166,4637 2256,4637 2345,4631 2435,4625 2524,4625 2614,4625"/>
                <TextEquiv>
                    <Unicode>sen geblieben... Im Hof bin ich gestanden, hab zu</Unicode>
                </TextEquiv>
            </TextLine>
            <TextLine id="tr_1_tl_31" custom="readingOrder {index:30;}">
                <Coords points="1670,4838 1755,4842 1787,4870 1865,4852 1926,4870 2011,4824 2157,4838 2161,4706 2015,4724 2001,4706 1880,4706 1841,4681 1823,4696 1791,4678 1766,4699 1673,4696"/>
                <Baseline points="1689,4792 1718,4792 1808,4780 1898,4786 1987,4786 2077,4780 2166,4786"/>
                <TextEquiv>
                    <Unicode>buchtet und</Unicode>
                </TextEquiv>
            </TextLine>
        </TextRegion>
    </Page>
</PcGts>
