4152 5448
1272 182 1652 395 :
940 612 3817 861 sein, das an dieser Stelle zu erklären? Oder hat sich der Boden
940 798 3623 988 verwandelt, auf dem ich stehe. Ist dies nicht mehr der Hof
1723 940 1984 1035 valin.
929 1023 1980 1174 des Herzogs von Barry?
699 1067 3710 1304 Caillard: Es dürfte nicht schwer sein, ihn vom Hof des Grafen von
929 1249 3536 1482 Lille zu unterscheiden, den te ja kennen dürften.
695 1418 3449 1660 Renault (ihn scharf und ruhig betrachtend): Ist es das...
917 1778 3758 2023 Herzog und Dr. Assalagny treten aus dem Gartensaal. Desolteux
1798 1948 2699 2161 Caillard. Renault.
699 2181 2892 2339 Renault (ihm rasch entgegen): Mein Herzog...
711 2319 3888 2529 Herzog: Die Stimme Renaulte! Sein Sie mir willkommen. (Er reicht
932 2481 1600 2663 ihm die Hand.)
707 2572 2821 2813 Renault (beugt sein Knie und küsst die Hand).
699 2794 2742 2924 Herzog: Wer ist ausser Ihnen hier anwesend?
699 2916 1833 3129 Desolteux: Ich, Herzog.
699 3054 1691 3252 Caillard: Und ich...
2118 3066 2718 3276 marquis?
699 3201 2533 3394 Herzog: Und unser Vetter, der Vieemte?
707 3366 1960 3556 Desolteux: Er fehlt noch.
699 3528 3766 3718 Herzog (zu einem Lakain, der auf der Stufe der Terasse stehen ge-
929 3667 3690 3872 blieben ist): Man setze meine Gattin und meine Tochter von
921 3825 3070 4003 der Anwesenheit des Herrn Renault in Kenntnis.
684 3924 1249 4180 Lakai (ab).
688 4038 2975 4331 Herzog: Renault, was haben Sie mir zu berichten?
688 4255 3837 4433 Renault: Nichts, mein Herzog. Denn alles ist nun sinnlos geworden..
917 4461 1968 4639 ausser meinem Schmerz.
676 4631 3821 4821 Helene (kommt): Hier bin ich, mein Vater. Meine Mutter lässt sich
921 4809 3849 5038 entschuldigen, sie fühlt sich nicht fähig irgend einen Menschen
2067 4994 2225 5263 78
