3731 5576
536 611 3346 899 Und ich kann Dich nicht mehr verlieren, wie immer diese Nacht
552 796 1959 1017 auch endet. (Sie umarmt ihn.)
217 1001 3259 1198 Medardus (bleibt starr, sieht ihr nach, wie sie mit Eschenbacher
528 1147 3165 1395 hinabgeht, setzt sich dann auf einen der Wollsäcke an der
540 1273 891 1454 Rampe.)
544 1442 3326 1667 Anten am Tor und weiterhin Männer und Frauen, sich drängend,
524 1632 3263 1856 zum Teil fliehend der Feuerschein am Himmel wird immer hel-
544 1742 1774 1943 ler. Wieder ein Schuss.)
217 1908 3228 2077 Einzelne Stimmen: Jesus Maria und Josef. Es brennt. - Um Gottes-
532 2053 3397 2223 willen, wo soll man denn da hin.. - Halt Dich an die Mauer...
20 1943 256 2231 leurs
552 2203 3212 2384 - Nach Haus, nach haus.. - Es ist ja in keiner Strasse si-
426 2369 3236 2542 cher... - Wo brennts denn..? - Jesus, Maria und Josef....
213 2534 3051 2723 Föderl- (unter den Andern): O Du mein Gott, o Du méin Gott...
217 2704 3003 2865 Berger: Na, ists Ihnen jetzt lebhaft genug, Frau Grinzinger?
205 2846 3366 2984 Einzelne Stimmen Ich geh in den Keller.... Es ist hell wie am Tag...
520 2980 3303 3133 Platz, Platz.... So lassen S' einen doch vorbei... Jetzt wirds
532 3106 3322 3299 stiller... Ja freilich! stiller!... Wo brennts denn?...Jesus,
520 3307 1450 3500 Maria und Josef....
1052 3401 2609 3657 (Die Bühne leert sich allmählich.)
520 3634 3338 3823 (Oben auf der Bastei ist es nahezu ganz still. - Nur zuweilen
765 3717 1679 3839 Ritter vorbei
508 3776 2893 3941 eilen die Gardisten, auch einzelne Leute in Zivil.)
575 3910 2199 4142 (kommt zu Medardus von rechts aus).
166 3882 508 4111 Etzelt
1159 4111 2006 4359 Medardus. Etzelt.
173 4237 1123 4481 Etzelt: Medardus -!
158 4359 3287 4639 Medardus: Du Etzelt, was suchst Du hier auf der Bastei? Es ist kein
493 4603 1892 4785 guter Aufenthalt, heut Nacht.
169 4733 3342 4950 Etzelt: Wenns gerade darauf ankäme... so ist es hier sicherer als ir¬
1604 5025 1927 5301 - 140.
