3691 5464
570 485 3317 759 nie ein Mensch geliebt worden ist, Lieben wie einen Gott und
586 643 3398 921 Sie brauchen nichts zu sein als ein Mann. Wenn mir bestimmt ist,
589 821 3356 1067 die Mutter eines Königs zu sein, so wird die Stunde, da ich ihn
570 959 3363 1217 in Ihren Armen empfange, so erfüllt sein von Seligkeit, dass Sie
574 1086 3325 1410 auch die Tage der Trennung segnen werden durch die Sie wandeln
559 1260 998 1406 mussten.
339 1364 2462 1668 Visomte: Ich werde Ihrer würdig sein, Helene.
308 1576 3359 1961 Herzog. Assalagny. Desolteux. Dagusan. Laffraye (aus dem Garten
1510 1791 1811 1892 Sarpais
1391 1834 2173 1999 Vieemte. Helene.
316 1919 3379 2211 Herzog: Mein Sohn, ich komme Ihnen noch einmal die Hand zu drücken,
555 2119 3352 2308 eh Sie uns verlassen. Gott möge Ihren Weg beschützen. Mehr sag
566 2254 3398 2523 ich nicht. Von den Tagen der Zukunft wollen wir in diesem Augen-
562 2385 2015 2581 blick des Abschieds nicht reden.
821 2496 1711 2616 Es ist kaum nötte
320 2500 3375 2843 Dagusan: Herr Herzog; wenn das Wort Zukunft aufklingt, so erscheint
539 2693 2354 2882 vor uns allen das gleiche erhabene Bild.
308 2843 3398 3043 Desoltaux: In dieser Stunde, da näher von uns, als wirs je erlebten, der
539 3032 3363 3221 Tyrann unsres geliebten Vaterlands von seinem letzten Siege aus-
512 3167 3429 3367 ruht, wollen wir unsre Knie neigen vor dem wahren Herrn Frankreide
250 3278 3167 3544 Dagusan: Dem Herzog von Barry und seinen Kindern Treue schwören,
516 3456 1287 3648 eh wir scheiden.
277 3614 2982 3818 Desolteux: Ahnherr von künftigen Königen, wir grüssen Dich.
516 3760 3167 4003 (Nur Dagusan und Desolteux neigen sich. Der Herzog steht er¬
1310 3918 2219 4126 hobenen Hauptes da.)
520 4095 3294 4288 Diener tritt ein! Herr Herzog, der General Rapp bittet um die
493 4218 1687 4427 Ehre empfangen zu werden.
1287 4392 1807 4581 (Grosse Be¬
266 4527 1841 4750 Assalagny: Der General Rapp....!
270 4662 1992 4908 Laffraye: Der Adjutant Napoleons...!
