3704 5368
1164 648 2316 855 Zweite szene.
1140 801 2407 945 .....,., - * - * * * ̃ * -
186 1016 3179 1379 Garten des Herzogs. Gegen Abend. Helene allein auf einer Bank.
1007 1230 2287 1495 Dagusan, Laffray kommen.
157 1379 3249 1730 Dagusan: Verzeihn Sie, Prinzessin... es wurde uns der Auftrag zu
450 1590 1804 1804 teil, im Garten zu warten...
2671 1689 3154 1858 chargées.
165 1726 3274 1990 Helene: Mein Vater hat eben eine Unterredung mit den Xichmts. Ich
429 1912 3225 2126 nehme an, dass sie jetzt ungestört sein wollen. (Da Dagusa
446 2069 3320 2296 und Laffray sich verbeugen und weiter gehen wollen.) Bleiben
438 2242 3315 2440 Sie nur, meine Herren... Sie beide waren wohl heute Zeugen bei
1511 2345 1874 2448 parqui
2300 2358 2725 2461 Charpier
454 2358 3208 2560 dem Duell des Herrn Vieente. Oh... der Vicente konnte mir
425 2514 2783 2741 beim besten Villen kein Geheimnis daraus machen...
136 2667 3245 2931 Laffray: Wenn es erlaubt ist davon zu reden, - es war prächtig an
421 2828 826 3039 zusehn.
128 2874 1606 3183 Helene: Das lässt sich denken.
2861 3088 3365 3274 Marmi
103 3113 3225 3332 Dagusan: Wahrhaftig Prinzessin, es ist ein Vergnügen den Vieomte
388 3266 3064 3493 jemanden totstechen zu sehn. Nun bin ich etwa ein halbes
396 3468 3357 3650 dutzendmal dabeigeweinen und es verliert nicht an Reiz für mich.
120 3600 3435 3811 Helene: Diesmal mussten sie doch auf das Vergnügen verzichten, höviel
107 3761 3233 3964 Daguean: Zum Teil, Prinzessin. Uhrigens muss man sagen, dass der
388 3902 3286 4096 junge Mann, der die Ehre hatte dem Herrn Viconte gegenüber zu-
384 4050 3253 4277 stehn, ein unseres Freundes nicht ganz unwürdiger Gegner war.
99 4211 3138 4447 Laffray: Es war ein schöner Kampf, Prinzeszinsl Auch der Ort
347 4356 3125 4571 dem er stattfand W konnte nicht besser gewählt werden...Ein
355 4546 3196 4752 blumenbedeckter Wiesenplan, umgeben von frisch belaubten Bäu-
355 4674 3225 4950 über all dem ein wunderbarer Frühlingshimmel - ich werde die
1457 4979 1779 5144 102 -
