3608 5464
259 599 1724 828 kann sich gar nicht verlassen.
164 797 3117 996 chenbacher: ###i nicht zu streng, Agathe. Die Handwerksleute ha-
2091 908 2491 1015 auch eben
267 965 3090 1118 ben jetzt alle viel zu tun. Ich hab mich nur auf eine Stunde
252 1110 3132 1259 frei gemacht. (Und dann gleich wieder zurück in mein Geschäft,
267 1251 3250 1434 Wo ich wohl die halbe Nacht durcharbeiten muss mit meinen Gesel-
248 1431 485 1587 len.
153 1511 2724 1759 na: Beim Vater gibts weniger Arbeit, Herr Eschenbacher.
145 1732 3041 1896 chenbacher: Ja, nach Pfeifenköpfen und Schachfiguren ist jetzt
2712 1774 3380 1961 und Fertschen
469 1850 813 1965 geringre
271 1843 3159 2033 wohl weniger Nachfrage als nach Zaum und Sattelzeug. Und über-
263 2037 2995 2217 dies, wer den Meister nicht daheim findt', schaut ein Haus
263 2186 3124 2358 weiter. (Er hat sich auf den Sessel ans Spinett gesetzt und
271 2316 1984 2503 schlägt beiläufig einige Tasten an.)
134 2487 3144 2663 rathe: Nun wirds aber Zeit, Tisch zu decken. Sie müssen doch bald
259 2640 3201 2850 daheim sein, die Mutter und Medardus. (Zum Schrank, nimmt das
259 2800 3002 2987 Nötige heraus und beschäftigt sich dann damit den Tisch zu
248 2945 687 3121 decken.)
111 3063 3083 3269 nna: Ich will dir Licht machen, Agathe. (Zündet die Hängelampe
263 3224 1194 3418 über dem Tisch an.)
130 3376 2396 3556 rathe: Du isst doch einen Bissen mit uns, Oheim?
134 3571 3189 3720 chenbacher: Wenns erlaubt ist. Man möchte doch auch am Abschieds-
259 3716 3212 3861 schmause teilnehmen. (Nicht ohne Bedeutung) Gibts sonst neues
259 3861 1041 4025 im Haus, Agathe?
122 4006 1454 4200 rathe: Nichts Onkel, nichts.
99 4158 3121 4368 nna: Sie haben sich just so hingesetzt... Wollen Sie uns was vor-
259 4345 3071 4506 spielen auf dem Spinett? Ich habe Sie so lange nicht gehört.
229 4441 3231 4643 Wann wars nur das letztemal... Im verflossenen Winter. Am ersten
237 4609 1919 4799 Veihnachtsfeiertag. Ich weiss noch.
99 4761 2983 4979 schenbacher: Und der Himmel straf mich, wenn ich seither eine
1442 5024 1713 5280 - 10 -
