3763 5512
1151 709 2252 885 Zweite Szene
1191 846 2279 1046 .....,..  =================
2303 959 2702 1245 Valois
865 1112 2593 1343 Salon im Hause des Herzogs von Berry.
278 1273 3317 1496 Dagusan (aus dem Garten herein, ein beschriebenes Blatt Papier in
493 1473 3329 1680 der Hand, in dem er liest. Er geht langsam nach vorn und setzt
501 1555 1860 1805 sich an einen kleinen Tisch.)
255 1700 1629 1950 Laffraye (kommt von rechts).
255 1903 1801 2130 Laffraye: Guten Morgen, Dagusan.
274 2107 3145 2303 Dagusan (aufblickend): Sie, Laffraye?...Die Feierlichkeit ist
474 2275 3297 2499 längst vorbei.Seit einer Stunde ist unser Freund vermählt. Man
474 2436 3063 2589 hat Sie vermisst, Laffraye, nicht ohne Erstaunen vermisst.
1727 2538 2056 2647 Charpier
2663 2553 3086 2651 carpus.
235 2569 3341 2781 Laffraye: Ich werde dem Herrn Vicamte und der Frau Vicemtesse meine
470 2702 3156 2957 Entschuldigungen vorbringen. ### studieren Sie da, Dagusan?
231 2824 3290 3031 Dagusan: Unsern Reiseplan. Meinen vielmehr. Denn jeder von uns hat
466 3051 3333 3215 einen andern. Jeder von uns muss einzeln von hier verschwinden.
454 3168 2303 3360 Erst an der Grenze treffen wir zusammen.
219 3313 1692 3529 Laffraye: Wenn wir Glück haben.
219 3497 3372 3705 Dagusan: Ja freilich, das gehört dazu. Nur der Vicomte und Desoltsux
458 3615 3305 3822 bleiben beieinander. Sehen sie, hier ist dieHeute verzeichnet.
435 3752 3223 3979 Renault hat die grösste Genauigkeit aufgewandt. Jeder Gasthof
435 3928 3278 4100 steht da, in dem wir einen Imbiss zu nehmen haben, jedes Nacht-
439 4057 2632 4269 lager, wo wir unser Haupt zur Ruhe legen dürfen.
184 4214 3239 4441 Laffraye: Ich vermisse den Ort, wo wir festgenommen werden sollen.
180 4406 3235 4578 Dagusan: Sie sind nicht sehr hoffnungsvoll, Laffraye. Allerdings u.
407 4578 3192 4731 der letzte Aufschub war auch nicht nach meinem Sinn. Aber was
427 4684 3235 4864 wollen Sie, Laffraye? Der Vicomte hat es sich nun einmal in den
376 4833 2291 5052 Kopf gesetzt erst als Ehemann abzureisen.
161 4911 3035 5209 Laffraye: Da er doch heute vor Nacht fort muss und allein, was
