<?xml version="1.0" encoding="UTF-8" standalone="yes"?>
<PcGts xmlns="http://schema.primaresearch.org/PAGE/gts/pagecontent/2013-07-15" xmlns:xsi="http://www.w3.org/2001/XMLSchema-instance" xsi:schemaLocation="http://schema.primaresearch.org/PAGE/gts/pagecontent/2013-07-15 http://schema.primaresearch.org/PAGE/gts/pagecontent/2013-07-15/pagecontent.xsd">
    <Metadata>
        <Creator>prov=READ-COOP:name=TrHtr:version=2.1.0:model_id=51170:date=15_08_2023_10:00</Creator>
        <Created>2023-05-10T15:10:48.621+02:00</Created>
        <LastChange>2023-08-15T10:00:27.098+02:00</LastChange>
        <TranskribusMetadata docId="1429033" pageId="55435548" pageNr="129" tsid="132846302" status="IN_PROGRESS" userId="64420" imgUrl="https://files.transkribus.eu/Get?id=MTNSMPIGPZEODVMKPPSFIHQV&amp;fileType=view" xmlUrl="https://files.transkribus.eu/Get?id=SOAISNXSWMSXOGZHZNQPQCMY" imageId="44709538"/>
    </Metadata>
    <Page imageFilename="1429033_0129.jpg" imageWidth="3641" imageHeight="5803">
        <ReadingOrder>
            <OrderedGroup id="ro_1711800166680" caption="Regions reading order">
                <RegionRefIndexed index="0" regionRef="tr_1"/>
                <RegionRefIndexed index="1" regionRef="tr_2"/>
            </OrderedGroup>
        </ReadingOrder>
        <TextRegion id="tr_1" custom="readingOrder {index:0;}">
            <Coords points="89,917 3134,917 3134,2678 89,2678"/>
            <TextLine id="tr_1_tl_1" custom="readingOrder {index:0;}">
                <Coords points="126,1057 1283,1022 1390,1095 1623,1007 1627,804 1279,819 1011,911 643,831 402,881 130,804"/>
                <Baseline points="149,985 202,985 292,985 382,985 471,979 561,979 650,979 740,973 829,973 919,979 1008,979 1098,973 1188,973 1277,973 1367,973 1456,973 1546,973 1635,967"/>
                <TextEquiv>
                    <Unicode>elt (kommt ihnen grad entgegen).</Unicode>
                </TextEquiv>
            </TextLine>
            <TextLine id="tr_1_tl_2" custom="readingOrder {index:1;}">
                <Coords points="142,1214 2071,1145 2071,1057 1987,1018 1696,976 1405,1099 1302,1030 142,1026"/>
                <Baseline points="161,1134 197,1134 286,1134 376,1134 465,1134 555,1134 644,1134 734,1134 823,1134 913,1134 1002,1134 1092,1128 1182,1128 1271,1128 1361,1128 1450,1134 1540,1128 1629,1122 1719,1122 1808,1116 1898,1122 1988,1116 2077,1116"/>
                <TextEquiv>
                    <Unicode>schartinge: Einen schönen, guten Morgen.</Unicode>
                </TextEquiv>
            </TextLine>
            <TextLine id="tr_1_tl_3" custom="readingOrder {index:2;}">
                <Coords points="115,1355 425,1313 712,1367 999,1317 995,1156 892,1152 777,1218 628,1225 490,1168 299,1237 257,1210 111,1233"/>
                <Baseline points="131,1271 220,1283 310,1289 400,1283 489,1289 579,1289 668,1283 758,1283 847,1283 937,1283 1008,1283"/>
                <TextEquiv>
                    <Unicode>elt: Guten Morgen.</Unicode>
                </TextEquiv>
            </TextLine>
            <TextLine id="tr_1_tl_4" custom="readingOrder {index:3;}">
                <Coords points="100,1528 2940,1420 2940,1325 2761,1309 103,1359"/>
                <Baseline points="125,1444 173,1444 262,1444 352,1438 441,1438 531,1438 620,1438 710,1438 800,1438 889,1438 979,1438 1068,1432 1158,1432 1247,1432 1337,1432 1426,1432 1516,1426 1605,1426 1695,1426 1785,1426 1874,1420 1964,1420 2053,1420 2143,1414 2232,1414 2322,1414 2411,1408 2501,1408 2591,1402 2680,1402 2770,1402 2859,1402 2949,1397"/>
                <TextEquiv>
                    <Unicode>Zuzhartinger: Wenn der Herr so gut sein möcht und mir eine Au-</Unicode>
                </TextEquiv>
            </TextLine>
            <TextLine id="tr_1_tl_5" custom="readingOrder {index:4;}">
                <Coords points="2439,1505 2508,1524 2592,1493 2661,1493 2711,1516 2768,1478 2852,1501 2933,1482 2937,1413 2872,1436 2803,1417 2672,1436 2653,1413 2615,1432 2565,1417 2439,1432"/>
                <Baseline points="2459,1486 2495,1486 2585,1486 2674,1480 2764,1480 2853,1474 2943,1480"/>
                <TextEquiv>
                    <Unicode>kleer in</Unicode>
                </TextEquiv>
            </TextLine>
            <TextLine id="tr_1_tl_6" custom="readingOrder {index:5;}">
                <Coords points="218,1608 2198,1589 2470,1677 2956,1612 2960,1478 218,1489"/>
                <Baseline points="238,1594 280,1594 370,1594 459,1594 549,1594 638,1594 728,1588 817,1594 907,1588 997,1582 1086,1588 1176,1588 1265,1582 1355,1582 1444,1582 1534,1582 1623,1576 1713,1576 1802,1576 1892,1576 1982,1570 2071,1570 2161,1570 2250,1564 2340,1564 2429,1570 2519,1570 2608,1570 2698,1564 2788,1558 2877,1558 2967,1552"/>
                <TextEquiv>
                    <Unicode>kunft geben, - wie schauts denn drin in Vien aus, ist denn</Unicode>
                </TextEquiv>
            </TextLine>
            <TextLine id="tr_1_tl_7" custom="readingOrder {index:6;}">
                <Coords points="724,1692 754,1704 777,1681 942,1669 1015,1715 1099,1685 1145,1715 1248,1704 1244,1612 1206,1600 1172,1616 950,1600 911,1631 846,1608 796,1631 720,1597"/>
                <Baseline points="746,1677 835,1671 925,1671 1014,1677 1104,1671 1194,1677 1259,1683"/>
                <TextEquiv>
                    <Unicode>Quaitres?</Unicode>
                </TextEquiv>
            </TextLine>
            <TextLine id="tr_1_tl_8" custom="readingOrder {index:7;}">
                <Coords points="218,1750 257,1773 475,1746 613,1773 639,1750 678,1780 735,1746 946,1738 946,1673 754,1700 586,1639 482,1666 368,1631 306,1673 222,1681"/>
                <Baseline points="238,1743 286,1743 376,1743 465,1737 555,1737 644,1737 738,1739 738,1739 776,1725 865,1719 955,1725"/>
                <TextEquiv>
                    <Unicode>noch ein Platz?</Unicode>
                </TextEquiv>
            </TextLine>
            <TextLine id="tr_1_tl_9" custom="readingOrder {index:8;}">
                <Coords points="831,1826 1420,1792 1520,1830 1945,1757 2094,1803 2198,1746 2324,1803 2328,1654 1861,1581 835,1742"/>
                <Baseline points="855,1789 949,1785 1038,1791 1128,1785 1217,1785 1307,1785 1397,1779 1486,1779 1576,1779 1665,1773 1755,1767 1844,1761 1934,1755 2023,1755 2113,1749 2202,1743 2292,1749 2334,1743"/>
                <TextEquiv>
                    <Unicode>de Hauses lui à der Stadt. Es</Unicode>
                </TextEquiv>
            </TextLine>
            <TextLine id="tr_1_tl_10" custom="readingOrder {index:9;}">
                <Coords points="433,1822 471,1834 502,1822 528,1838 651,1838 708,1811 724,1822 762,1819 766,1746 674,1780 643,1746 609,1773 590,1754 559,1769 521,1750 440,1738"/>
                <Baseline points="453,1820 495,1814 585,1820 674,1814 771,1795"/>
                <TextEquiv>
                    <Unicode>steh 2d</Unicode>
                </TextEquiv>
            </TextLine>
            <TextLine id="tr_1_tl_11" custom="readingOrder {index:10;}">
                <Coords points="80,1995 735,1907 1210,1991 1727,1895 2986,1941 3040,1734 80,1819"/>
                <Baseline points="101,1904 179,1898 268,1892 358,1892 447,1892 537,1898 626,1898 716,1892 805,1892 895,1892 985,1892 1074,1892 1164,1892 1253,1892 1343,1886 1432,1886 1522,1880 1611,1880 1701,1880 1791,1880 1880,1880 1970,1874 2059,1874 2149,1868 2238,1868 2328,1868 2417,1868 2507,1868 2597,1868 2686,1868 2776,1868 2865,1862 2955,1856 3044,1868"/>
                <TextEquiv>
                    <Unicode>selt: Platz wenig schon geben. Sind gar viele Leute fortgereist</Unicode>
                </TextEquiv>
            </TextLine>
            <TextLine id="tr_1_tl_12" custom="readingOrder {index:11;}">
                <Coords points="241,2083 1520,2117 2144,2018 2408,2102 3006,2056 3009,1918 241,1956"/>
                <Baseline points="262,2047 328,2047 417,2047 507,2047 597,2047 686,2041 776,2041 865,2041 955,2041 1044,2041 1134,2047 1223,2041 1313,2041 1402,2035 1492,2041 1582,2041 1671,2035 1761,2035 1850,2017 1940,2017 2029,2017 2119,2017 2208,2017 2298,2017 2388,2023 2477,2017 2567,2017 2656,2017 2746,2017 2835,2017 2925,2011 3014,2011"/>
                <TextEquiv>
                    <Unicode>in den letzten Tagen. Aber xxx xxx Die Häuser aus</Unicode>
                </TextEquiv>
            </TextLine>
            <TextLine id="tr_1_tl_13" custom="readingOrder {index:12;}">
                <Coords points="1853,2110 1903,2110 1926,2129 1972,2106 1999,2117 2022,2098 2045,2121 2094,2106 2209,2117 2228,2098 2278,2102 2278,2033 2217,2048 2171,2041 2152,2022 2121,2033 2102,2022 1972,2037 1926,2060 1895,2041 1853,2060"/>
                <Baseline points="1874,2089 1964,2089 2053,2089 2143,2089 2232,2089 2286,2089"/>
                <TextEquiv>
                    <Unicode>reticulirt</Unicode>
                </TextEquiv>
            </TextLine>
            <TextLine id="tr_1_tl_14" custom="readingOrder {index:13;}">
                <Coords points="938,2217 1332,2194 1681,2286 2336,2190 2470,2244 3013,2186 3017,2052 942,2106"/>
                <Baseline points="959,2199 1008,2185 1098,2191 1188,2185 1279,2193 1279,2193 1373,2191 1462,2191 1552,2191 1641,2185 1731,2185 1820,2185 1910,2185 2000,2185 2089,2185 2179,2179 2268,2173 2358,2167 2447,2143 2537,2143 2626,2137 2716,2137 2805,2131 2895,2131 2985,2125 3026,2125"/>
                <TextEquiv>
                    <Unicode>fort sind, die sind versperrt. Unterhalt</Unicode>
                </TextEquiv>
            </TextLine>
            <TextLine id="tr_1_tl_15" custom="readingOrder {index:14;}">
                <Coords points="253,2213 440,2228 490,2202 544,2221 666,2202 766,2225 896,2198 915,2217 950,2205 950,2102 861,2121 777,2098 701,2140 601,2098 452,2129 345,2102 253,2133"/>
                <Baseline points="274,2202 328,2191 417,2197 507,2191 597,2191 686,2191 776,2191 865,2191 959,2199"/>
                <TextEquiv>
                    <Unicode>denen die Leut</Unicode>
                </TextEquiv>
            </TextLine>
            <TextLine id="tr_1_tl_16" custom="readingOrder {index:15;}">
                <Coords points="295,2278 758,2290 808,2247 842,2278 1260,2251 1260,2209 1080,2182 854,2221 770,2190 551,2225 295,2209"/>
                <Baseline points="316,2250 334,2250 423,2250 513,2250 602,2250 692,2250 782,2250 871,2244 967,2237 967,2237 997,2238 1086,2238 1176,2238 1271,2231"/>
                <TextEquiv>
                    <Unicode>in einem Gegsthof nach</Unicode>
                </TextEquiv>
            </TextLine>
            <TextLine id="tr_1_tl_17" custom="readingOrder {index:16;}">
                <Coords points="65,2466 988,2362 3128,2370 3128,2244 2615,2171 2404,2274 69,2282"/>
                <Baseline points="89,2358 179,2352 268,2352 358,2352 447,2352 537,2352 626,2346 716,2346 805,2346 895,2352 985,2346 1074,2346 1164,2352 1253,2346 1343,2346 1432,2346 1522,2346 1611,2340 1701,2340 1791,2340 1880,2334 1970,2334 2059,2340 2149,2340 2238,2334 2328,2334 2417,2328 2507,2328 2597,2328 2686,2328 2776,2328 2865,2328 2955,2328 3044,2322 3134,2322"/>
                <TextEquiv>
                    <Unicode>zu Kreuzhartinger: Na, siehst wie dumm noch dazu, die andern gehen</Unicode>
                </TextEquiv>
            </TextLine>
            <TextLine id="tr_1_tl_18" custom="readingOrder {index:17;}">
                <Coords points="230,2573 1589,2508 1884,2627 2286,2500 2933,2573 3040,2550 3044,2351 1650,2435 988,2362 230,2462"/>
                <Baseline points="250,2507 268,2507 358,2501 447,2501 537,2507 626,2501 716,2501 805,2501 895,2501 985,2501 1074,2495 1164,2501 1253,2495 1343,2495 1432,2495 1522,2495 1611,2495 1701,2495 1791,2495 1880,2489 1970,2489 2059,2489 2149,2483 2238,2483 2328,2483 2417,2483 2507,2477 2597,2477 2686,2477 2776,2477 2865,2483 2955,2477 3044,2495"/>
                <TextEquiv>
                    <Unicode>aus Wien fort, dass ihnen nix g'schieht und wir kommen eini,</Unicode>
                </TextEquiv>
            </TextLine>
            <TextLine id="tr_1_tl_19" custom="readingOrder {index:18;}">
                <Coords points="237,2753 632,2661 724,2715 1091,2718 1275,2672 1397,2703 1397,2542 1152,2584 911,2546 777,2588 735,2550 463,2611 345,2538 241,2592"/>
                <Baseline points="262,2668 352,2662 441,2662 531,2656 620,2656 710,2656 800,2656 889,2656 979,2656 1068,2656 1158,2650 1247,2650 1337,2650 1408,2668"/>
                <TextEquiv>
                    <Unicode>dass uns nix g'schieht.</Unicode>
                </TextEquiv>
            </TextLine>
        </TextRegion>
        <TextRegion id="tr_2" custom="readingOrder {index:1;}">
            <Coords points="71,2738 3259,2738 3259,5102 71,5102"/>
            <TextLine id="tr_2_tl_1" custom="readingOrder {index:0;}">
                <Coords points="57,2891 142,2910 279,2845 693,2872 1026,2803 1321,2806 1325,2711 915,2741 850,2692 693,2722 605,2676 440,2738 230,2703 61,2745"/>
                <Baseline points="77,2829 167,2817 256,2811 346,2811 435,2811 525,2811 614,2811 704,2811 794,2811 883,2805 973,2800 1062,2800 1152,2800 1241,2800 1331,2788"/>
                <TextEquiv>
                    <Unicode>zelt: Kommt Ihr von weit?</Unicode>
                </TextEquiv>
            </TextLine>
            <TextLine id="tr_2_tl_2" custom="readingOrder {index:1;}">
                <Coords points="957,2875 1072,2898 1091,2883 1145,2898 1164,2883 1202,2895 1256,2879 1329,2895 1394,2887 1390,2768 1367,2764 1363,2776 1344,2764 1290,2814 1172,2810 1137,2829 1118,2810 1099,2826 1030,2803 957,2826"/>
                <Baseline points="979,2871 1068,2871 1158,2877 1247,2877 1337,2877 1402,2877"/>
                <TextEquiv>
                    <Unicode>reternk.</Unicode>
                </TextEquiv>
            </TextLine>
            <TextLine id="tr_2_tl_3" custom="readingOrder {index:2;}">
                <Coords points="50,3048 2707,3009 2975,2948 2975,2841 1669,2872 1482,2787 1348,2895 846,2826 50,2906"/>
                <Baseline points="71,2967 119,2967 208,2967 298,2961 388,2961 477,2961 567,2961 656,2967 746,2961 835,2955 925,2961 1014,2961 1104,2961 1194,2949 1283,2949 1373,2949 1462,2943 1552,2949 1641,2949 1731,2949 1820,2949 1910,2949 2000,2949 2089,2943 2179,2943 2268,2943 2358,2943 2447,2943 2537,2943 2626,2943 2716,2943 2805,2937 2895,2937 2985,2931"/>
                <TextEquiv>
                    <Unicode>reuzhartinger: Aus Böheimkirchen...Vie wir von xxxst Tagen fort</Unicode>
                </TextEquiv>
            </TextLine>
            <TextLine id="tr_2_tl_4" custom="readingOrder {index:3;}">
                <Coords points="234,3163 2669,3163 3048,3113 3052,2933 2780,3017 234,3036"/>
                <Baseline points="256,3122 280,3116 370,3116 459,3116 549,3116 638,3116 728,3116 817,3116 907,3116 997,3110 1086,3110 1176,3110 1265,3110 1355,3104 1444,3104 1534,3104 1623,3104 1713,3104 1802,3104 1892,3104 1982,3104 2071,3098 2161,3098 2250,3098 2340,3098 2429,3092 2519,3092 2608,3092 2698,3092 2788,3098 2877,3092 2967,3092 3056,3086"/>
                <TextEquiv>
                    <Unicode>sind, hath g'heissen die Franzosen stehn keine dreissig Mei-</Unicode>
                </TextEquiv>
            </TextLine>
            <TextLine id="tr_2_tl_5" custom="readingOrder {index:4;}">
                <Coords points="218,3281 314,3277 421,3323 567,3293 655,3331 789,3293 961,3339 961,3189 823,3163 662,3186 563,3155 375,3208 322,3178 218,3182"/>
                <Baseline points="238,3271 328,3271 417,3265 507,3265 597,3265 686,3265 776,3265 865,3265 955,3265 967,3271"/>
                <TextEquiv>
                    <Unicode>len hinter uns.</Unicode>
                </TextEquiv>
            </TextLine>
            <TextLine id="tr_2_tl_6" custom="readingOrder {index:5;}">
                <Coords points="188,3484 1401,3415 2584,3484 2849,3454 2849,3262 1313,3339 188,3270"/>
                <Baseline points="208,3426 262,3426 352,3420 441,3420 531,3414 620,3414 710,3414 800,3414 889,3414 979,3426 1068,3420 1158,3414 1247,3414 1337,3414 1426,3414 1516,3408 1605,3408 1695,3414 1785,3408 1874,3408 1964,3408 2053,3408 2143,3402 2232,3402 2322,3402 2411,3402 2501,3402 2591,3402 2680,3397 2770,3397 2859,3402"/>
                <TextEquiv>
                    <Unicode>Kreuzhartinger: Ja... er hat schon den Vind im G'nick</Unicode>
                </TextEquiv>
            </TextLine>
            <TextLine id="tr_2_tl_7" custom="readingOrder {index:6;}">
                <Coords points="234,3595 2872,3618 2971,3595 2971,3454 234,3507"/>
                <Baseline points="256,3594 292,3588 382,3582 471,3582 561,3576 650,3576 740,3576 829,3576 919,3576 1008,3570 1098,3570 1188,3570 1277,3570 1367,3564 1456,3564 1546,3564 1635,3564 1725,3564 1814,3564 1904,3564 1994,3564 2083,3564 2173,3564 2262,3558 2352,3558 2441,3558 2531,3558 2620,3558 2710,3564 2800,3558 2889,3558 2979,3558"/>
                <TextEquiv>
                    <Unicode>g'spürt...Und gar auf unsern Hof haben sie's abg' sehn, die</Unicode>
                </TextEquiv>
            </TextLine>
            <TextLine id="tr_2_tl_8" custom="readingOrder {index:7;}">
                <Coords points="222,3745 1509,3794 2320,3718 2470,3794 2680,3722 2860,3802 2902,3622 226,3641"/>
                <Baseline points="244,3725 310,3731 400,3731 489,3731 579,3731 668,3725 758,3725 847,3725 937,3725 1026,3725 1116,3719 1205,3719 1295,3719 1385,3719 1474,3719 1564,3713 1653,3713 1743,3713 1832,3707 1922,3713 2011,3713 2101,3713 2191,3713 2280,3713 2370,3713 2459,3707 2549,3707 2638,3707 2728,3707 2817,3707 2907,3707"/>
                <TextEquiv>
                    <Unicode>Franzesen. J. Der Huber und der Mittelbach, die sind schön</Unicode>
                </TextEquiv>
            </TextLine>
            <TextLine id="tr_2_tl_9" custom="readingOrder {index:8;}">
                <Coords points="1734,3806 1780,3813 1830,3794 1876,3817 1899,3794 1934,3790 1972,3790 1995,3810 2022,3790 2041,3810 2068,3802 2068,3756 2010,3756 1945,3737 1903,3752 1845,3722 1826,3737 1734,3737"/>
                <Baseline points="1755,3797 1808,3791 1898,3785 1988,3785 2077,3791"/>
                <TextEquiv>
                    <Unicode>men</Unicode>
                </TextEquiv>
            </TextLine>
            <TextLine id="tr_2_tl_10" custom="readingOrder {index:9;}">
                <Coords points="176,3924 2998,3871 3212,3990 3254,3710 2864,3802 176,3790"/>
                <Baseline points="197,3892 214,3892 304,3880 394,3880 483,3880 573,3880 662,3880 752,3880 841,3880 931,3880 1020,3880 1110,3880 1200,3880 1289,3874 1379,3874 1468,3874 1558,3874 1647,3874 1737,3874 1826,3874 1916,3874 2005,3874 2095,3868 2185,3862 2274,3862 2364,3862 2453,3862 2543,3862 2632,3862 2722,3862 2811,3862 2901,3862 2991,3862 3080,3862 3170,3868 3259,3868"/>
                <TextEquiv>
                    <Unicode>### Haus geblieben... Aber wenn man xxx Hasenfuss zum Mann hat.</Unicode>
                </TextEquiv>
            </TextLine>
            <TextLine id="tr_2_tl_11" custom="readingOrder {index:10;}">
                <Coords points="50,4097 1819,4047 2064,4124 2994,4055 3025,3924 50,3944"/>
                <Baseline points="71,4035 77,4035 167,4035 256,4029 346,4029 435,4029 525,4029 614,4035 704,4041 794,4035 883,4035 973,4029 1062,4029 1152,4029 1241,4035 1331,4029 1420,4029 1510,4029 1600,4029 1689,4029 1779,4029 1868,4029 1958,4029 2047,4023 2137,4023 2226,4023 2316,4023 2405,4023 2495,4023 2585,4017 2674,4017 2764,4017 2853,4017 2943,4023 3032,4029"/>
                <TextEquiv>
                    <Unicode>ersushartinger (zu Etselt): Ich lass sie halt reden. Glauben st.</Unicode>
                </TextEquiv>
            </TextLine>
            <TextLine id="tr_2_tl_12" custom="readingOrder {index:11;}">
                <Coords points="230,4231 394,4254 636,4189 888,4254 1302,4250 1420,4189 1478,4208 1482,4081 1198,4120 1110,4066 1022,4116 976,4078 781,4131 701,4078 234,4093"/>
                <Baseline points="250,4191 322,4191 411,4185 501,4185 591,4185 680,4185 770,4185 859,4185 949,4185 1038,4185 1128,4179 1217,4179 1307,4179 1397,4179 1486,4185"/>
                <TextEquiv>
                    <Unicode>nicht. es ist das beste -?</Unicode>
                </TextEquiv>
            </TextLine>
            <TextLine id="tr_2_tl_13" custom="readingOrder {index:12;}">
                <Coords points="69,4407 337,4349 812,4395 1133,4334 1608,4395 1608,4215 819,4277 616,4192 387,4246 69,4158"/>
                <Baseline points="89,4346 95,4352 185,4340 274,4340 364,4346 453,4340 543,4334 632,4340 722,4340 811,4340 901,4334 991,4334 1080,4334 1170,4328 1259,4328 1349,4334 1438,4328 1528,4334 1617,4334"/>
                <TextEquiv>
                    <Unicode>selt: Ich ledig.. Herr Vetter....</Unicode>
                </TextEquiv>
            </TextLine>
            <TextLine id="tr_2_tl_14" custom="readingOrder {index:13;}">
                <Coords points="84,4568 2990,4533 3071,4361 375,4353 84,4434"/>
                <Baseline points="107,4483 119,4483 208,4489 298,4489 388,4489 477,4489 567,4489 656,4495 746,4495 835,4495 925,4495 1014,4489 1104,4495 1194,4495 1283,4489 1373,4489 1462,4489 1552,4489 1641,4483 1731,4483 1820,4483 1910,4483 2000,4483 2089,4477 2179,4477 2268,4483 2358,4477 2447,4477 2537,4477 2626,4477 2716,4477 2805,4477 2895,4477 2985,4477 3074,4471"/>
                <TextEquiv>
                    <Unicode>Buchartinger: Ah so...Na, der Herr darf nicht glauben, dass wir</Unicode>
                </TextEquiv>
            </TextLine>
            <TextLine id="tr_2_tl_15" custom="readingOrder {index:14;}">
                <Coords points="211,4706 2684,4725 2753,4549 2332,4499 1838,4579 1505,4503 211,4602"/>
                <Baseline points="232,4650 256,4650 346,4644 435,4644 525,4644 614,4644 704,4644 794,4644 883,4644 973,4644 1062,4644 1152,4644 1241,4644 1331,4638 1420,4638 1510,4638 1600,4638 1689,4632 1779,4632 1868,4638 1958,4632 2047,4632 2137,4626 2226,4638 2316,4632 2405,4632 2495,4626 2585,4626 2674,4632 2764,4626"/>
                <TextEquiv>
                    <Unicode>die Einzigen sind, die vom Land hereinkommen. Ueberals</Unicode>
                </TextEquiv>
            </TextLine>
            <TextLine id="tr_2_tl_16" custom="readingOrder {index:15;}">
                <Coords points="230,4859 1436,4878 1880,4786 2649,4885 3021,4809 3025,4709 234,4706"/>
                <Baseline points="250,4805 256,4805 346,4805 435,4805 525,4805 614,4800 704,4800 794,4794 883,4800 973,4794 1062,4800 1152,4800 1241,4800 1331,4800 1420,4794 1510,4794 1600,4800 1689,4794 1779,4788 1868,4788 1958,4782 2047,4788 2137,4788 2226,4794 2316,4794 2405,4794 2495,4788 2585,4788 2674,4788 2764,4788 2853,4782 2943,4782 3032,4800"/>
                <TextEquiv>
                    <Unicode>wir vorbekommen sind, wird packt und aufgladen....Es ist</Unicode>
                </TextEquiv>
            </TextLine>
            <TextLine id="tr_2_tl_17" custom="readingOrder {index:16;}">
                <Coords points="245,5016 1122,4951 1290,5027 1539,4954 1845,5042 1991,4958 2672,5023 2672,4885 2569,4847 2255,4878 1880,4782 1424,4878 245,4885"/>
                <Baseline points="268,4955 352,4961 441,4955 531,4955 620,4955 710,4955 800,4955 889,4955 979,4955 1068,4949 1158,4949 1247,4949 1337,4949 1426,4949 1516,4949 1605,4949 1695,4949 1785,4949 1874,4937 1964,4931 2053,4937 2143,4943 2232,4943 2322,4937 2411,4937 2501,4937 2591,4937 2680,4925"/>
                <TextEquiv>
                    <Unicode>halt doch sicherer in der Stadt. xxx habts doch Mauer</Unicode>
                </TextEquiv>
            </TextLine>
            <TextLine id="tr_2_tl_18" custom="readingOrder {index:17;}">
                <Coords points="2860,5119 2883,5119 2914,5100 3029,5157 3067,5131 3086,5131 3086,4989 3025,5000 3009,5016 2998,5008 2960,5016 2914,4977 2860,4989"/>
                <Baseline points="2883,5080 2973,5080 3062,5080 3092,5086"/>
                <TextEquiv>
                    <Unicode>aussi</Unicode>
                </TextEquiv>
            </TextLine>
            <TextLine id="tr_2_tl_19" custom="readingOrder {index:18;}">
                <Coords points="2278,5115 2393,5134 2424,5111 2439,5123 2523,5111 2565,5138 2596,5123 2627,5150 2646,5134 2718,5131 2718,5031 2684,5023 2515,5042 2500,5027 2397,5035 2374,5012 2332,5008 2278,5042"/>
                <Baseline points="2298,5092 2370,5092 2459,5092 2549,5092 2638,5086 2728,5086"/>
                <TextEquiv>
                    <Unicode>anwesen.</Unicode>
                </TextEquiv>
            </TextLine>
        </TextRegion>
    </Page>
</PcGts>
