4520 5464
3208 223 3423 442 Monsieur, de
1763 1152 2989 1404 ERSTER AUFFZUG.
1738 1367 3006 1532 .................................Wu-Mik
1808 1585 2861 1858 Erste Szene.
813 1846 3997 2139 Friedhof. Weit und gross. Mit zahlreichen Grabsteinen und Kreuzen.
809 2102 3881 2263 Jenseits der Mauer im Hintergrund Hügelkette, darüber blossblauer
793 2242 3997 2395 Himmel mit weissen Wolken. Zwei breite Wege von rechts und links füh-
826 2378 4009 2576 ren zu einem offenen Grab vorn Mitte, in dem ein Totengräber beschäf-
809 2531 4026 2692 tigt ist. Anfangs nur wenige Leute, allmählich mehr. Zu Beginn schon
801 2725 4017 2882 sieht man den uralten Herrn, von einem kleinen Mädchen geführt, zwi-
813 2865 3935 3031 schen den Grabsteinen auf und abgehn, Inschriften lesen, auf die er
809 3010 4050 3167 zuweilen mit seinem Stock deutet. Es kommen eben Herr Föderl, majerer,
813 3154 3980 3320 etwas ängstlicher Herr von fünfzig und Frau Föderl, wohlbeleibt und
801 3299 1206 3522 lebhaft.
797 3518 4108 3675 Herr Föderl: Na siehst Du, dass wir noch zurecht gekommen sind. Beineh
1069 3666 2407 3819 die allerersten sind wir da.
789 3798 3848 4046 Frau Föderl: So sehn wirs wenigstens in der Näh. Können der Frau
1057 3964 3530 4187 Klaehr Kondolenz erweisen und hören was geredt wird.
797 4125 3881 4335 Herr Föderl: Wer soll denn reden bei einer solchen Leich. Sie ist
1065 4265 2733 4476 ja nicht einmal eingesegnet worden.
789 4434 3811 4632 Frau Winkler (ältere, sehr gut gekleidete, nicht unvornehme Frau
1053 4579 2808 4806 mit ihrer Tochter Leopoldine kommen.)
784 4665 2622 4975 Féderl: Guten Tag, Frau von Winkler.
2250 4942 2510 5177 - 53 -
