3768 5384
1693 403 2643 643 Marquis, Valvis
535 535 3338 771 gleichen. Umsomehr da der Vincente von Derry die üble Gewohn¬
531 735 3326 934 heit haben soll, seine Gegner immer ins Herz, mitten in den
539 838 3230 1070 Sitz des Lebens zu treffen aber rebus sic stantibus, wie
551 1026 3246 1250 die Dinge stehn, kann ich wohl sagen, darf ich Wohl meine
527 1170 3254 1485 Hand ins Feuer legen, dass nichts mehr zu befürchten ist.
575 1345 990 1557 (herein).
228 1318 495 1565 Anna
283 1469 1880 1737 Frau Klachr: Was willst Du denn?
271 1637 3465 1833 Anna (an der Tür): Weil es so still war... ich hab Angst bekommen..
275 1785 3473 2032 Medardus: Mein gutes Annerl! ich bin nicht tot! Ich habe nicht die
555 1960 1829 2152 geringste Lust zu sterben.
271 2052 3426 2304 Eschenbacher (ist auch hereingetreten, nahe zu Medardus hin): So
563 2244 3537 2483 darf man sich wohl mit Beruhigung entfernen. Nuh Medardus, sagt
563 2392 2519 2623 bist Du nicht ein rechter Narr gewesen...
275 2555 1409 2763 Medardus: Glaub nicht.
275 2675 3298 2899 Eschenbacher: Ich will Abend wiederkommen. Hab Dir allerlei zu
567 2867 2911 3086 sagen. (Nimmt von den andern Abschied und geht.)
275 3030 3489 3230 Frau Klaehr (zum Arzt): sollen wir ihn nicht doch ins Bett brin-
563 3206 795 3394 gen?
603 3290 3366 3517 Ach ja, es gibt wohl ein vakantes in diesem Haus. Ich habe
267 3290 547 3545 Arzt:
575 3465 3450 3677 schört, ich habe gehört.. ein trauriger Fall. Ja, es gibt viel
575 3613 3493 3809 Unglück in der Velt. Heute früh, werte Frau Klaehr, starb auch
2348 3753 2603 3853 selber
555 3813 3473 3985 mir ein Kind. Mein einziges. Und ich bracht ihm die Krankheit
575 3937 3386 4112 mit von einem andern Kind, das ich gesund gemacht habe. Und
563 4124 3533 4304 dieses Kind, das ich gesund gemacht habe, hat sechs Geschwister
571 4220 3509 4412 Ja, er hat Lausen, der da droben. Aber was hilfts darüber nach-
579 4388 3134 4571 sudenken? Daher find ich, der Herr Medardus liege, wo
571 4567 3398 4743 liegt. Jacest ubi jacet. Hahaha... es klingt wie ein Spricht
579 4719 3030 4959 indes ich erfand es soeben. (Versinkt wieder in Sinne
