3715 5576
451 659 1633 901 Den Hohn seine so weit —!
2928 759 3571 963 Fransishe
343 886 3375 1094 Eschenbacher: Hohn? Was fällt Dir ein? Gnade! - Nur Gnade? - Was
624 1025 3190 1252 sprichst Du vom Vaterland, Franziska! Es gibt nur ein
613 1140 3275 1341 Vaterland auf Erden - Frankreich. Nein, nicht Frankreicht
1418 1310 3255 1445 Lendam Reich Napoleons jetzt über die Januels
601 1294 3240 1545 Reich Napoleons. Und darum, wer waren erhebt gegen Napolau
613 1495 3136 1730 ist kein ehrlicher Feind, ist ein Hochverräter. So ist d
601 1583 1048 1795 verstehn.
308 1676 2916 1992 Frau Klaehr: Woher weisst Du denn das vom Generalpardon¬
320 1934 3386 2181 Eschenbacher: Ist doch schon angeschlagen am Magistrat. Ich war eben
582 2103 2789 2308 dort meinen Austritt melden aus der Bürgergarde.
297 2223 1637 2423 Frau Klaehr: Durftest Du....
304 2312 3090 2600 Eschenbacher: Sollen mich zwingen. Täten nur alle wie ich! Wann
462 2481 3252 2739 allentäten müssten die Franzosen zur Aufrechterhaltung der
570 2677 3332 2847 Ordnung in der Stadt mindestens zwanzigtausend von ihren Leu-
732 2774 1260 2897 in der Stadt.
570 2839 3371 3059 ten zurücklassen - das könnte die nächste Schlacht entscheiden
566 2974 3209 3240 Und die wird nicht lange auf sich warten lassen. Erzherzog
547 3109 1260 3305 Karl ist nah...
277 3236 1822 3487 Frau Klaehr: Hörst Du, Medardus?
277 3336 3379 3683 Bachenbacher: Was hilfte ihmt - Mitkämpfen wird er nicht... Und kei-
547 3591 3109 3826 ner von uns...Vaffenlos oder mit Waffen - im Dienst oder
547 3698 2015 3918 nicht - Gefangene sind wir alle.
270 3872 3140 4064 Vachshuber (nachdem er geklopft, tritt von rechts ein): Guten
535 4049 3171 4257 Abend. Wirklich, man sieht beinah gar nichts, wenn man von
512 4180 3278 4373 draussen hereinkommt. Guten Abend, Frau Klächr, ah, der Herr
516 4299 3356 4542 Eschenbacher...O, schon in Zivil...Das ist halt ein Tag, jaja...
254 4430 2165 4650 Ntzelt: Was wünschen Sie, Herr Wachshubert
551 4604 3051 4877 über: Ja so, ich komm nämlich...selbstverständlich kom-
