<?xml version="1.0" encoding="UTF-8" standalone="yes"?>
<PcGts xmlns="http://schema.primaresearch.org/PAGE/gts/pagecontent/2013-07-15" xmlns:xsi="http://www.w3.org/2001/XMLSchema-instance" xsi:schemaLocation="http://schema.primaresearch.org/PAGE/gts/pagecontent/2013-07-15 http://schema.primaresearch.org/PAGE/gts/pagecontent/2013-07-15/pagecontent.xsd">
    <Metadata>
        <Creator>prov=READ-COOP:name=TrHtr:version=2.1.0:model_id=51170:date=15_08_2023_10:00</Creator>
        <Created>2023-05-10T15:11:00.034+02:00</Created>
        <LastChange>2023-08-15T10:00:43.965+02:00</LastChange>
        <TranskribusMetadata docId="1429033" pageId="55435938" pageNr="195" tsid="132846372" status="IN_PROGRESS" userId="64420" imgUrl="https://files.transkribus.eu/Get?id=VRHBFVCKSTSAWSRVDSAEPFTJ&amp;fileType=view" xmlUrl="https://files.transkribus.eu/Get?id=XQBAHNBAAUJGNEPHDXOJBQNM" imageId="44709928"/>
    </Metadata>
    <Page imageFilename="1429033_0195.jpg" imageWidth="3811" imageHeight="5592">
        <ReadingOrder>
            <OrderedGroup id="ro_1711800328840" caption="Regions reading order">
                <RegionRefIndexed index="0" regionRef="tr_2"/>
                <RegionRefIndexed index="1" regionRef="tr_3"/>
                <RegionRefIndexed index="2" regionRef="tr_1"/>
            </OrderedGroup>
        </ReadingOrder>
        <TextRegion id="tr_2" custom="readingOrder {index:0;}">
            <Coords points="334,744 3441,744 3441,2214 334,2214"/>
            <TextLine id="tr_2_tl_1" custom="readingOrder {index:0;}">
                <Coords points="640,825 3418,846 3370,713 2855,761 2436,652 1856,781 1095,664 640,713"/>
                <Baseline points="663,800 752,800 842,800 932,794 1021,800 1111,800 1200,800 1290,800 1380,806 1469,806 1559,812 1648,812 1738,812 1828,812 1917,818 2007,818 2097,818 2186,818 2276,818 2365,818 2455,824 2545,824 2634,824 2724,824 2813,830 2903,830 2993,830 3082,830 3172,836 3262,836 3351,830 3429,836"/>
                <TextEquiv>
                    <Unicode>der General Oreilly an... Warum hat uns der Erzherzog Maxi-</Unicode>
                </TextEquiv>
            </TextLine>
            <TextLine id="tr_2_tl_2" custom="readingOrder {index:1;}">
                <Coords points="628,966 2722,1099 2971,1003 3374,1043 3306,894 2738,858 628,898"/>
                <Baseline points="651,955 740,955 830,955 920,955 1009,955 1099,955 1188,955 1278,955 1368,961 1457,961 1547,961 1636,961 1726,967 1816,967 1905,967 1995,973 2085,973 2174,973 2264,973 2353,973 2443,973 2533,979 2622,979 2712,979 2801,979 2891,985 2981,985 3070,985 3160,985 3250,985 3339,985 3381,985"/>
                <TextEquiv>
                    <Unicode>milian im Stich lassen... Das ist so schon so viel wie Kapi-</Unicode>
                </TextEquiv>
            </TextLine>
            <TextLine id="tr_2_tl_3" custom="readingOrder {index:2;}">
                <Coords points="648,1135 910,1123 1135,1172 1200,1123 1373,1160 1433,1131 1912,1192 1908,1043 1755,999 1659,1047 1538,990 1413,1051 1135,994 1051,1039 942,1011 644,1059"/>
                <Baseline points="669,1105 758,1105 848,1111 937,1105 1027,1111 1117,1111 1206,1111 1296,1111 1386,1111 1475,1111 1565,1117 1654,1117 1744,1117 1834,1123 1923,1123"/>
                <TextEquiv>
                    <Unicode>tulation!.. Kapitualtion!...</Unicode>
                </TextEquiv>
            </TextLine>
            <TextLine id="tr_2_tl_4" custom="readingOrder {index:3;}">
                <Coords points="354,1208 415,1200 431,1212 455,1192 487,1208 503,1192 527,1208 548,1200 564,1216 588,1196 632,1212 672,1204 668,1035 604,1027 531,1079 491,1067 463,1091 346,1071"/>
                <Baseline points="376,1182 466,1176 555,1182 645,1194 687,1194"/>
                <TextEquiv>
                    <Unicode>suelle</Unicode>
                </TextEquiv>
            </TextLine>
            <TextLine id="tr_2_tl_5" custom="readingOrder {index:4;}">
                <Coords points="729,1284 3241,1313 3241,1200 3040,1180 729,1204"/>
                <Baseline points="752,1260 842,1260 932,1260 1021,1260 1111,1260 1200,1260 1290,1260 1380,1266 1469,1266 1559,1266 1648,1266 1738,1266 1828,1272 1917,1272 2007,1272 2097,1272 2186,1278 2276,1272 2365,1278 2455,1278 2545,1278 2634,1284 2724,1284 2813,1284 2903,1284 2993,1284 3082,1284 3172,1290 3250,1290"/>
                <TextEquiv>
                    <Unicode>Die weisse Fahne sollen sie auf der Bastei aufstecken.</Unicode>
                </TextEquiv>
            </TextLine>
            <TextLine id="tr_2_tl_6" custom="readingOrder {index:5;}">
                <Coords points="318,1321 366,1313 415,1349 447,1321 471,1329 531,1305 588,1325 632,1365 656,1365 664,1204 624,1212 588,1196 568,1212 548,1200 507,1216 467,1188 431,1212 322,1200"/>
                <Baseline points="340,1284 400,1278 489,1272 579,1272 669,1266"/>
                <TextEquiv>
                    <Unicode>Flöger:</Unicode>
                </TextEquiv>
            </TextLine>
            <TextLine id="tr_2_tl_7" custom="readingOrder {index:6;}">
                <Coords points="773,1462 3430,1502 3430,1357 3330,1341 2722,1405 2210,1300 2001,1369 773,1337"/>
                <Baseline points="794,1415 884,1415 973,1415 1063,1415 1153,1415 1242,1415 1332,1415 1421,1415 1511,1415 1601,1421 1690,1421 1780,1427 1869,1427 1959,1427 2049,1427 2138,1427 2228,1427 2318,1427 2407,1433 2497,1433 2586,1433 2676,1433 2766,1439 2855,1433 2945,1433 3034,1439 3124,1439 3214,1439 3303,1439 3393,1439 3441,1439"/>
                <TextEquiv>
                    <Unicode>Ja, die weisse Fahne. Die weisse Fahne!... Auf die Bastei</Unicode>
                </TextEquiv>
            </TextLine>
            <TextLine id="tr_2_tl_8" custom="readingOrder {index:7;}">
                <Coords points="326,1478 378,1478 435,1514 523,1466 596,1486 652,1466 664,1482 709,1478 713,1357 527,1365 439,1325 415,1349 330,1361"/>
                <Baseline points="352,1433 364,1427 454,1421 543,1421 633,1415 722,1421"/>
                <TextEquiv>
                    <Unicode>Stimmen:</Unicode>
                </TextEquiv>
            </TextLine>
            <TextLine id="tr_2_tl_9" custom="readingOrder {index:8;}">
                <Coords points="640,1643 3374,1639 3370,1502 3285,1494 2851,1558 636,1474"/>
                <Baseline points="657,1571 746,1571 836,1571 926,1571 1015,1571 1105,1571 1194,1571 1284,1571 1374,1571 1463,1571 1553,1577 1642,1577 1732,1577 1822,1577 1911,1577 2001,1577 2091,1583 2180,1583 2270,1583 2359,1583 2449,1583 2539,1583 2628,1583 2718,1589 2807,1589 2897,1589 2987,1589 3076,1589 3166,1589 3256,1589 3345,1589 3381,1589"/>
                <TextEquiv>
                    <Unicode>hinauf... Wir wollen nicht massakriert werden...die weisse</Unicode>
                </TextEquiv>
            </TextLine>
            <TextLine id="tr_2_tl_10" custom="readingOrder {index:9;}">
                <Coords points="1651,1667 1735,1683 1937,1663 1965,1683 2094,1679 2150,1699 2150,1631 2078,1623 2045,1590 1937,1623 1892,1590 1856,1602 1828,1590 1768,1639 1719,1615 1651,1627"/>
                <Baseline points="1672,1666 1762,1666 1852,1660 1941,1660 2031,1666 2120,1672 2156,1672"/>
                <TextEquiv>
                    <Unicode>nach ober</Unicode>
                </TextEquiv>
            </TextLine>
            <TextLine id="tr_2_tl_11" custom="readingOrder {index:10;}">
                <Coords points="640,1735 846,1772 1143,1727 1639,1820 1743,1768 1957,1824 2186,1792 2158,1655 1735,1683 1204,1631 1071,1687 882,1619 640,1643"/>
                <Baseline points="663,1726 752,1726 842,1726 932,1720 1021,1726 1111,1726 1200,1726 1290,1726 1380,1726 1469,1726 1559,1726 1648,1726 1738,1732 1828,1732 1917,1732 2007,1732 2097,1738 2186,1750 2192,1750"/>
                <TextEquiv>
                    <Unicode>Fahne.... (Sie eilen zur Stiege.)</Unicode>
                </TextEquiv>
            </TextLine>
            <TextLine id="tr_2_tl_12" custom="readingOrder {index:11;}">
                <Coords points="688,1820 725,1832 745,1820 894,1820 918,1844 954,1848 1047,1824 1047,1747 994,1743 970,1759 950,1743 866,1772 850,1759 805,1768 769,1739 745,1751 725,1735 688,1743"/>
                <Baseline points="710,1816 800,1816 890,1816 979,1810 1051,1816"/>
                <TextEquiv>
                    <Unicode>renantive</Unicode>
                </TextEquiv>
            </TextLine>
            <TextLine id="tr_2_tl_13" custom="readingOrder {index:12;}">
                <Coords points="318,1937 741,1929 846,1985 1780,1884 2106,1945 2065,1812 1844,1776 1659,1840 1466,1768 1228,1792 1135,1723 970,1848 318,1824"/>
                <Baseline points="340,1887 430,1881 519,1875 609,1869 699,1869 788,1875 878,1875 967,1881 1057,1881 1147,1875 1236,1881 1326,1881 1415,1881 1505,1881 1595,1881 1684,1881 1774,1881 1864,1881 1953,1881 2043,1887 2114,1893"/>
                <TextEquiv>
                    <Unicode>Der Gardist: Halt, Aufgang verboten.</Unicode>
                </TextEquiv>
            </TextLine>
            <TextLine id="tr_2_tl_14" custom="readingOrder {index:13;}">
                <Coords points="310,2082 2690,2126 3318,2098 3346,1965 1776,1888 1494,1985 310,1985"/>
                <Baseline points="334,2049 424,2043 513,2043 603,2037 693,2037 782,2031 872,2031 961,2037 1051,2031 1141,2037 1230,2037 1320,2031 1409,2037 1499,2037 1589,2037 1678,2037 1768,2037 1858,2037 1947,2043 2037,2043 2126,2043 2216,2043 2306,2043 2395,2043 2485,2043 2574,2043 2664,2043 2754,2043 2843,2043 2933,2043 3023,2049 3112,2049 3202,2049 3291,2049 3351,2055"/>
                <TextEquiv>
                    <Unicode>Stiefler: Lassen S' uns doch hinauf. Wir wollen zum Kommandanten</Unicode>
                </TextEquiv>
            </TextLine>
            <TextLine id="tr_2_tl_15" custom="readingOrder {index:14;}">
                <Coords points="648,2231 3406,2231 3346,2102 648,2094"/>
                <Baseline points="669,2180 758,2186 848,2186 937,2186 1027,2186 1117,2186 1206,2186 1296,2186 1386,2192 1475,2192 1565,2192 1654,2192 1744,2192 1834,2192 1923,2192 2013,2192 2102,2192 2192,2198 2282,2198 2371,2198 2461,2198 2551,2198 2640,2198 2730,2198 2819,2198 2909,2198 2999,2198 3088,2198 3178,2198 3267,2198 3357,2204 3417,2198"/>
                <TextEquiv>
                    <Unicode>von der Bastei... Wir haben was wichtiges oben auszurichten.</Unicode>
                </TextEquiv>
            </TextLine>
        </TextRegion>
        <TextRegion id="tr_3" custom="readingOrder {index:1;}">
            <Coords points="328,2285 3560,2285 3560,3606 328,3606"/>
            <TextLine id="tr_3_tl_1" custom="readingOrder {index:0;}">
                <Coords points="306,2388 652,2412 970,2335 1131,2384 1292,2343 1570,2371 1602,2259 1063,2243 741,2299 531,2227 306,2279"/>
                <Baseline points="328,2359 406,2347 495,2347 585,2347 675,2347 764,2341 776,2341 866,2341 955,2335 1045,2335 1135,2341 1224,2341 1314,2341 1403,2347 1493,2341 1583,2341 1613,2341"/>
                <TextEquiv>
                    <Unicode>Stimmen: Die weisse Fahne!</Unicode>
                </TextEquiv>
            </TextLine>
            <TextLine id="tr_3_tl_2" custom="readingOrder {index:1;}">
                <Coords points="544,2436 733,2492 825,2440 1023,2440 1035,2355 974,2339 926,2371 890,2351 817,2388 753,2363 709,2400 676,2392 660,2408 604,2388 584,2408 548,2396"/>
                <Baseline points="567,2431 585,2437 675,2443 764,2425 854,2413 943,2401 1033,2407"/>
                <TextEquiv>
                    <Unicode>a Trenadie</Unicode>
                </TextEquiv>
            </TextLine>
            <TextLine id="tr_3_tl_3" custom="readingOrder {index:2;}">
                <Coords points="330,2589 914,2528 1047,2585 1139,2508 1929,2581 2380,2533 2380,2456 1953,2404 725,2480 330,2436"/>
                <Baseline points="352,2509 418,2503 507,2503 597,2503 687,2509 776,2503 866,2503 955,2497 1045,2497 1135,2497 1224,2497 1314,2497 1403,2503 1493,2497 1583,2497 1672,2503 1762,2503 1852,2503 1941,2503 2031,2503 2120,2503 2210,2503 2300,2503 2389,2503"/>
                <TextEquiv>
                    <Unicode>Gardlet. Niemand wird jetzt hinaufgelassen.</Unicode>
                </TextEquiv>
            </TextLine>
            <TextLine id="tr_3_tl_4" custom="readingOrder {index:3;}">
                <Coords points="322,2694 3048,2742 3430,2673 3430,2577 322,2593"/>
                <Baseline points="346,2664 394,2658 483,2652 573,2652 663,2658 752,2652 842,2652 932,2646 1021,2646 1111,2652 1200,2646 1290,2652 1380,2652 1469,2646 1559,2646 1648,2652 1738,2652 1828,2652 1917,2652 2007,2652 2097,2652 2186,2652 2276,2652 2365,2652 2455,2652 2545,2652 2634,2652 2724,2658 2813,2652 2903,2652 2993,2652 3082,2652 3172,2652 3262,2652 3351,2652 3441,2658"/>
                <TextEquiv>
                    <Unicode>Stimmen: Die weisse Fahne soll aufgesteckt werden. Es brennt schon</Unicode>
                </TextEquiv>
            </TextLine>
            <TextLine id="tr_3_tl_5" custom="readingOrder {index:4;}">
                <Coords points="648,2826 1538,2758 1953,2830 2263,2762 2871,2806 2871,2742 2669,2665 652,2718"/>
                <Baseline points="675,2807 728,2807 818,2807 908,2807 997,2807 1087,2807 1176,2801 1266,2784 1356,2778 1445,2778 1535,2754 1625,2754 1714,2760 1804,2766 1893,2766 1983,2766 2073,2766 2162,2760 2252,2760 2341,2766 2431,2766 2521,2766 2610,2772 2700,2778 2790,2784 2879,2784"/>
                <TextEquiv>
                    <Unicode>Überall.... he soon that heut mede</Unicode>
                </TextEquiv>
            </TextLine>
            <TextLine id="tr_3_tl_6" custom="readingOrder {index:5;}">
                <Coords points="1063,2907 1755,2895 1763,2802 1695,2770 1667,2794 1538,2758 1453,2798 1421,2770 1365,2810 1329,2786 1288,2814 1240,2790 1184,2822 1071,2814"/>
                <Baseline points="1087,2903 1141,2891 1230,2885 1320,2873 1409,2861 1499,2843 1589,2837 1678,2843 1768,2849"/>
                <TextEquiv>
                    <Unicode>aludei ther</Unicode>
                </TextEquiv>
            </TextLine>
            <TextLine id="tr_3_tl_7" custom="readingOrder {index:6;}">
                <Coords points="306,3024 878,3000 962,3060 1474,2963 2589,3032 2649,2867 306,2895"/>
                <Baseline points="328,2963 418,2963 507,2963 597,2969 687,2969 776,2963 866,2963 955,2963 1045,2963 1135,2963 1224,2963 1314,2969 1403,2963 1493,2957 1583,2957 1672,2957 1762,2957 1852,2957 1941,2963 2031,2963 2120,2957 2210,2957 2300,2957 2389,2957 2479,2957 2568,2957 2658,2963"/>
                <TextEquiv>
                    <Unicode>Einer (kommt gerannt): In der Burg liegt Pulver!</Unicode>
                </TextEquiv>
            </TextLine>
            <TextLine id="tr_3_tl_8" custom="readingOrder {index:7;}">
                <Coords points="1111,3165 1305,3153 1373,3201 1433,3157 2319,3185 2436,3149 2436,3048 2359,3012 2227,3056 1719,3036 1643,2996 1510,3056 1111,3028"/>
                <Baseline points="1135,3130 1224,3118 1314,3112 1403,3112 1493,3112 1583,3112 1672,3112 1762,3118 1852,3112 1941,3112 2031,3118 2120,3118 2210,3112 2300,3112 2389,3118 2443,3136"/>
                <TextEquiv>
                    <Unicode>(Aufschrei bei den Anderen.)</Unicode>
                </TextEquiv>
            </TextLine>
            <TextLine id="tr_3_tl_9" custom="readingOrder {index:8;}">
                <Coords points="318,3306 1876,3362 2786,3269 3145,3362 3519,3310 3519,3145 318,3197"/>
                <Baseline points="340,3279 394,3279 483,3273 573,3273 663,3273 752,3273 842,3273 932,3267 1021,3273 1111,3267 1200,3273 1290,3267 1380,3267 1469,3267 1559,3267 1648,3267 1738,3267 1828,3267 1917,3267 2007,3267 2097,3267 2186,3267 2276,3267 2365,3267 2455,3273 2545,3267 2634,3267 2724,3267 2813,3267 2903,3267 2993,3267 3082,3267 3172,3267 3262,3267 3351,3267 3441,3267 3530,3267"/>
                <TextEquiv>
                    <Unicode>Der Vorige: Grad hab ichs gehört. Es ist vergessen worden, das Pulver</Unicode>
                </TextEquiv>
            </TextLine>
            <TextLine id="tr_3_tl_10" custom="readingOrder {index:9;}">
                <Coords points="648,3515 1441,3434 1594,3507 2061,3430 2198,3467 2231,3354 652,3362"/>
                <Baseline points="669,3429 716,3429 806,3429 896,3429 985,3429 1075,3429 1165,3429 1254,3429 1344,3423 1433,3423 1523,3423 1613,3423 1702,3423 1792,3423 1881,3423 1971,3417 2061,3423 2150,3423 2240,3423"/>
                <TextEquiv>
                    <Unicode>aus der Burg fortzutransportieren.</Unicode>
                </TextEquiv>
            </TextLine>
            <TextLine id="tr_3_tl_11" custom="readingOrder {index:10;}">
                <Coords points="318,3644 3052,3652 3555,3599 3555,3483 318,3523"/>
                <Baseline points="340,3596 424,3584 513,3584 603,3590 693,3590 782,3596 872,3584 961,3578 1051,3578 1141,3578 1230,3578 1320,3578 1409,3578 1499,3572 1589,3572 1678,3578 1768,3578 1858,3578 1947,3578 2037,3578 2126,3578 2216,3572 2306,3572 2395,3572 2485,3572 2574,3572 2664,3572 2754,3572 2843,3572 2933,3572 3023,3572 3112,3572 3202,3572 3291,3572 3381,3572 3471,3572 3560,3578"/>
                <TextEquiv>
                    <Unicode>Stimmen: Gottverfluchte Schlamperei....Ganz Wien fliegt in die Luft!</Unicode>
                </TextEquiv>
            </TextLine>
        </TextRegion>
        <TextRegion id="tr_1" custom="readingOrder {index:2;}">
            <Coords points="310,3678 3500,3678 3500,5309 310,5309"/>
            <TextLine id="tr_1_tl_1" custom="readingOrder {index:0;}">
                <Coords points="1168,3789 1796,3765 1957,3809 2114,3765 2271,3825 2432,3793 2436,3684 2206,3628 2150,3672 1264,3648 1172,3688"/>
                <Baseline points="1188,3757 1278,3739 1368,3733 1457,3733 1547,3733 1636,3733 1726,3733 1816,3728 1905,3728 1995,3728 2085,3728 2174,3728 2264,3728 2353,3728 2443,3728"/>
                <TextEquiv>
                    <Unicode>(Wieder ein Kanonenschuss.)</Unicode>
                </TextEquiv>
            </TextLine>
            <TextLine id="tr_1_tl_2" custom="readingOrder {index:1;}">
                <Coords points="1482,3950 1655,3962 1727,3926 1792,3962 1925,3922 1989,3958 1989,3801 1643,3833 1610,3805 1562,3817 1530,3789 1482,3793"/>
                <Baseline points="1505,3889 1595,3883 1684,3883 1774,3883 1864,3883 1953,3889 2001,3889"/>
                <TextEquiv>
                    <Unicode>(Geschrei.)</Unicode>
                </TextEquiv>
            </TextLine>
            <TextLine id="tr_1_tl_3" custom="readingOrder {index:2;}">
                <Coords points="306,4099 3161,4079 3442,4058 3442,3966 306,3990"/>
                <Baseline points="328,4056 406,4050 495,4050 585,4050 675,4050 764,4050 854,4050 943,4050 1033,4050 1123,4050 1212,4044 1302,4044 1392,4044 1481,4038 1571,4038 1660,4038 1750,4032 1840,4032 1929,4032 2019,4032 2108,4032 2198,4032 2288,4038 2377,4038 2467,4032 2557,4032 2646,4032 2736,4032 2825,4026 2915,4032 3005,4032 3094,4026 3184,4026 3273,4026 3363,4026 3453,4032"/>
                <TextEquiv>
                    <Unicode>Stimmen: Hinauf, es ist die höchste Zeit... Schlagt den Kerl tot...</Unicode>
                </TextEquiv>
            </TextLine>
            <TextLine id="tr_1_tl_4" custom="readingOrder {index:3;}">
                <Coords points="1743,4147 1892,4119 1916,4135 1981,4119 2005,4143 2045,4127 2146,4143 2198,4107 2235,4119 2235,4042 2126,4038 2078,4058 2009,4038 1937,4071 1888,4046 1824,4062 1788,4042 1747,4046"/>
                <Baseline points="1768,4122 1798,4116 1887,4116 1977,4110 2067,4110 2156,4104 2246,4104"/>
                <TextEquiv>
                    <Unicode>recevoir,</Unicode>
                </TextEquiv>
            </TextLine>
            <TextLine id="tr_1_tl_5" custom="readingOrder {index:4;}">
                <Coords points="636,4252 3092,4215 3068,4087 640,4143"/>
                <Baseline points="663,4205 681,4205 770,4205 860,4205 949,4205 1039,4205 1129,4199 1218,4199 1308,4199 1398,4199 1487,4199 1577,4194 1666,4194 1756,4194 1846,4194 1935,4194 2025,4194 2114,4194 2204,4194 2294,4188 2383,4188 2473,4182 2563,4182 2652,4182 2742,4182 2831,4182 2921,4182 3011,4182 3100,4188"/>
                <TextEquiv>
                    <Unicode>(Sie überwältigen den Gardisten, der zu Boden fällt.)</Unicode>
                </TextEquiv>
            </TextLine>
            <TextLine id="tr_1_tl_6" custom="readingOrder {index:5;}">
                <Coords points="298,4397 3418,4377 3418,4272 3096,4203 2235,4304 298,4268"/>
                <Baseline points="322,4367 382,4355 471,4361 561,4361 651,4361 740,4367 830,4361 920,4361 1009,4355 1099,4361 1188,4355 1278,4355 1368,4355 1457,4355 1547,4355 1636,4349 1726,4349 1816,4343 1905,4343 1995,4343 2085,4343 2174,4343 2264,4343 2353,4343 2443,4337 2533,4337 2622,4337 2712,4337 2801,4337 2891,4337 2981,4337 3070,4337 3160,4337 3250,4337 3339,4337 3429,4337"/>
                <TextEquiv>
                    <Unicode>Jolsdorf (erscheint oben an der Stiege): Die Stiege ist sofort zu</Unicode>
                </TextEquiv>
            </TextLine>
            <TextLine id="tr_1_tl_7" custom="readingOrder {index:6;}">
                <Coords points="648,4542 1095,4610 1719,4526 1941,4610 2094,4517 2939,4501 3165,4586 3455,4550 3459,4381 648,4453"/>
                <Baseline points="669,4516 687,4516 776,4516 866,4516 955,4516 1045,4516 1135,4516 1224,4516 1314,4510 1403,4510 1493,4510 1583,4510 1672,4504 1762,4504 1852,4498 1941,4498 2031,4498 2120,4498 2210,4492 2300,4492 2389,4492 2479,4492 2568,4486 2658,4486 2748,4492 2837,4486 2927,4486 3017,4486 3106,4486 3196,4486 3285,4486 3375,4486 3465,4486"/>
                <TextEquiv>
                    <Unicode>räumen. Was gibts da. Keinen Schritt weiter! Noch ein Schritt</Unicode>
                </TextEquiv>
            </TextLine>
            <TextLine id="tr_1_tl_8" custom="readingOrder {index:7;}">
                <Coords points="624,4731 841,4771 1071,4687 1188,4743 1369,4691 1449,4747 1594,4674 1900,4670 1900,4590 1763,4550 1574,4614 1357,4570 1184,4614 628,4590"/>
                <Baseline points="651,4677 657,4677 746,4677 836,4677 926,4671 1015,4671 1105,4671 1194,4671 1284,4671 1374,4665 1463,4665 1553,4660 1642,4660 1732,4660 1822,4660 1911,4665"/>
                <TextEquiv>
                    <Unicode>und ich lasse Feuer geben.</Unicode>
                </TextEquiv>
            </TextLine>
            <TextLine id="tr_1_tl_9" custom="readingOrder {index:8;}">
                <Coords points="286,4856 592,4940 1792,4815 3487,4856 3491,4699 290,4747"/>
                <Baseline points="310,4845 364,4833 454,4833 543,4833 633,4839 722,4839 812,4839 902,4833 991,4833 1081,4833 1170,4827 1260,4827 1350,4821 1439,4821 1529,4821 1619,4815 1708,4815 1798,4809 1887,4809 1977,4809 2067,4809 2156,4809 2246,4803 2335,4803 2425,4803 2515,4797 2604,4797 2694,4797 2784,4797 2873,4797 2963,4797 3052,4797 3142,4797 3232,4797 3321,4797 3411,4791 3500,4797"/>
                <TextEquiv>
                    <Unicode>Stiefler: Herr Lieutenant, Sie sind ja auch ein Bürger von Wien, wie</Unicode>
                </TextEquiv>
            </TextLine>
            <TextLine id="tr_1_tl_10" custom="readingOrder {index:9;}">
                <Coords points="636,5061 3285,5005 3285,4852 3149,4840 640,4912"/>
                <Baseline points="663,5000 699,4994 788,4994 878,4994 967,4988 1057,4988 1147,4988 1236,4988 1326,4982 1415,4982 1505,4976 1595,4976 1684,4976 1774,4970 1864,4970 1953,4964 2043,4964 2132,4964 2222,4964 2312,4958 2401,4958 2491,4958 2580,4958 2670,4952 2760,4952 2849,4952 2939,4952 3029,4952 3118,4952 3208,4952 3297,4958"/>
                <TextEquiv>
                    <Unicode>wir! Es ist ja eine Botschaft vom Napolson beim Erzherzog</Unicode>
                </TextEquiv>
            </TextLine>
            <TextLine id="tr_1_tl_11" custom="readingOrder {index:10;}">
                <Coords points="1743,5323 1820,5339 1868,5303 1900,5331 1933,5331 1969,5307 2009,5315 2021,5077 1989,5081 1977,5065 1953,5077 1921,5057 1880,5053 1812,5065 1780,5093 1755,5093"/>
                <Baseline points="1768,5299 1846,5287 1935,5281 2025,5287"/>
                <TextEquiv>
                    <Unicode>147</Unicode>
                </TextEquiv>
            </TextLine>
        </TextRegion>
    </Page>
</PcGts>
