3736 5368
385 481 3201 782 Darf ich mir die Frage erlauben, wie sich Ihr tapferer Herr
413 707 1255 909 Kamerad befindet?
139 886 2041 1056 Trembly: Nicht zum besten, Herr Berger.
143 993 3161 1215 Berger: Schade, schade. Tut mir wirklich sehr leid. Es wird den
413 1172 3241 1354 Herrn Major vielleicht interessieren, von einer halben Stund
425 1271 3185 1553 ist der Marschall Lannes in der Hofburg seinen Verwundungen
421 1465 818 1680 erlegen.
139 1565 1720 1827 Trembly: Man war darauf gefasst.
143 1735 3221 1978 Berger: Das wird Sr. Majestät sehr nahe gehn. Der Marschall soll
425 1930 2911 2117 ja ein besonderer Liebling Sr. Majestät gewesen sein.
147 2049 2311 2252 Trembly: En war ein ausgezeichneter General.)
147 2208 3332 2395 Berger: Ja, das war ein Tag! oder vielmehr zwei Tage, Herr Major...
3256 2327 3554 2542 werp
425 2371 3201 2538 da werden noch die Kinder und Kindeskinder dran denken! Ich
1287 2490 2236 2605 wai davon m'enabler
437 2534 3177 2736 kaen nämlich auch ein bissel mitreden, ich hab' zug' schaut.
802 2673 1195 2768 es jaost
159 2685 3193 2931 Trembly: Ja, man sagt, dass wir auf den Türmen ein sehr aufmerk-
421 2851 1894 3046 sames Publikum gehabt haben....
139 2982 3165 3221 Berger: Ich war auf keinem Turm, Herr Major - ich war bei einem
433 3133 3197 3352 guten Bekannten der ein Haus auf der Mölkerbastel, der
409 3304 3197 3451 hat mich mit aufs Dach genommen, hat mir auch sein Fernrohr
425 3423 3185 3654 geliehn. Es gehört freilich einigewisse Uebung dazu, durch
421 3618 3296 3793 so ein Instrument was zu sehnt. Aber einmal hab ich ganz deut-
409 3737 3272 3967 lich eine Kavallerieattacke beobachtet (da hat
413 3912 3022 4122 g'sehn und wirbeln - und alles war Rauch und staub...
409 4055 3356 4249 plötzlich war wieder gar nichts da - wie wegg' wischt die ganze
413 4198 3352 4428 Abteilung. Ich weiss nicht, warens unerige - oder waren es die
425 4352 3320 4583 werten Einde... aber wie grossartig das ausg'schaut hat...da
397 4515 3113 4762 haben Sie keine Ahnung, Herr Major, (vielleicht) Das heisst,
425 4666 1743 4924 entschuldigen Herr Major....
1553 4769 2947 5079 Lannes & 31. Mai
1565 5016 1898 5202 - 193 -
2367 5012 2820 5222 1809
