3560 5192
324 497 3145 821 lasse den Herzog rufen und die Herzogin und zerre die Prinse
343 738 2833 912 sin aus dem zerwühlten Bett, nackt über die Treppe...
158 880 3169 1140 zelt: Wie lang soll ich Deinen Fieberphantasien noch zuhören? Du
320 1018 3200 1219 hast alles geträumt, und Deinen tollen Vorzatz träumst Du erst
351 1117 3469 1381 recht. Wärst Du wirklich bei der Prinzessin gewesen und hättest
631 1334 813 1417 Dein
1721 1306 2084 1432 getragen
359 1314 3453 1563 wirklich so verruchte Absicht gehaot - so hättest Dut heute ohne
363 1476 2384 1709 Verzug zur That gemacht
122 1626 3133 1874 ordardus: Es eilt nicht so sehr. Es ist ja abgemacht, dass ich he
1563 1780 1851 1871 Gouneur
351 1827 3145 2005 Nacht wiederkomme, vielleicht auch morgen und übermorgen, es
549 1938 773 2036 noch
351 1934 3161 2127 ist nichts damit versäumt, - das Leben ist sehr kurz Etzeht,
351 2076 3098 2269 besonders für mich wird es nicht lange sein! - Und sie ist
347 2230 3307 2462 schön, Etzelt, sehr schön, die Prinzessin, warum soll man nicht
375 2395 2056 2589 ein paar wunderbare Nächte haben...
114 2561 3200 2758 itzelt: Schweig, Medardus! Ich will mir Dein Bild nicht zerstören
351 2676 3232 2932 lassen. Das Fieber sprach aus Dir. Lass michs weiter glauben.
351 2904 3252 3070 Denn könnt ich das nicht, so - verzeih mir Gott und Deine Mut-
359 3031 3248 3224 ter die Sünde, so wollt ich lieber, ich hätt Dich hier vergeb
343 3208 3145 3354 lich erwartet und Du wärst meinethalben in den Armen Deiner
335 3303 2786 3508 Prinzessin   nie wieder aufgeuwert
63 3516 3145 3694 Medardus (vor sich hin): Kein übler Wunsch, Etzelt, keinübler.
71 3666 1961 3863 Etselt (ganz verstehend): Medardus...
71 3781 1835 4017 Medardus (wie erwachend): Etzelt....
67 3911 2541 4203 Etzelt: Weisst Du, was Dir geschehn ist, Medardus?
71 4100 1981 4297 Medardus: Nein, nein, Etzelt! Du lügst!
67 4250 2758 4467 Etzelt: Du darfst Deinen Fuss nicht wieder hierher setzen
67 4412 3240 4593 Medardus: Was immer ich von Schuld auf mich lade, ich bin Manns ge-
316 4534 1472 4775 nug jede zu begleichen.
103 4657 3204 4956 Etselt: Immer nur mit beinem Leben, Medardus. Gib acht, dass es keine
