3755 5544
396 482 983 703 Marquis
404 540 1798 854 Vicomte: Sie fanden Einlass?
392 742 3402 1018 Laffraye: Der Hof ist nicht abgesperrt. Nur der Aufgang zu den Ge-
621 963 3402 1177 mächern des Kaisers ist bewacht. Viele Leute, sogar Frauen und
614 1103 3340 1344 Kinder, sind gleich mir hinausgewandert und treiben sich im
1849 1231 2109 1336 den
614 1258 3414 1472 Hof herum, mitten unter der Menge von französischen Soldaten
590 1402 3449 1643 (alle in der Erwartung vielleicht den Kaiser zu erblicken, wenn
633 1542 3161 1794 er sich am Fenster zeigen oder zur Parade fahren sollte.
384 1724 3297 1996 Vicente: Und das Wiener Volk und die Franzosen vertragen sich
618 1884 1208 2047 aufs beste?
373 1965 3499 2256 Dagusan. Es soll vor vier Jahren nicht anders gewesen sein. Nun sind
625 2152 1829 2392 sie gar alte Bekannte...
443 2280 851 2420 ce nayant
396 2322 3394 2505 Vicomte (zu dem schweigenden Laffraye): Sie scheinen ja recht be-
629 2493 1348 2637 wegt, Laffraye.
1192 2513 1954 2711 die 1st
365 2602 3371 2816 Laffraye: Herr Vicente, es mir etwas nicht alltägliches begegnet.
618 2773 3029 2994 Ich habe die Luft meines Vaterlandes wieder geatmet.
505 2909 835 3041 Meyer
373 2924 2781 3091 Vicomte (nach Pause): Wer hat die Wache im Schloss?
2754 2994 3530 3157 gemacht des ver¬
2074 3057 2462 3161 charpais
365 3126 3352 3278 Laffraye: Die kaiserliche Garde, Herr Visente. Sie sieht glänzend
707 3216 1006 3356 anlaut
70 3227 722 3418 befflicher Sich
707 3278 3367 3406 is. Man sieht ihr die Mühen der letzten Vochen nicht an. Von
625 3402 3134 3616 ihrer Stirne strahlt die heitere Gewohnheit grosser Tage.
520 3488 851 3631 Caryed
365 3558 2462 3725 Vicomtes: Sie wollen mich verlassen, Laffraye.
1790 3682 2225 3794 marqué
353 3701 2136 3919 Laffraye: Ich bin hier, Herr Vieente.
361 3895 3313 4043 Vicomte: Laffraye, ich möchte wohl wissen, was Ihnen im Hofe von
586 4004 2408 4159 Schönbrunn durch den Sinn gegangen ist?
1670 4132 2051 4226 Marneau
357 4132 3406 4338 Laffraye: Ein Gedanke, Herr Vicente, den auch Sie am gleichen Ort,
583 4315 3445 4536 nicht hätten von sich weisen können: Vor den Kaiser hinzutreten
586 4431 3441 4684 und ihn um die Gnade zu bitten, als Soldat des Frankreiche leben
583 4664 2777 4870 und sterben zu dürfen, das er gross gemacht hat.
338 4773 1402 4998 Dagusan: Laffraye....
559 4917 897 5037 ﻿ussing
350 4804 3410 5196 Vicante: Ruhig, Dagusan! - Sie hätten es doch tun sollen, Laffraye.
1682 5134 1996 5398 - 156 -
