3384 5160
1223 475 2816 733 ja vorant denu, trai klack.
749 582 1112 847 Etselt
743 1356 2992 1695 Aber das Wunder ist nicht gekomen. Oh Gott
650 1519 3020 1907 way die nacht lang. Und noch et die Sonne
616 1655 3001 2077 mede aufgegangen ist, ist es in Hof wieder
582 1827 3075 2280 lebendig werden? Offenere und hereingeritter
598 2083 3084 2422 und heraus - endlich wars ganz licht.
573 2206 3041 2604 und ich hin müsse noch derenessen und
610 2527 1408 2776 chal jeciartés.
