4312 5480
2324 314 2825 537 Recevilt:
1493 408 2277 686 Hulleur
2708 537 3159 713 noll in.
3644 458 3927 686 eine
1035 658 3950 850 splitter am Fuss.) Und es könnte sich einmal Schlitter oder/Kugel,
3531 737 3938 866 Titweige
2151 760 3331 882 entschiedenen Charakter.
1309 819 1705 917 inzudem.
1066 835 3786 1031 oder andre Waffen von grösserer Entschiedenheit finden. Es
1328 944 2053 1054 memander his
1062 976 3907 1160 wird Sie nicht wunder nehmen, dass auch solche Möglichkeiten
1078 1093 3833 1281 in Betracht gezogen werden, wenn man über die Zukunft Frank-
1093 1242 4119 1458 reichs plaudert. Und es gibt mehr Leute in Frankreich, die xxx
2300 1356 3108 1477 adven-ni hoffen
1113 1399 1744 1513 børlichert
1089 1372 3958 1607 etwas ersehnen, als man hier zu wissen scheint, Frankreich ist
776 1419 1078 1622 solet
1078 1536 4048 1795 müde jedes Jahr neue Hunderttausende auf unersättliche Schlacht-
1074 1705 3864 1908 felder zu senden. Es bricht zusammen unter der Last von so
1089 1869 3817 2022 viel Siegen, deren Früchte es niemals zu kosten bekommt. Es
1093 2006 3915 2206 hat Ruhm genug, es will endlich den Frieden. Und ich wage ein
1105 2175 3868 2375 Wort zu wiederholen, das Fouche zu mir sprach, ehe ich Paris
2963 2253 3249 2355 alver
1097 2316 3876 2496 verliess: "Lassen Sie den Prinzen von Berry einmal durch die
1089 2437 3695 2669 Strassen von Paris reiten und in der nächsten Stunde hat
1101 2633 3774 2778 Frankreich das Frankreich, das zu Hause ist, einen König.
1089 2759 3049 2982 Mögen die draussem ihren Kaiser behalten."
878 2943 1728 3131 Herzog: Renault...
874 3068 3934 3268 Renault: Wohin gerat ich.... Der Kaiser Napoléon ist auf dem Wege
2563 3162 2806 3276 raln
1113 3229 3840 3366 nach Wien und den Prinzen von Berry hat man heute begraben.
3178 3300 3774 3409 Anwesenheit
1117 3331 4025 3523 Mein Geschäft ist zu Ende, Herr Herzog, mein Anblick muss Ihnen
1125 3496 3574 3668 qualvoll sein, erlauben Sie mir, mich zurückzuziehen.
878 3656 4025 3887 Herzog: Nicht so geschwind, Rensult.... Ruhn Sie sich ein wenig aus,
1121 3793 3770 3997 ich werde vielleicht mit Ihnen noch zu reden haben. Meine
1129 3942 3452 4166 Herren, lassen Sie mich mit der Prinzessin allein.
1152 4115 3445 4326 (Renault, Assalagny und Desolteux in den Saal.)
1901 4460 2665 4691 Herzog. Helene.
1532 4624 2402 4777 Meyen Valer
897 4726 3966 4938 Herzog: Der Vicomte von Derry bewirbt sich um Deine Hand, Helzme.
2312 4953 2590 5185 — 82 —
