3755 5576
223 672 3426 971 Helene (ist von rechts gekommen und betritt eben die erste Stufe).
199 887 3267 1126 Medardus (dersich eben auf die Treppe hinaufgeschlichen hat und
497 1098 3314 1361 eine Stufe über ihr steht, starrt ihr ins Gesicht): Schönen
497 1202 2534 1401 guten Morgen, Helene Frau xxx
195 1345 2085 1576 Helene (sieht ihn an und will weiter).
2168 1325 3143 1623 gnädigste Prinzessin
199 1532 2972 1755 Medardus: Kenen Sie mich etwa nicht mehr, Frau Vieentestr.
191 1651 2749 1902 Helene: Was wollen sie denn von mir. (Will vorüber.)
179 1822 1950 2029 Medardus (steht vor ihr): Helene...
163 1989 2956 2220 Helene: Was ist denn das?... man schaffe den Menschen fort.
458 2168 3294 2415 (Die Gardisten unten haben bisher von dem Vorgange nichts be-
446 2284 828 2475 merkt).
139 2387 3227 2658 Medardus: Stehn geblieben. Hier kommst Du nicht hinauf. Ich ver-
450 2586 1015 2753 biet es Dir
935 2642 3418 2817 was haben Sie wir zu verbieten? Ich heute Sie nicht
143 2721 1603 2920 Helene: /Den Weg frei. Narr! -
155 2904 3278 3131 Medardus: Dein Weg ist zu Ende. (Er sticht sie mit dem Polch nie-
438 3064 724 3255 der,
155 3199 1763 3418 Helene: Medardus... (Fällt nieder)
963 3370 2184 3589 (Bewegung. Angstschreie.)
442 3517 3123 3740 (Die Gardisten drängen sich herzu und ergreifen Medardus.)
1217 3680 1691 3756 häyner
2753 3609 3446 3768 wei-ver!
127 3625 406 3883 Rufe:
473 3704 3231 3915 Ein Mord.. die Vicemtesse...er hat sie erstochen:.. Ich kann
422 3859 3350 4038 ihn ja... Der hat getan... Um Gottes Villen! - das ist ja l###
402 3967 3374 4190 Medardus Klaehr...Wie, ein Mord...was ist geschehn?..Krstochen.
390 4126 3171 4341 (Die Türe oben öffnet sich. General Rapp tritt hervor. Er
418 4325 3147 4528 schaut alles mit einem raschen Blick, eilt die Treppe hinunft
390 4452 1540 4643 Was ist hier geschehn?
2192 4532 3131 4695 le arguire v. Valors
426 4595 2343 4822 ordist: Der junge Mensch hier hat die Vier
398 4778 1377 4969 dem Dolch verwundet.
1452 4818 1926 4993 Marprix
438 4950 2527 5141 Nur verwundet?.. Frau Vicomtesse... (Von ihr zu
1655 5220 1870 5423 263
