3699 5560
491 633 3140 866 Hofkonzert hat mir jemand Ihr Erscheinen in bestimmte Aus-
100 728 391 947 dem ick
495 817 3324 1116 sicht gestellt Es war Napolson Bonaparte, der Kaiser von dir
96 905 403 1073 Frohl glan
77 1012 433 1208 ben ampte.
479 1004 2089 1211 Frankreich... Franzosen.
253 1154 3339 1353 Desolteux (aufs höchste betroffen): Er weisstl..Und ich bin das..
479 1334 1702 1537 Er weiss und ich lebe?!..
261 1461 3213 1706 Helene: Ermessen Sie daraus den Grad seiner Verachtung, - nicht
479 1652 3228 1848 für Sie, Desolteux, aber für die, die Sie hergesandt haben
1637 1752 2066 1840 Muddore -
2944 1771 3174 1871 sland.
242 1794 3289 2013 Desolteux (wieder gefasst): Er weiss nicht alles, sonst wär ich
487 1936 2258 2139 nicht den w. Ihnen, von Marpuss!
253 2124 3021 2312 Helene: Er weiss alles. Sie werden müde sein von der Reise,
491 2254 3232 2461 Desolteux. Setzen Sie sich hierhernde mühe rühmen die sich aus. Sie
2342 2369 2691 2477 vom allem
487 2411 3305 2630 müssen mir gar nichts erzählen. Ich bin unterrichtet - so gut
809 2526 1292 2645 Mr fin
2308 2530 2542 2645 le cause
479 2595 3224 2733 die Abmachungen zwischen den vieomte und dem Kom-
468 2699 3343 2917 mandanten der Festung Pontoise simi-mis so gut bekannt wie die
2224 2845 2565 2944 von
1487 2848 1641 2948 B
487 2879 3343 3071 Versprechungen, die 849 von den Präfekten Montares und Evreuil
1468 3009 2335 3113 sous dans aich geweest
487 3032 3194 3209 erhalten haben. Wenn Sie wünschen, will ich Ihnen die Namen
1422 3144 2588 3251 dic au chaud des 4. Aujuis
525 3190 3236 3378 der Sechzehn nennen, die heute vor neun Wochen in den soge¬
1296 3305 2699 3420 un deux français sieux où bekommés
479 3339 3224 3569 nannten chinesischen Bädern zusammengekommen sind, Oder wol-
464 3500 3121 3688 len Sie ein paar Proben aus dem Gespräche hören, das Sie
487 3565 3228 3857 selbst, Desolteux, in einem Wirtshaus zu Verneuil, mit meiner
479 3815 2438 4002 teuren der spanischen Armee geführt haben?
1614 3891 2515 4071 Und es in der Stad
230 3983 3048 4163 Desolteux: Es stimmt alles. Es scheint wirklich, ich kann mich
1744 4037 3420 4240 da ich darf sogar renuntes, daß Ihnen,
2369 4148 2925 4340 daas-er-rente
487 4152 2327 4275 meinen Bericht ersparen. Akgesehn davon;
487 4240 2327 4347 Frau Marquise mehr bekant ist, als mir so
2914 4194 3512 4386 charpuise
479 4240 3082 4489 nützte.- Und hat Seine Majestät auch geruht der Frau Vier
1668 4393 2224 4493 neten zweifelles
2664 4336 3565 4520 em Herrn Marquis en
1296 4416 1610 4535 re et j'y
475 4432 2607 4689 tesse mitzuteilen, was nach meiner Abreise mit
19 4600 1204 4804 senen Freunden gesandten 1819
219 4762 3209 5026 Helene: Sie, Desolteux, sind der einzige von allen, der in diesem
445 4903 1691 5145 Augenblick noch frei ist.
