3755 5592
183 642 1332 937 Medardus: Eben erst....
199 886 3271 1137 Kerkermeister: Also was darf ich zum Frühstück bringen. Und wün-
451 1069 3347 1260 schen der Herr vielleicht auch Lektüre. Meine Tochter hat eine
447 1193 3351 1444 artige Bibliothek, Andre junge Damen lassen sich allerlei Tand
443 1356 3315 1596 schenken. Zuokerwerk, Blumen, was weiss ich. Meine Tochter im-
427 1488 3223 1715 mer nur Bücher. Zuweilen liesst sie auch den Gefangenen vor.
403 1659 2896 1871 Sie singt auch. Eine schmelzende Stimme, mein Herr...
1332 1823 1943 2026 (Es klopft)
164 1899 3299 2250 Kerkermeister: Ich komme gleich. Der Herr überlegt sichs indessen.
387 2098 1891 2321 Ich bin gleich wieder da. (Ab)
152 2234 1831 2525 Medardus: Vas hat das zu bedeuten?
152 2413 1592 2605 Etzelt: Gutes, Freund, gutes.
152 2565 3359 2816 Medardus: Nein, eine Verschärfung bedeutet es. Es soll mich dann un-
403 2752 3291 2988 so furchtbarer treffen. Sie war seine Geliebte, Etzelt! Er
379 2884 1580 3095 rächt sicht... Das ist es.
140 3039 3179 3247 Kerkermeister (kommt herein): Die Frau Mutter des Herrn ist da.
379 3199 2214 3410 Sind der Herr geneigt, sie zu empfangen?
124 3335 3171 3534 Medardus: Meine Mutter, meine Mitter...! Worauf warten Sie noch?
419 3518 2916 3658 and hassen he in due herein!
570 3674 2529 3877 (Der Kerkermeister ab. Die Mutter herein.)
120 3837 1256 4065 Frau Klaehr: Medardus!
120 4033 1021 4236 Medardus: Mutter!
112 4168 3223 4439 Frau Klaehr (die Arme sinken lassend): Ich kann nicht, Medardus.
104 4352 2505 4559 Medardus: Mutter! (Er sinkt vor ihr auf die Knie.)
108 4523 3139 4699 Frau Klaehr: Ich frage Dich nichts! Ich will Dichnichts fragen.
327 4679 3187 4886 Doch wenn sie Dich vor Gericht rufen - so sag' ihnen alles...
347 4830 3155 5082 alles...Sie werden mild sein.. wenn sie alles wissen...Denn...
1520 5094 1851 5325 - 268 -
