3656 5448
362 559 3161 834 da sie morgen mit Sonnenaufgang fortmarschieren, (alle sechs
244 744 1039 953 Bataillonei
157 870 3149 1197 Agathe: Morgen. Und der Medardus hat sich schon für heute Abend
362 1051 1425 1248 eine Kutsche bestellt.
146 1216 3306 1512 Anna: Eine Kutsche -? Für heute Abend?.. Fährt die Landwehr per zu
342 1354 1102 1547 Wagen ins Feld?
146 1539 3232 1748 Agathe: sie haben noch ein Gelage irgendwo, er und etliche seiner
331 1669 2803 1889 Kameraden von der Universität, eh sie abmarschieren.
134 1834 823 1996 Anna (seufzt).
126 2004 3287 2212 Agathe: Nicht traurig sein, Anie! Er wird sicher zurückkommen. Wenns
307 2145 3243 2330 Gott will, heil und gesund und am Ende gar mit einem Orden auf
315 2279 819 2456 der Brust.
122 2425 1787 2637 Anna: Ich wollte, er bliebe daheim.
134 2582 2759 2826 gathe: Da wär er nicht der Medardus, den Du lieb hast.
134 2744 3295 3003 nna: Könnt er nicht auch in der Stadtmilitärischen Dienst versehen?
118 2850 1960 3118 gathe: Dazu haben wir die Bürgermiliz.
114 3070 3129 3271 Anna: Nicht die allein. Von jedem Bataillon bleiben fünfzig oder
272 3196 1496 3389 mehr zurück in der Stadt.
110 3346 2157 3590 gathe: Ja, die schwächlich sind oder marod.
110 3527 3247 3739 könne: Nein, auch andre, ganz Gesunde und Kräftige, Zwischen manchen
256 3661 3007 3873 hat das Los entscheiden müssen. Es wollten ja alle mit ins
248 3810 3051 4102 Feld. Mit hats der Vater erzählt, er war heut vormittag zur
236 3928 1315 4149 Parade auf dem Glacis.
2712 4007 2885 4204 r
2126 4098 2433 4224 kommen
106 4129 2984 4397 rathe: Für Modardus aber hätte nichts besseres können als der
228 4243 2007 4472 Krieg. Zu den Soldaten gehört er hin.
110 4385 3090 4633 na: Warum gerade dorthin? Hat er nicht sehr wacker studiert in
216 4570 1291 4755 diesen letzten Jahren?
102 4735 3255 5011 Rache: Recht viel... Und alles durcheinander, wies so seine Art ist.
1413 5003 1685 5204 6
