3795 5592
100 212 352 432 1e,10
2542 192 2822 392 4 1 / 1
716 196 943 432 Monsieur
564 672 3238 943 Von der kaiserlichen Familie ist natürlich niemand in der
564 839 3514 1155 Stadt... Der Breherzog Maximilien... Hoch Erzherzug Maximilian...)
592 1063 3230 1291 Wenn nur der Erzherzog Karl da wär...Er wird ja kommen...
576 1211 3254 1459 Der ist noch weit!.. / Heut nacht noch kann er da sein,...
240 1375 3198 1539 Stiefler: Und wenn er schon kommt. Hat er in Regensburg Prügel
576 1511 2790 1723 kriegt, so wird er xxx hier noch ärgre kriegen.
252 1707 3298 1903 Stimmen: Ruhe..Ruhe!... Recht hat er!...Ganz recht hat ert... In
492 1879 3406 2035 Saiern hat er auch Prügel gekriegt!...Ein Glück wärs, wenn er
560 1955 1327 2179 nicht xxx
248 2135 3394 2319 stiefler: Hinter.Licht hat man uns geführt, meine Herrschaften. Mit
2774 2271 3086 2367 Aindre
564 2311 3338 2490 Absicht hat man falsche Gerüchte ausgestreut..Zwei Tagemär-
588 2438 3274 2694 sche weit ist die Armee. Bis sie kommt/ist von Wien nichts
576 2586 2091 2798 mehr da als die nackten Mauerm.
236 2754 3442 2946 Stimmen: Und von uns? Und unsre Frauen und unsre Kinder?... Ich frag
568 2886 3442 3054 nur, warum lasst man sie nicht herein, die Franzosen?.... Haben
576 3110 3450 3246 sie uns vor vier Jahren was zu leid getan?... Ganz anständig
576 3218 1955 3390 haben sie sich aufgeführt...
1191 3338 1519 3442 damals
252 3354 3210 3530 stiefler: Aber damals, hat man ihnen halt gleich die Tore aufge-
580 3526 943 3706 sperrt.
2123 3534 2339 3682 Wie
240 3662 3318 3838 Stimmen: da hat man sie nicht gereizt. xxx hat man Sie nicht erst
576 3822 3370 4017 bös gemacht!... Diesmal wirds nimmer so gut ausgehalt. (Die
564 3998 3330 4177 Franzosen sind honette Leut —. Ein halbes Jahr sind sie bei
564 4121 3478 4305 uns in der Stadt gelegen... Ich hab selber drei in meinem Haus
556 4281 1891 4505 gehabt.... Honette Leut...
176 4457 1451 4633 Stiefler: In die Burg...
228 4605 3366 4793 Stimmen: Zum Erzherzog... Aber der General hat ja das Kommando. Wo
568 4717 3406 4957 ist denn der General?... In der Burg. Bis da eine Erledigung
544 4929 3374 5169 kommt, ist die ganze Stadt zusammengeschossen... Was geht um
1727 5117 2043 5393 - 146 -
