4069 5951
418 792 2250 1034 Jahr hat sich gar vielen geändert für ihn
388 997 2760 1217 nicht mehr seit ihn damals in Landshut der schlixter
414 1154 2947 1378 chel getroffen hat, seit Aspern ist er nicht mehr unbe-
136 1294 2752 1521 Frau Klachr: Jetzt bin ich nur mehr neugierig, wann er
410 1429 1642 1657 wird unsterblich zu sein.
125 1536 3024 1818 Derger: Ah, daran glaubt er auch nimmer. Da is ja neulich eine
396 1726 3027 2005 Geschichte passiert, als schwören Sie mir, meine Herre
385 1928 3134 2078 ten, das nie ein Wort über Ihre Lippen kommen wird -? Denn
297 2067 2972 2258 es könnte meinem Freund Reich doch an Ende übel bekommen
125 2188 3064 2445 Schreubler: Die G'schicht' vom Reich wollen s' uns erzählen? Die
381 2386 1704 2551 is doch kein Geheimnis mehr.
95 2485 3002 2826 Frau Nachr: Was ist's mit dem Reich? Ist das der Seidenhändl
363 2661 682 2840 Reich?
106 2826 3005 3013 Berger: Ja, der schöne Reich, wie man ihn auch heisst, der auch
341 2947 3002 3200 Hauptmann bei der Bürgerfürde ist. Sie wissen doch, Frau
334 3145 3104 3350 Klaehr, dass der Napolson in seiner Suite auch immer einige
356 3269 3057 3500 von der Bürgergarde mitreiten lasst, die er sich natürlich
345 3408 1235 3614 speziell aussucht.
81 3463 304 3771 Frau
334 3555 3035 3760 Klachr: Varum sucht er sie sich aus? Er könnte sein Haupt
341 3738 3086 3947 ruhig in den Schoss von jedem Wiener Bürger legen. Kein Kauf
575 3907 748 4006 ihr
854 3881 1580 4075 gekrümmt werden.
454 3914 1026 4094 vorgestern
103 3984 3046 4281 Berger: Also reiten sie alle auf der Chaussee von Mariahilf nach
685 4189 2144 4394 kann, grad zurück von einer Parad
