3747 5592
601 648 923 841 Kunst.
279 795 3214 1078 Wachshuber: Haha! O guten Abend, Herr Eschenbacher. Was schauns
586 1008 2869 1221 denn das so an?.. Ja., das ist ein Morgenstern...
275 1113 2241 1287 Bargetti: Man räume die Bastei. Vorwärts.
923 1221 1392 1349 Grena-heure
589 1264 2862 1501 (Die Gardisten drängen die Leute zur Stiege hin.)
268 1435 3323 1691 Eschenbacher (zu Bergetti): Die waren es! die den Franzosen umge-
601 1586 1245 1753 bracht haben.
275 1760 2389 1912 Bargetti: Haft Du einen bestimmten Verdacht?
260 1881 3335 2140 Eschenbacher: Gegen einen Einzelnen nicht, denn jeder EinzeIne wäre
574 2043 1950 2214 ja zu feig - aber gegen alle.
586 2171 3385 2377 (Ein Kanonenschuss. Gleich darauf ein zweiter. Feuerschein am
1144 2338 1978 2416 em echts
562 2381 3509 2567 Himmel. Die Leute rennen über die Stiege hinunter. Die xxx
2951 2516 3463 2695 Oußelwe
78 2466 523 2718 frend in
558 2524 1997 2687 disten eilen auf ihre Posten.)
566 2679 3377 2916 (Der uralte Herr und das kleine Mädchen kommen von links über
574 2811 1179 2997 die Bastei.)
225 2947 3327 3191 Uralter Herr: Also schon wieder sind die Franzosen da. Was wollens
570 3102 1210 3354 denn, Greterl?
1233 3261 2140 3478 (Wieder ein Schuss.)
237 3443 2598 3598 Das kleine Mädchen: Grossvater, ich fürcht mich...
240 3571 3358 3784 Uralter Herr: Hast g'hört, bum, hum. Aha, das ist der Krieg. Weiss
558 3746 2629 3943 schon, weiss schon. (Weiter mit ihr und ab.)
221 3893 2451 4052 Frau Klaehr: Um Himmelswillen, dort brennts ja.
217 4033 2261 4234 Bargetti: Ja, das ist mitten in der Stadt.
206 4203 3257 4354 Eschenbacher: Komm, ich bring Dich nach Haus. Was willst Du hier?
206 4358 1931 4525 Frau Klaehr: Und was tu ich daheim?
217 4486 2307 4669 Bargetti: Sie müssen jetzt fort, Frau Klaehr.
2137 4587 2745 4719 inden letzte
198 4626 3257 4890 Frau Klaehr: Medardus, leb wohl Mir war nun viele Tage, als hätt
523 4800 3408 5045 ich auch keinen Sohn mehr. Heute weiss ich wieder xxx zu biet.
1047 4990 1636 5215 verloren —
2117 5017 3482 5328 Kelpich einer habe.
1609 5033 1927 5370 - 144 -
