3560 5320
90 387 3240 751 rembly: Ja. Und ich muss nun zur Parade. Ich werde auf dem Wege die
290 634 2848 923 Meldung vom Tode Derues erstatten. (Man wird den Leichnetz
305 869 1021 1080 heute abholen.)
82 880 3056 1244 eutnant: Es ist natürlich nur der Form wegen, aber ich kann es
297 1107 3236 1401 leider nicht unterlassen wenigstens einen Blick auch in dieses
293 1283 1643 1573 Zimmer zu werfen. (ablicks)
340 1397 3063 1741 (Etzelt und Eschenbacher sprechen nicht miteinander, stehn
309 1639 3169 1890 lich entfernt von einander. Etzelt neben dem einen Soldaten,
317 1808 2731 2054 der den Schrank durchsucht, Eschenbacher im Erker.)
82 1937 3134 2199 Frembly (zu Medardus): Mein Kamerad hatte viel Freundschaft für
333 2105 3118 2324 Sie. Auch ich bin Ihnen dankbar, dass sie ihm manchmal Ihre
336 2265 3247 2512 Zeit gewidmet haben. Ich wünsche sehr, - dass diese Sache kei-
1788 2363 2974 2512 (Reicht ihm die Haus)
333 2437 2664 2711 ne weitern Folgen für Sie nach sich ziehe. (ab)
98 2598 3177 2895 Leutnant (kommt aus dem Zimmer zurück): Es ist alles in Ordnung-
356 2887 3083 3169 (Ein bairischer soldat von rechts mit einem grossen Buch.)
110 3107 1428 3298 Leutnant: Was haben Sie da?
947 3185 1385 3290 den Band
110 3216 2074 3447 Der Soldat (legt das Buch auf den Tisch).
137 3373 3247 3615 stzelt (tritt dazu): Es ist ein historischer atlas, wie Herr Leut-
376 3564 876 3748 nant sehn.
110 3674 3177 3873 Leutnant (blättert): Ganz recht. So bewandert sind die Leute na-
380 3783 3247 4034 türlich nicht. Die Sache liesse sich übrigens vielleicht ein
383 3924 3267 4182 wenig abkürzen! Man wird so sorgfältig nachsuchen, dass um
399 4136 3326 4304 wiss auch kein Blatt entgehn wird, das Sie im Laden oder im Ma-
376 4237 3020 4445 das in vorrätig haben sollten. Also: Es handelt sich ganz
391 4390 2821 4636 sonders um den Atlas von Schraembel. Haben Sie ein xxx
387 4597 1213 4801 von diesem Werk?
1479 4695 2660 4922 schwören, Herr Leutnant.
168 4718 1330 4992 Dutzelt: Nein, Yer kann es
