3832 5544
1185 158 1648 360 I am $11 I
660 182 826 340 .
680 628 3410 861 Eben jetzt kommt ein elegant gekleidetes Ehepaar von links,
668 861 3485 1110 hält sich hart an der Rampe, die Frau versucht über die Brust-
688 968 1802 1166 wehren hinüberzuschaun.)
403 1087 3465 1316 Die Frau: Schrecklich, wie sie einem die Aussicht verstellt haben.
684 1304 3074 1494 Komm g'schwind, Franz, von da hat man einen Ausblick.
253 1336 573 1577 To get
391 1407 3382 1608 Ein Junger Bürgergandist (macht Platz): Bitte schön. Vielleicht
695 1588 3501 1845 stellt sich die gnädige Frau auf den Sack da (Er ist ihr be-
664 1750 1197 1924 hilflich.)
387 1901 3449 2082 Die Frau: Ich danke recht sehr. Du Franz, ah, das ist aber pracht-
688 2063 3378 2197 voll. Und jetzt noch die Beleuchtung von der Abendsonne!...
383 2217 3351 2375 Der Herr (missmutig, reckt sich den Hals aus): Ja, was denn? ich
672 2359 1395 2537 seh gar nichts!
379 2466 3521 2647 Die Frau: Aber da drüben, wie das blitzt, ganz weit, das muss schon
660 2651 1711 2829 bei Hütteldorf sein.
391 2699 3556 3019 Gariest Das sind wahrscheinlich die Helme und die Lanzenspitzen von
664 2959 1442 3161 den Kürassieren.
367 3086 3513 3303 Die Frau: Es sieht eigentlich aus wie ein fliessendes Wasser, aber
672 3283 3497 3445 es werden schon eher die Kürassiere sein. Freilich, man siehts
672 3410 2813 3592 an der Bewegung. Und da gegen Schönbrunn zu...?
356 3568 3525 3781 Der Herr: Siehst nicht vielleicht den Napolson auf dem Balkon stehn?
660 3710 1814 3896 Komm, gehn wir nach Haus.
664 3773 3430 4105 (ohne sich um ihn zu kümmern zum xxx: Und da drüben..
356 3884 628 4062 Frau
648 4058 2462 4224 bei den Stallungen. was ist denn das..?
281 4097 628 4307 Zuletz
371 4145 3355 4425 Gardier: Ja, da drüben auf dem Spittelberg, das sind nämlich Ka-
632 4378 968 4528 nonen.
348 4374 3525 4686 Die Frau: Kanonen? Sie sollen doch gar keine Kanonen da haben.. heisste.
324 4619 3303 4828 Gardeste Das ist ein Irrtum, gnädige Frau, sie haben grad genug.
348 4805 1454 5054 Die Frau: Kanonen....
