4184 5448
670 630 3779 818 Desolteux: Der König, der an sich selbst glaubt, wartet bis sein
886 810 1665 971 Land ihn ruft...
3004 826 3197 1023 wie
674 810 3803 1127 Caillard: Da könnte er lange warten. Auch Sie leben in einem Traum,
878 1119 3666 1292 Desolteux... Frankreich eilt von Sieg zu Sieg unter dem neu
886 1243 1769 1436 erwählten Herrn.
658 1400 3686 1548 Desolteux: Wir hätten/es noch erlebt, Caillard, Sie gewiss, dass
3634 1496 3883 1641 sahi
874 1556 3843 1729 Frankreich nach seinem wahren Herrn, nach dem Prinzen von Berry,
878 1685 3201 1909 nach Ihrem Freunde seine Boten ausgesandt hätte...
642 1781 2162 2026 Caillard: Das ist nun vorbei...
2932 1905 3213 2070 Vahr
658 1998 3586 2166 Desolten: Wer weiss..Auch in den Töchtern der Rennys fliesst
698 2106 1761 2327 königliches Blut.
525 2266 3662 2503 Caillard: Desolteux, wollen Sie wirklich Ihr Leben lang der Narz
878 2455 1837 2611 eines Narren bleiben
1219 2511 2170 2684 Caillard? - I Rulèse
622 2595 3530 2776 Desolteux: Warum sind Sie nicht längst von hier fortgegangen,
870 2768 1340 2916 Caillard?
622 2904 3646 3069 Caillard: Sie fragen? François war mein Freund. Ich hätt ihn nie
858 3045 3646 3257 verlassen. Aber ich kannt ihn - Desolteux! Gross zu sein war
862 3193 3634 3446 er nicht geboren, aber er war geschaffen Grösse zu verstehn.
3634 3293 3983 3446 in him
834 3353 4023 3542 Und einmal wäre der Tag gekommen, an dem wir beide zusammen ### for
842 3486 3225 3666 gegangen wären, - dorthin, wo Grösse zu finden ist!
606 3662 3706 3831 Desolteux: Verstecken Sie sich nicht hinter einem Toten, Caillard,
830 3795 3682 3967 der Prinz kann Sie nicht mehr Lügen strafen. Sie sind treulos
830 3935 3566 4196 und jung. - Ich würde an Ihrer Stelle nicht länger zögern.
818 4083 2563 4332 und dem Rufe meines Herzens folgen...
3145 4244 4031 4561 Marbe auf de Ihrer
570 4452 3791 4721 Renault (kommt. Ueber 40. Grau melierten kleinen Knebelbart. Blitz-
830 4673 3759 4890 ende Augen, lebhaft, sehr vollendete Formen, manchmal eine Art
822 4822 3077 5034 von Herzenston, der nicht ganz glaubhaft wirkt.)
2102 5106 2331 5287 76 -
