3832 5432
545 457 2813 733 ein drittes Gedeck und ordnet es auf dem Tisch.)
537 665 3531 870 (sie anschauend): Ver so sein könnte, wie Sie Frau Klaehr. Sie
236 633 485 914 Anna
617 814 2901 1042 nehmens hin, Sie klagen nicht.
529 966 2937 1222 nie wieder, nach für eine Stund nur, in diesem Lebens-
521 1162 1082 1371 froh werden
264 1178 3495 1539 Frau Klachrt xxx doch auch für Dich, Annerl, nicht wahrt. Denn wenn
533 1439 3318 1643 man auch keinen Bissen herunterkringt, zu Mittag speist man
545 1639 3370 1807 halt doch. So wie man auch manche Stunde geschlafen hat, in
545 1751 3330 1944 Nächten, da man kein Aug glaubt zugetan zu haben, Wir sind
561 1904 2489 2152 schwache Menschen alle und leben weiter.
1579 2080 1960 2272 (Pause)
281 2156 2304 2441 Anna: Der Medardus lässt auf sich warten.
281 2348 3286 2557 Frau Klachr: Wahrhaftig, unsre gewohnte Mittagszeit ist längst
557 2549 946 2733 vorbei.
597 2589 3446 2853 Er blieb noch auf dem Friedhof nach uns allen. Und sah selt-
281 2717 549 2889 Anna:
569 2841 3402 3054 sam drein. Und er sprach kein Vort. - Wer weiss, ob er nach
549 2986 2328 3202 Hause kommt zu Tische, Frau Klachr.
228 3114 3398 3374 Frau Klaehr: Ich wollte, er käme nicht - und statt seiner lieber
581 3298 3250 3519 die Nachricht, dass er seinem Bataillon nachgerückt ist.
293 3446 3358 3671 Anna: Nein, das kann Ihr Ernst nicht sein, Frau Klaehr, - jetzt
581 3583 1691 3819 da er ihr Einziger ist.
293 3683 3479 3943 Frau Klaehr: Ist er denn hier gefeit? Es wär ja vielleicht besser,
581 3903 3470 4084 man hätte ein rechtes Muttersöhnchen, brav und gehorsam, das
573 4060 3398 4240 am Ofen hockt über den Büchern, aber da mir nun schon einer
573 4224 3402 4460 geschenkt ist, wie der Medardus, dens immer juckt, sein Leben
557 4332 3503 4593 einzusetzen, so solk es wenigstens ein hohes Spiel sein, bei
569 4540 2320 4753 dem sich auch etwas gewinnen liesse.
