3731 5560
355 702 725 941 Erzelt:
764 717 2032 987 Sie wollen ein Buch kaufen?
355 883 3444 1149 Vachshuber: Ah, der Herr Etzelt tut ja rein, als wenn ich das noch
625 1095 3424 1350 nie getan hätte.  Achtzig Bände hab ich bei mir zu Haus stehn,
621 1199 3347 1442 freilich nicht alle bei Ihnen an geschafft, man kriegt ja man
613 1354 3347 1631 ches zu schenken.. wenn man nur mehr Zeit hätt zum Lesen! Aber
621 1558 3289 1762 Sie erinnern sich vielleicht, Herr Etzelt, im vorigen Jahr,
602 1658 3247 1955 da hab ich mir eine Landkarte bei Ihnen gekauft von Wien u.
598 1797 1126 2013 Umgebung.
316 1901 671 2152 Etzelt:
733 1955 1080 2183 Jaja...
320 2113 3313 2325 Nachshuber: Nicht wahr? Und auch eine Erdbeschreibung. Ueberhaupt
582 2302 3266 2480 Erdbeschreibungen und Reisen, das ist eine alte Liebhaberei-
582 2453 3440 2669 von mir. Und da möcht ich so im Vorbeigahn fragen, Herr Etzelt,
563 2576 3401 2819 ob Sie nicht den berühmten atlas haben von...von (zieht einem
559 2699 2811 2904 Zettel hervor) von Schambel.. ah nein, Schembel.
274 2838 2491 3097 Etzelt: Schraembel meinen Sie, Herr Wachshuber.
289 3046 3216 3270 Wachshuber: Ja natürlich, von Schraembel. Da sollen nämlich so
559 3201 3359 3370 ausgezeichnete Karten drin sein, dass man wirklich eine Ueber-
559 3305 1180 3486 sicht kriegt.
266 3451 3297 3756 Etzelt: Er ist rar geworden jetzt, der Schraembel, wir haben noch
548 3606 1346 3825 zwei Exemplare.
231 3690 3127 3968 Wachshuber (sich vergessend): Ah, gar zwei...das ist g'scheit.
266 3922 2291 4153 Etzelt: Wollen Sie vielleicht beide kaufen?
278 4091 3374 4284 Wachshuber: Aber, Herr Etzelt, was fang ich denn mit zwei Schraembels
513 4257 3235 4446 an. Das heisst, als Geschenk könnte mans vielleicht verwei-
521 4419 3112 4608 den. - Glaubens nicht, Herr Etzelt? Sie können mir gleich
910 4574 2757 4759 plare geben, kriegt eins mein Neffe zum Nauer
2861 4577 3100 4755 stag.
482 4708 1431 4932 Inbacher (der bisher)
2098 4735 2418 4936 absof.
2630 4701 2884 4928 redet
