4520 5496
736 622 3739 841 Der uralte Herr: Ah, so was. Hab'n sie's nicht erwarten können.
1016 833 3747 1024 Schauts an, was ich für eine Geduld hab. - Warum haben sie
1024 927 2056 1130 sich denn umgebracht?
748 1122 3885 1313 Wachshuber: Aus Liebe, Herr Urgrossvater, aus unglücklicher Liebe.
752 1276 3938 1479 Der uralte Herr: Aus unglücklicher Liebe..unglücküche Liebe. Aha,
1036 1374 2231 1626 weiss achon, weiss schon.
748 1569 3974 1816 Einige andre kommen (darunter Brodl, ein eilfertiger, etwas geheim-
1036 1780 2629 1987 nisvoller Mann mit grossen Augen).
748 1922 2003 2125 Bradl: Sie kommen schon.
764 2109 3832 2268 Wachshuber: Iessas, is möglich, sie kommen schon, die Franzosen?
748 2194 3426 2414 Bradl: Wer redet von den Franzosen, die Kondukte kommen.
748 2345 3670 2605 Frau Föderl: Er muss halt immer seine Spässe machen, der Herr
1036 2544 1581 2706 Wachshuber.
744 2625 3747 2869 Frau Grinzinger: Meiner Seel, Sie versündigen sich, das is nicht
1024 2841 1435 3015 der Ort.
752 2971 3966 3158 Wachshuber: Aber warum denn? Alles is a Spass für die Herrschaften?
1036 3133 3897 3300 Wie lang wirds denn noch dauern und sie sein wirklich da, die
1032 3300 1532 3479 Franzosen.
748 3430 4015 3613 Schreubler: Das wär leider nicht unmöglich nach den letzten Nachrich-
1040 3580 4043 3759 ten... Und wir erlebens vielleicht noch einmal, dass der Napoléon
1036 3747 3816 3962 im Schönbrunner Garten spazieren geht, grad so wie vor vier
1016 3922 1406 4100 Jahren.
752 3991 3926 4287 Wachshuber: Freilich ist er drausst spazieren gangen in Schönbrunn,
1028 4169 3527 4417 weil er sich nach Wien doch nicht herein getraut hat!
736 4336 2849 4543 Bradl: Ja, vor Ihnen hat er sich g'fürcht.
731 4515 3877 4734 Föderl: Aber das is schön wahr, herin in der Stadt hat ihn keiner
1012 4669 1402 4836 g’ sehn.
731 4771 3848 5043 Frau Grinzinger: Manchmal soll er doch hereingekommen sein, immer
2296 5112 2560 5258 58 -
