4328 5432
1132 632 3396 876 das Befinden des Herrn Medardus Klaehr erfahren.
908 796 1972 980 Nerina: Prinzessin...
900 960 1968 1148 Helene: So geh doch.
908 1100 3936 1328 Nerina: Ich befürchte sehr, Prinzessin, dass ich den jungen Men-
1136 1324 3904 1524 schen nicht mehr am Leben antreffe. Ein Degenstoss des Herrn
1152 1372 1576 1480 doque
1132 1436 3836 1652 Vieemte. ich habe mir erlaubt, die Züge des Herrn Viehmte
1120 1560 4024 1788 näher zu beobachten...Es war gewiss nur Bescheidenheit, dass er
3100 1728 3476 1828 l'évrier
1116 1736 3940 1980 nicht die ganze Wahrheit sprach. Der Herr Vieente hat so eine
1108 1912 3916 2092 rücksichtsvolle Art, die Worte zu setzen. Ich könnte schwören,
1092 1968 3980 2272 dass der arme Herr Medardus Klaehr, in diesem Augenblick schon
1096 2160 1504 2332 tot ist.
856 2248 4076 2544 Helene: So leg ihm die Blumen aufs Kissen, die seiner armen Schwester
1096 2448 1864 2632 zugedacht waren.
840 2632 3808 2836 Nerina: Und wenn er doch noch lebte? was soll ich dann mit den
1072 2756 1624 2908 Blumen tun?
832 2868 2256 3100 Helene: Das gleiche, Nerina...
836 3068 2132 3232 Nerina: Prinzessin.... —
816 3188 3244 3444 Helene: Geh.... (Beide nach verschiedenen Seiten ab.)
1864 4232 2584 4440 Vorhang.
1836 4384 2604 4492 x==============
1572 4392 3024 4724 Ende des erstes Chiffers
2088 4948 2380 5132 - 86 —
