4424 5608
1070 633 4063 832 (Er streichelt ihre Wange.) Nun Agathe, wie gehts? (Nimmt sie
1066 799 3904 1036 beim Kopf und küsst sie auf die Stirn.) Doch nicht traurig
1086 962 3792 1220 am Ende. (leise zu ihr) Nicht um meinetwillen meine ich
1074 1111 1573 1303 natürlich.
783 1228 2793 1461 Frau Klaehr: Sieh nach dem Essen, Agathe.
770 1415 2864 1640 Agathe (ab, kommt sehr bald wieder herein).
795 1573 2631 1748 Eschenbacher: Du siehst nicht übel aus.
783 1757 3950 1948 Medardus: Du siehst mich doch heute nicht zum erstenmal so, Oheim?
1066 1873 3051 2044 Vier Wochen schon steck inh in dem Gewand.
774 2035 3675 2214 Eschenbacher: Bist eben tüchtig hineingewachsen in der Zeit.
770 2185 4004 2343 Medardus: Nun was glaubt Ihr, wer mich bis ans Haustor begleitet und
1057 2360 3992 2498 mir in den Ohren lag, bis jetzt?.mein Freund Bernburg. Er bot
1057 2527 4063 2660 mir weiss Gott was für Schätze, ich möchte nur tauschen mit ihm.
2585 2614 3322 2714 obersten lesch.
1036 2656 4013 2847 Er wolle es schon durchsetzen beim Steigenleuch. Er wollte mit-
1045 2772 4000 2955 marschieren an meiner statt und ich sollte daheim bleiben. Bei
1045 2964 3871 3213 den Depots. Weiss Gott, wären wir nicht so gute Freunde, ich
1028 3109 1682 3280 hätte ihn...
745 3247 3342 3488 Fram Klaehrfast Du Dirs auch wohl überlegt, Medardus?
770 3405 2181 3621 Medardus Ueberlegt, Mutter?
774 3588 3963 3775 Frau Klaehr: Frag Dich doch einmal aufs Gewissen, obs Dich ins Feld
1045 3696 2477 3904 hinaustreibt mit aller Macht.
741 3854 4088 4071 Eschenbacher: Es könnte wohl auch in der Stadt allerlei zu tun geben.
728 4038 3884 4242 Medardus: Ich danke bestens, Oheim. Für die Bürgermiliz fühl ich
2660 4150 3193 4387 Le mnintich
1028 4179 1927 4371 mich noch zu jung.
733 4287 3959 4541 Eschenbacher: Wir haben grad so junge wie Dich. (von meinen Gesellen
1028 4466 3276 4708 sind zwei bei den bürgerlichen Scharfschützen.
733 4641 3963 4849 Medardus: Habt Ihr gehört, dass sich der Schuster Käsmann erschos-
1036 4770 3064 5032 sen hat, weil ihn das Los traf dazubleiben.
2189 5074 2518 5249 - 16 -
