3819 5368
371 615 3436 898 Etzelt: Sohr wahr, Herr General. Gott wollte ihn zum Helden schaf-
573 776 2993 1001 fen, der Lauf der Dinge machte einen Narren aus ihm.
348 940 2779 1158 Rapp: Dies kann ein Ehrenname sein wie ein anderer.
340 1097 2408 1361 Frau Klaehr: Wohin, wohin führen Sie ihn...
340 1254 1365 1449 Rapp: Frau Klaehr...
344 1342 2336 1647 Frau Klaehr (am Fenster): Dort kommt er.
344 1567 1667 1747 Etzelt: Nicht, Frau Klachr.
333 1697 3322 1942 Frau Klaehr: An die Mauer stellen Sie ihn. Medardus, Medardns...
333 1873 2026 2037 Etzelt: Mein Freund, mein Freud...
321 1980 3402 2255 Medardus (Stinne von unten): Leb Wohl, Etzelt...Mutter, leb wohl
1131 2179 2584 2408 (Eine Salve...Dann Totenstille.)
313 2221 1586 2527 Frau Klaehr (steht starr).
313 2496 1556 2680 Dtzelt (nimmt ihre Hand).
313 2626 3345 2867 Rapp (tritt vor sie hin): Ich habe den Auftrag von Kaiser, die
528 2794 3452 3020 Mutter dieses Tapfern zu grüssen. Es ist der Ville des Kaisers,
528 2962 3364 3169 dass er mit allen Ehren und in geweihter Erde begraben werde,
535 3073 2840 3333 als dieses Krieges letzter und seltsamster Held.
1212 3249 2706 3532 Dri Glochen lauter fort.
1468 3960 2072 4167 Vorhand
1357 4136 2076 4266 ʄ ʒ ̃  ==================
1498 4232 1949 4488 Ende.
