4328 5464
1756 1239 2904 1414 Zweite Szene.
1720 1367 2987 1521 .......................................,,..,,,
854 1641 3822 1792 Alter Garten zu dem Schlösschen gehörig, das der Herzog bewohnt.
854 1807 3969 1974 Das kleine Schlösschen selbst links, recht vernachlässigt, einstök-
854 1950 3969 2137 kig. Breite Stufen führen in den Gartensalon. Rechts vorn ein Bos-
850 2121 3972 2268 kett, rückwärts unter Bäumen ein Teich. Verwitterte Sandsteinfigu-
866 2260 3829 2471 ren. Rings um das Schlösschen eine Mauer, die durch hohe Bäume
842 2387 2113 2598 grösstenteils verdeckt ist.
1609 2586 3214 2785 (Helene und Nerina auf einer Bank.)
854 2757 2538 2960 Nerina: Welch ein Tag, Prinzessin!
854 2908 2538 3095 Helene: Er ist noch nicht zu Ende.
850 3075 4008 3293 Nerina: Gott sei davor, dass er ein schlimmes Ende nehme für irgend
1077 3226 1295 3369 wen.
2848 3257 3261 3432 Marquis
838 3389 3734 3528 Helene: Hast Du nicht gehört, was ich dem Vieemte versprach,
1065 3543 3861 3651 Nerina... Ich kann mir Männer denken, auf die solch eine Aus-
1057 3655 3980 3877 sicht nicht ganz ohne Wirkung bliebe... Wie fandest Du übrigens,
1065 3829 1883 3992 dass er aussah..?
818 3976 4012 4147 Nerina: Wie einer, den man nicht gleich ins Tollhaus stecken müsste,
1172 4135 3957 4330 wenn er sich einbildete, einer so edeln Hand würdig zu sein.
1434 4235 1887 4342 narpier.
818 4251 3913 4421 Helene: Der Vicomte meinst Du -? Er hat es nicht schwer, gut aus-
1065 4413 3873 4604 zusehn. Die Gabe bringt jeder aus dieser Familie mit auf die
1041 4604 3281 4755 Welt. Ich meinte den andern? Wie fandest Du den?
826 4719 3329 4962 Nerina: Wild genug sah er aus. Und bedrohlich beinah.
2086 5005 2304 5196 70 -
