3608 5528
993 608 2189 872 Zweite Szene.
61 920 3251 1135 Glacis. - Trüber Morgen. - links, weit hinten ein grösseres Gebäude,
89 1119 503 1216 iaarven
109 1111 3170 1317 alastartig, grosses Tor, in den rechten Flügel eingeschnitten eine
85 1289 2797 1455 kleine Tür, beide praktikabel. - Rechts hinten die Bastei.
101 1338 3296 1634 Frauen mit Einkaufkörben, dann einige französische Soldaten passieren
109 1524 3259 1767 vorüber. Endlich von links eine Bürgerwache bestehend aus einem Kor-
811 1711 1411 1780 -endelein
81 1767 1261 1921 poral und sei Gardisten.
430 1865 1362 1986 t~tM~t~
628 1897 2578 2128 (Von rechts Herr Föderl und Frau Förderl.)
105 2055 3093 2311 Frau Föderl: So muss man halt weiter fragen. (Zu dem Korporal)
341 2213 3320 2497 Ich bitte sehr, ist Ihnen vielleicht bekannt, in welchem Gefäng-
345 2416 2221 2574 nis der Eschenbacher untergebracht ist?
85 2481 1370 2748 Korporal: Eschenbacher...?
97 2696 3198 2907 Frau Föderl: Der Sattlermeister. Gestern haben sie ihn verhaftet.
89 2870 1139 3057 Korporal: Warum denn?
89 2931 3223 3198 Herr Föderl: Davon ist uns natürlich nichts bekannt, nicht das ge-
353 3150 2651 3328 ringste. Es ist vielleicht auch nur ein Gerücht.
85 3308 3348 3527 Korporal: Was halten s' uns denn dann auf? Marsch. (Ab mit den zwei
373 3490 778 3661 andern.)
109 3563 3048 3786 Föderl: O Gott, o Gott, wer weiss, was er ang'stellt hat, der
349 3746 3125 3940 Eschenbacher - Durch Deine Fragerei können wir noch in die
365 3912 3089 4131 ärgsten Fatalitäten kommen Was hast schon davon, wenn Du
357 4038 3105 4220 weisst, wo sie ihn eingelastelt haben..da steht man auf um
349 4260 2842 4479 fünf in der Früh, rennt in der ganzen Stadt herum...
114 4362 1844 4569 Frau Föderl: Wärst zu aus geblieben.
138 4488 3186 4727 Föderl: Ja, wenn ich Dich allein lass, haben's Dich schon längst
191 4658 2286 4889 arretiert.- bei Deiner Unvorsichtigkeit.
138 4844 3255 5043 Frau Föderl: Da kommt der Herr Berger, der wird sicher was wissen.
1488 5108 1869 5339 - 208 -
