3779 5592
638 582 3213 931 könnt es Ihnen sogar befehlen, verlassen Sie die Bastei.
345 866 2455 1071 Frau Klaehr: Sie denken, es wird bald Ernst.
345 1015 3406 1260 Bargetti: Sehn Sie, Frau Klaehr, da drüben auf dem Dach vom Stall-
622 1211 3446 1452 gebäude stehn sechs Kanchen, ich schwöre, dass die nicht zum
626 1316 2038 1536 Spass drüben aufgefahren sind.
337 1500 2623 1673 Frau Klaehr: Was wird nur werden, Herr Bergetti?
349 1633 3578 1877 Bargetti: Ja- was werden wird...? Selbst in ruhigem Zeiten xxx
341 1777 2527 2050 man mit dem Prophezein vorsichtig sein.
1424 1978 1921 2150 (Schüsse.)
325 2070 2876 2274 Bargetti: Auf Wiedersehen, Frau Klaehr..Hoffentlich...
337 2238 3329 2423 Frau Klaehr: Herr Bergetti...können Sie mir vielfelcht Auskunft
622 2395 2964 2615 gebem.. steht ein Ausfall von unserer Seite bevor?
337 2535 3357 2716 Bargetti: Es ist kaum möglich zu wissen, was im Lauf der nächstem
606 2720 3353 2924 Stunden anbefohlen wird, und was sich nebenher ohne direkten
594 2856 1637 3073 Befehl ergeben dürfte.
269 3037 3317 3193 Frau Klaehr: Ich hätte gern meinen Sohn noch gesehn. Er hat doch
590 3189 1512 3385 hier seinen Posten.
305 3349 3369 3502 Bargetti: Ich hab ihn mit einer Meldung zum Kärntnertor geschickt,
598 3486 3381 3626 ich denke, er wird bald wieder hier sein. Wenn sie vielleicht
598 3630 3369 3823 unterdes hier Platz nehmen wollen, Frau Klaehr. Garantien für
586 3795 2976 3999 Ihre persönliche Sicherheit übernehm ich aber nicht.
582 3947 3345 4248 (Licks vorn auf der Bastei begegnen sich Anna und Elisabet.)
313 4196 1171 4356 Anna: Elisabet.
305 4272 2391 4513 Elisabet: Ja, ich bins, kennst Du mich noch!
305 4481 3333 4661 Anna: Warum sollt ich Dich nicht kennen. Ich hab Dich erst neulich
562 4597 3293 4854 gesehn auf dem Friedhof, wie sie unsre arme Agathe begraben
558 4761 899 4998 haben.
261 4822 3430 5199 Elisabet: Ja, es gibt Mädeln, die nehmen alles schwer. Ich bin nicht
1580 5134 1765 5399 135
