3803 5384
840 657 3314 1012 Etselt: Verein starrst du so nedardais?
537 877 2926 1247 Es ist schliesslich and eine Art, die
190 1097 3199 1493 Lendrag der Valors zu erfüllen und
601 1273 3020 1721 über Frankreich zu hernden. Du
672 1396 3329 1799 aber, bedanntere, wenn du dich besinnet,
679 1739 2351 2042 solltest ihr dankbar sein.
758 1937 1467 2262 les dardins toutes
791 2023 3083 2497 Etrell. The letzte Begepuerg with
802 2198 3079 2676 ihr hat dies zu einen geschelichen
810 2437 2923 2896 Vernich bewahit, der dir doch
821 2646 2796 3061 hätte meilänger müssen!
761 2855 3188 3285 Med. Hâtte misier? Warum?
