<?xml version="1.0" encoding="UTF-8" standalone="yes"?>
<PcGts xmlns="http://schema.primaresearch.org/PAGE/gts/pagecontent/2013-07-15" xmlns:xsi="http://www.w3.org/2001/XMLSchema-instance" xsi:schemaLocation="http://schema.primaresearch.org/PAGE/gts/pagecontent/2013-07-15 http://schema.primaresearch.org/PAGE/gts/pagecontent/2013-07-15/pagecontent.xsd">
    <Metadata>
        <Creator>prov=READ-COOP:name=TrHtr:version=2.1.0:model_id=51170:date=15_08_2023_10:00</Creator>
        <Created>2023-05-10T15:10:43.268+02:00</Created>
        <LastChange>2023-08-15T10:00:18.284+02:00</LastChange>
        <TranskribusMetadata docId="1429033" pageId="55435430" pageNr="99" tsid="132846268" status="IN_PROGRESS" userId="64420" imgUrl="https://files.transkribus.eu/Get?id=UKDUSSOHVTDBTWDVNGVWJVVD&amp;fileType=view" xmlUrl="https://files.transkribus.eu/Get?id=MRZKPWSSRTYNEXQPXJFHLWXR" imageId="44709420"/>
    </Metadata>
    <Page imageFilename="1429033_0099.jpg" imageWidth="3848" imageHeight="5448">
        <ReadingOrder>
            <OrderedGroup id="ro_1711800080295" caption="Regions reading order">
                <RegionRefIndexed index="0" regionRef="tr_1"/>
                <RegionRefIndexed index="1" regionRef="tr_2"/>
            </OrderedGroup>
        </ReadingOrder>
        <TextRegion id="tr_1" custom="readingOrder {index:0;}">
            <Coords points="316,625 3602,625 3602,3797 316,3797"/>
            <TextLine id="tr_1_tl_1" custom="readingOrder {index:0;}">
                <Coords points="294,823 3247,727 3302,584 2464,517 1911,592 1593,469 1307,632 298,556"/>
                <Baseline points="316,734 352,728 442,722 531,716 621,722 710,722 800,722 890,722 979,716 1069,716 1158,710 1248,710 1338,710 1427,710 1517,710 1606,710 1696,710 1786,710 1875,704 1965,704 2054,704 2144,698 2234,698 2323,698 2413,692 2502,692 2592,698 2682,692 2771,686 2861,686 2951,686 3040,686 3130,681 3219,681 3309,675"/>
                <TextEquiv>
                    <Unicode>Frau Nachr: Lassen Sie sie nur da, Frau Berger, ich bring sie</Unicode>
                </TextEquiv>
            </TextLine>
            <TextLine id="tr_1_tl_2" custom="readingOrder {index:1;}">
                <Coords points="564,946 1307,874 1462,985 2019,1017 2865,890 3215,1013 3421,982 3429,719 564,779"/>
                <Baseline points="585,878 657,872 746,872 836,872 925,872 1015,872 1105,872 1194,872 1284,866 1373,866 1463,866 1553,860 1642,860 1732,860 1821,860 1911,860 2001,854 2090,854 2180,848 2270,848 2359,848 2449,848 2538,848 2628,842 2718,842 2807,836 2897,836 2986,830 3076,830 3166,830 3255,830 3345,824 3434,818"/>
                <TextEquiv>
                    <Unicode>Ihnen später selber hab. Haus. ich muss ja auch ein hissel an</Unicode>
                </TextEquiv>
            </TextLine>
            <TextLine id="tr_1_tl_3" custom="readingOrder {index:2;}">
                <Coords points="525,1073 628,1045 755,1097 807,1081 898,1113 974,1077 1001,1101 1049,1085 1117,1109 1121,878 1049,874 962,918 763,914 723,950 648,922 529,982"/>
                <Baseline points="549,1033 591,1027 681,1021 770,1021 860,1021 949,1021 1039,1015 1129,1021"/>
                <TextEquiv>
                    <Unicode>die Luft.)</Unicode>
                </TextEquiv>
            </TextLine>
            <TextLine id="tr_1_tl_4" custom="readingOrder {index:3;}">
                <Coords points="302,1220 540,1299 1069,1184 3421,1188 3425,982 3068,1069 2654,962 1625,993 930,1140 306,1065"/>
                <Baseline points="322,1188 388,1182 477,1182 567,1182 657,1176 746,1182 836,1182 925,1182 1015,1176 1105,1170 1194,1170 1284,1170 1373,1170 1463,1170 1553,1164 1642,1164 1732,1164 1821,1164 1911,1164 2001,1164 2090,1158 2180,1158 2270,1158 2359,1152 2449,1152 2538,1152 2628,1146 2718,1146 2807,1140 2897,1140 2986,1140 3076,1140 3166,1140 3255,1140 3345,1146 3434,1152"/>
                <TextEquiv>
                    <Unicode>Frau Berger: Also, wenn die Frau Klachr so gut sein will - Adieu,</Unicode>
                </TextEquiv>
            </TextLine>
            <TextLine id="tr_1_tl_5" custom="readingOrder {index:4;}">
                <Coords points="564,1367 3465,1363 3465,1208 3227,1140 568,1268"/>
                <Baseline points="591,1338 609,1332 698,1332 788,1332 878,1326 967,1326 1057,1326 1146,1326 1236,1326 1326,1320 1415,1326 1505,1320 1594,1320 1684,1320 1774,1320 1863,1314 1953,1314 2043,1308 2132,1308 2222,1308 2311,1308 2401,1308 2491,1308 2580,1308 2670,1302 2759,1296 2849,1296 2939,1296 3028,1290 3118,1290 3207,1284 3297,1284 3387,1296 3476,1302"/>
                <TextEquiv>
                    <Unicode>Annerl. Grüss Sie Gott, liebe Frau Klaehr. (Drückt ihr eini-</Unicode>
                </TextEquiv>
            </TextLine>
            <TextLine id="tr_1_tl_6" custom="readingOrder {index:5;}">
                <Coords points="580,1534 2126,1470 2591,1601 2960,1474 3370,1498 3549,1450 3553,1359 580,1375"/>
                <Baseline points="603,1505 692,1487 782,1481 872,1475 961,1481 1051,1475 1140,1481 1230,1475 1320,1475 1409,1481 1499,1469 1589,1469 1678,1469 1768,1469 1857,1469 1947,1463 2037,1463 2126,1463 2216,1463 2305,1457 2395,1457 2485,1457 2574,1457 2664,1451 2753,1451 2843,1451 2933,1451 3022,1451 3112,1445 3201,1445 3291,1445 3381,1439 3470,1439 3560,1433"/>
                <TextEquiv>
                    <Unicode>gemale die Hand.) Man kann halt nichts sagen. Gott tröste Sie.</Unicode>
                </TextEquiv>
            </TextLine>
            <TextLine id="tr_1_tl_7" custom="readingOrder {index:6;}">
                <Coords points="580,1729 2273,1748 2273,1502 2039,1558 1784,1478 1216,1574 1101,1510 580,1550"/>
                <Baseline points="603,1636 669,1636 758,1636 848,1630 937,1630 1027,1630 1117,1630 1206,1630 1296,1630 1385,1630 1475,1630 1565,1630 1654,1630 1744,1618 1833,1618 1923,1618 2013,1624 2102,1624 2192,1630 2281,1624"/>
                <TextEquiv>
                    <Unicode>Auf Viedersehen, Frau Klaehr. (ab)</Unicode>
                </TextEquiv>
            </TextLine>
            <TextLine id="tr_1_tl_8" custom="readingOrder {index:7;}">
                <Coords points="1323,2050 1462,2078 1558,2039 1764,2106 1923,2043 2110,2086 2178,2054 2265,2074 2265,1792 1963,1820 1880,1788 1629,1903 1323,1899"/>
                <Baseline points="1344,2007 1433,2007 1523,2007 1612,2007 1702,2001 1792,2001 1881,2007 1971,2007 2060,2001 2150,2001 2240,2007 2275,2013"/>
                <TextEquiv>
                    <Unicode>Frau Klachr. Anna.</Unicode>
                </TextEquiv>
            </TextLine>
            <TextLine id="tr_1_tl_9" custom="readingOrder {index:8;}">
                <Coords points="2368,2337 2682,2289 2897,2333 3076,2297 3286,2345 3402,2309 3406,2094 3326,2122 3227,2078 3131,2098 3044,2050 2921,2062 2710,1995 2563,2070 2372,2043"/>
                <Baseline points="2389,2216 2479,2216 2568,2216 2658,2216 2747,2216 2837,2216 2927,2210 3016,2210 3106,2210 3195,2210 3285,2210 3375,2222 3410,2234"/>
                <TextEquiv>
                    <Unicode>Was wählst zu denn da</Unicode>
                </TextEquiv>
            </TextLine>
            <TextLine id="tr_1_tl_10" custom="readingOrder {index:9;}">
                <Coords points="294,2281 1625,2269 1693,2325 2074,2261 2261,2321 2265,2074 1403,2070 1081,2166 874,2066 294,2190"/>
                <Baseline points="316,2264 388,2258 477,2252 567,2252 657,2246 746,2246 836,2246 925,2246 1015,2246 1105,2240 1194,2240 1284,2234 1373,2234 1463,2234 1553,2234 1642,2234 1732,2228 1821,2228 1911,2228 2001,2222 2090,2222 2180,2228 2270,2228"/>
                <TextEquiv>
                    <Unicode>Frau Klaehr (langsam ins Zimmer zurück):</Unicode>
                </TextEquiv>
            </TextLine>
            <TextLine id="tr_1_tl_11" custom="readingOrder {index:10;}">
                <Coords points="576,2424 2197,2428 2221,2305 1685,2325 1570,2269 1216,2345 922,2281 576,2333"/>
                <Baseline points="597,2395 615,2395 704,2395 794,2395 884,2395 973,2395 1063,2395 1152,2395 1242,2389 1332,2389 1421,2389 1511,2383 1600,2383 1690,2383 1780,2383 1869,2383 1959,2383 2048,2377 2138,2377 2228,2377"/>
                <TextEquiv>
                    <Unicode>herum in den ###achen, Annerl?</Unicode>
                </TextEquiv>
            </TextLine>
            <TextLine id="tr_1_tl_12" custom="readingOrder {index:11;}">
                <Coords points="652,2567 2448,2535 2654,2619 3179,2539 3247,2611 3429,2579 3433,2368 656,2452"/>
                <Baseline points="675,2550 752,2550 842,2550 931,2544 1021,2544 1111,2538 1200,2538 1290,2538 1379,2538 1469,2538 1559,2538 1648,2532 1738,2532 1827,2538 1917,2538 2007,2532 2096,2526 2186,2526 2275,2526 2365,2526 2455,2520 2544,2520 2634,2520 2724,2520 2813,2520 2903,2520 2992,2520 3082,2520 3172,2520 3261,2520 3351,2520 3440,2520"/>
                <TextEquiv>
                    <Unicode>Ich möcht mir halt so gern was zur Erinnerung behalten. Was</Unicode>
                </TextEquiv>
            </TextLine>
            <TextLine id="tr_1_tl_13" custom="readingOrder {index:12;}">
                <Coords points="302,2591 473,2595 485,2611 501,2599 529,2599 556,2571 576,2571 580,2480 493,2492 465,2464 445,2476 437,2468 397,2476 374,2468 334,2503 306,2503"/>
                <Baseline points="322,2574 406,2556 495,2556 585,2562"/>
                <TextEquiv>
                    <Unicode>Anna:</Unicode>
                </TextEquiv>
            </TextLine>
            <TextLine id="tr_1_tl_14" custom="readingOrder {index:13;}">
                <Coords points="600,2714 3560,2738 3596,2575 600,2639"/>
                <Baseline points="621,2706 645,2706 734,2706 824,2706 913,2706 1003,2700 1093,2700 1182,2694 1272,2700 1362,2694 1451,2694 1541,2694 1630,2694 1720,2694 1810,2688 1899,2688 1989,2688 2078,2688 2168,2688 2258,2688 2347,2682 2437,2682 2526,2682 2616,2682 2706,2682 2795,2682 2885,2682 2974,2682 3064,2676 3154,2676 3243,2676 3333,2676 3422,2670 3512,2664 3602,2676"/>
                <TextEquiv>
                    <Unicode>darf ich denn? Da wär der silberne Fingerhut, der Neuelpolster.</Unicode>
                </TextEquiv>
            </TextLine>
            <TextLine id="tr_1_tl_15" custom="readingOrder {index:14;}">
                <Coords points="612,2873 1216,2865 1291,2905 1347,2865 1578,2857 1641,2897 1709,2865 1709,2801 1546,2809 1470,2742 1248,2730 1093,2774 771,2754 672,2825 612,2813"/>
                <Baseline points="633,2861 645,2861 734,2861 824,2861 913,2855 1003,2855 1093,2855 1182,2849 1272,2849 1362,2849 1451,2849 1541,2849 1630,2849 1720,2849"/>
                <TextEquiv>
                    <Unicode>..die Seidenspulen....</Unicode>
                </TextEquiv>
            </TextLine>
            <TextLine id="tr_1_tl_16" custom="readingOrder {index:15;}">
                <Coords points="302,3052 1907,3032 2046,3004 2050,2881 1824,2901 1717,2845 1307,2949 1033,2901 942,2980 787,2877 556,2960 306,2921"/>
                <Baseline points="322,3040 352,3034 442,3022 531,3016 621,3022 710,3016 800,3016 890,3016 979,3010 1069,3010 1158,3010 1248,3004 1338,3004 1427,3004 1517,3004 1606,3004 1696,3004 1786,2998 1875,2998 1965,2998 2054,3004"/>
                <TextEquiv>
                    <Unicode>Frau Klaehr: Was Du willst, Annerl.</Unicode>
                </TextEquiv>
            </TextLine>
            <TextLine id="tr_1_tl_17" custom="readingOrder {index:16;}">
                <Coords points="306,3203 3453,3171 3453,3020 306,3115"/>
                <Baseline points="328,3189 418,3178 507,3178 597,3172 686,3166 776,3166 866,3166 955,3160 1045,3160 1135,3160 1224,3160 1314,3160 1403,3160 1493,3160 1583,3160 1672,3160 1762,3154 1851,3148 1941,3148 2031,3148 2120,3148 2210,3148 2299,3148 2389,3142 2479,3142 2568,3142 2658,3142 2747,3142 2837,3142 2927,3142 3016,3136 3106,3136 3195,3136 3285,3130 3375,3130 3464,3136"/>
                <TextEquiv>
                    <Unicode>Anna : Venn ich auch im Schrank nachsehn dürfte. Es muss doch noch</Unicode>
                </TextEquiv>
            </TextLine>
            <TextLine id="tr_1_tl_18" custom="readingOrder {index:17;}">
                <Coords points="592,3330 3465,3306 3465,3183 3334,3151 596,3219"/>
                <Baseline points="615,3315 698,3321 788,3321 878,3315 967,3315 1057,3315 1146,3309 1236,3309 1326,3309 1415,3309 1505,3309 1594,3309 1684,3309 1774,3309 1863,3303 1953,3303 2043,3303 2132,3303 2222,3297 2311,3297 2401,3297 2491,3297 2580,3297 2670,3297 2759,3297 2849,3291 2939,3291 3028,3291 3118,3285 3207,3285 3297,3285 3387,3279 3476,3291"/>
                <TextEquiv>
                    <Unicode>mancherlei da sein von früher. Die goldgestickten Pantoffeln</Unicode>
                </TextEquiv>
            </TextLine>
            <TextLine id="tr_1_tl_19" custom="readingOrder {index:18;}">
                <Coords points="604,3481 3390,3517 3441,3350 604,3398"/>
                <Baseline points="627,3476 675,3470 764,3470 854,3470 943,3470 1033,3470 1123,3470 1212,3464 1302,3464 1391,3464 1481,3464 1571,3464 1660,3458 1750,3458 1839,3458 1929,3458 2019,3458 2108,3458 2198,3458 2287,3452 2377,3452 2467,3452 2556,3452 2646,3452 2735,3452 2825,3452 2915,3446 3004,3440 3094,3440 3183,3440 3273,3440 3363,3434 3452,3434"/>
                <TextEquiv>
                    <Unicode>zum Beispiel - oder das rotseidene Flitterkleid, von damals</Unicode>
                </TextEquiv>
            </TextLine>
            <TextLine id="tr_1_tl_20" custom="readingOrder {index:19;}">
                <Coords points="600,3696 1566,3636 2360,3743 3461,3628 3461,3529 2968,3449 2690,3541 600,3529"/>
                <Baseline points="621,3632 692,3632 782,3626 872,3626 961,3626 1051,3626 1140,3626 1230,3626 1320,3626 1409,3620 1499,3620 1589,3620 1678,3614 1768,3614 1857,3614 1947,3614 2037,3614 2126,3614 2216,3614 2305,3614 2395,3608 2485,3614 2574,3608 2664,3614 2753,3608 2843,3608 2933,3602 3022,3602 3112,3602 3201,3602 3291,3602 3381,3596 3470,3602"/>
                <TextEquiv>
                    <Unicode>wie wir Komdie gespielt haben. Ach, wie lang ist das her...</Unicode>
                </TextEquiv>
            </TextLine>
            <TextLine id="tr_1_tl_21" custom="readingOrder {index:20;}">
                <Coords points="600,3815 815,3787 894,3827 1077,3783 1264,3819 1303,3787 1566,3787 1566,3735 1498,3704 1415,3723 1331,3656 1260,3684 1180,3636 942,3731 827,3668 604,3696"/>
                <Baseline points="627,3787 681,3787 770,3781 860,3781 949,3775 1039,3775 1129,3775 1218,3775 1308,3769 1397,3769 1487,3769 1577,3769"/>
                <TextEquiv>
                    <Unicode>Kinder waren wir...</Unicode>
                </TextEquiv>
            </TextLine>
        </TextRegion>
        <TextRegion id="tr_2" custom="readingOrder {index:1;}">
            <Coords points="280,3850 3512,3850 3512,4872 280,4872"/>
            <TextLine id="tr_2_tl_1" custom="readingOrder {index:0;}">
                <Coords points="258,3954 473,4065 946,3930 3251,3962 3453,3930 3457,3767 2488,3700 656,3791 258,3910"/>
                <Baseline points="280,3942 322,3948 412,3942 501,3942 591,3942 681,3936 770,3936 860,3936 949,3930 1039,3930 1129,3930 1218,3930 1308,3924 1397,3930 1487,3930 1577,3930 1666,3924 1756,3924 1845,3918 1935,3918 2025,3918 2114,3918 2204,3918 2293,3918 2383,3912 2473,3912 2562,3912 2652,3906 2741,3906 2831,3906 2921,3906 3010,3906 3100,3906 3189,3906 3279,3900 3369,3900 3458,3906"/>
                <TextEquiv>
                    <Unicode>Frau Klachr: Nimm Dir, was Du willst. Alles meinethalben. Ich be¬</Unicode>
                </TextEquiv>
            </TextLine>
            <TextLine id="tr_2_tl_2" custom="readingOrder {index:1;}">
                <Coords points="604,4117 3298,4105 3501,4061 3501,3950 604,3990"/>
                <Baseline points="627,4097 645,4091 734,4091 824,4091 913,4086 1003,4086 1093,4086 1182,4086 1272,4086 1362,4086 1451,4086 1541,4080 1630,4080 1720,4080 1810,4074 1899,4074 1989,4080 2078,4074 2168,4074 2258,4074 2347,4074 2437,4068 2526,4068 2616,4068 2706,4068 2795,4062 2885,4062 2974,4062 3064,4062 3154,4062 3243,4062 3333,4056 3422,4056 3512,4056"/>
                <TextEquiv>
                    <Unicode>wahre nichts auf. Ich will Dir den ganzen Kram zusammenpacken</Unicode>
                </TextEquiv>
            </TextLine>
            <TextLine id="tr_2_tl_3" custom="readingOrder {index:2;}">
                <Coords points="592,4296 3370,4252 3374,4093 592,4157"/>
                <Baseline points="615,4247 692,4247 782,4247 872,4241 961,4241 1051,4235 1140,4235 1230,4235 1320,4235 1409,4235 1499,4235 1589,4235 1678,4229 1768,4229 1857,4229 1947,4229 2037,4223 2126,4223 2216,4229 2305,4223 2395,4223 2485,4223 2574,4223 2664,4223 2753,4217 2843,4217 2933,4217 3022,4211 3112,4211 3201,4211 3291,4211 3381,4205"/>
                <TextEquiv>
                    <Unicode>lassen. Von meinem Mann hab ich auch alles verschenkt. Was</Unicode>
                </TextEquiv>
            </TextLine>
            <TextLine id="tr_2_tl_4" custom="readingOrder {index:3;}">
                <Coords points="608,4490 811,4403 3461,4395 3461,4284 2941,4228 2118,4319 612,4284"/>
                <Baseline points="633,4402 692,4396 782,4402 872,4396 961,4396 1051,4396 1140,4390 1230,4390 1320,4390 1409,4390 1499,4390 1589,4384 1678,4384 1768,4384 1857,4384 1947,4378 2037,4378 2126,4372 2216,4372 2305,4372 2395,4372 2485,4366 2574,4366 2664,4366 2753,4372 2843,4366 2933,4366 3022,4366 3112,4366 3201,4360 3291,4360 3381,4360 3470,4372"/>
                <TextEquiv>
                    <Unicode>soll einem das Zeug? (Auf ihre Stirn deutend) Vas man nicht</Unicode>
                </TextEquiv>
            </TextLine>
            <TextLine id="tr_2_tl_5" custom="readingOrder {index:4;}">
                <Coords points="604,4582 3386,4574 3441,4427 1951,4474 1093,4395 604,4494"/>
                <Baseline points="627,4557 669,4551 758,4551 848,4551 937,4545 1027,4545 1117,4545 1206,4540 1296,4540 1385,4540 1475,4540 1565,4534 1654,4534 1744,4534 1833,4534 1923,4534 2013,4534 2102,4534 2192,4534 2281,4534 2371,4534 2461,4528 2550,4522 2640,4522 2729,4522 2819,4522 2909,4522 2998,4522 3088,4522 3178,4516 3267,4522 3357,4516 3446,4516"/>
                <TextEquiv>
                    <Unicode>da drin aufbewahrt.. Und wie gut wärs, wenn man auch das her</Unicode>
                </TextEquiv>
            </TextLine>
            <TextLine id="tr_2_tl_6" custom="readingOrder {index:5;}">
                <Coords points="604,4745 2857,4741 3421,4685 3425,4570 1140,4550 608,4629"/>
                <Baseline points="627,4713 651,4707 740,4707 830,4707 919,4701 1009,4701 1099,4701 1188,4695 1278,4695 1367,4695 1457,4695 1547,4695 1636,4689 1726,4689 1816,4689 1905,4683 1995,4683 2084,4689 2174,4689 2264,4683 2353,4683 2443,4677 2532,4677 2622,4677 2712,4677 2801,4671 2891,4671 2980,4671 3070,4671 3160,4671 3249,4677 3339,4677 3428,4683"/>
                <TextEquiv>
                    <Unicode>schenken könnte! Aber das ist immer da. Sollt nicht sein.</Unicode>
                </TextEquiv>
            </TextLine>
            <TextLine id="tr_2_tl_7" custom="readingOrder {index:6;}">
                <Coords points="612,4900 1053,4959 1490,4868 1880,4955 3342,4872 3342,4753 3060,4685 612,4749"/>
                <Baseline points="633,4856 663,4856 752,4856 842,4862 931,4856 1021,4856 1111,4856 1200,4856 1290,4856 1379,4850 1469,4850 1559,4844 1648,4844 1738,4844 1827,4844 1917,4838 2007,4832 2096,4826 2186,4826 2275,4826 2365,4826 2455,4826 2544,4826 2634,4820 2724,4820 2813,4826 2903,4820 2992,4826 3082,4832 3172,4826 3261,4832 3351,4826"/>
                <TextEquiv>
                    <Unicode>da man xxx doch weiterlebt. (Sie nimmt aus dem Schrank ein</Unicode>
                </TextEquiv>
            </TextLine>
        </TextRegion>
    </Page>
</PcGts>
