4184 5464
3562 163 3923 399 II.
589 523 3601 849 Helene: Renault?...wir haben länger als ein Jahr nichts von ihm
845 764 1299 992 gehört....
612 899 3535 1163 Bertrand: Ich sprach ihn vor einem halben Jahr in Holland..Er
837 1023 3772 1240 gab sich mir als einen der begeistertsten Anhänger Ihres Vaters
845 1213 1535 1411 zu erkennen...
597 1275 3632 1562 Helene: Er verliess uns als solcher... Aber man hörte nichts von
868 1481 3950 1713 ihm.. Nichts bestimmtes wenigstens. Was hilft es uns übrigens heute
2694 1605 3043 1713 jemalt
849 1616 3411 1837 dass er wieder da ist. Hätt es uns j###as geholfen?
636 1791 3524 2020 Bertrand: Er kommt aus Paris, wir werden ja hören, was er für
857 1942 1775 2194 Nachrichten bringt.
624 2062 3620 2295 Helene (die ihre Finger betrachtet hat): Hochmütig, mörderisch
872 2256 3682 2434 nannte er diese Hand... (Plötzlich) Töten Sie den jungen Men-
872 2430 3857 2574 schen, der da eben fortging und ich will die Ihre sein, Bertrand.
2512 2512 2791 2613 Herrn
647 2512 3477 2752 Bertrand: Helene -- darf ich Sie zu Ihrem Vater geleiten...
1597 2675 1992 2783 marquis
636 2713 3744 2938 Helene: Geduld, Herr Vacomte-! suchen Sie Ihre Freunde auf. In drei
872 2849 3570 3047 Stunden müssen Sie mit ihnen in der Penzinger Au sein. Auf
872 3023 3175 3221 Wiedersehen nachher. Komm, Nerina - (ab mit ihr)
2097 4822 2318 5093 69
