4392 5480
1710 593 2760 792 Desolteux. Caillard.
992 804 3912 984 Renault: Desolteux, Caillard, meine Freunde, ist es denn auch
1218 956 2194 1140 wahr? (Händedrücke)
988 1077 3720 1261 Desolteux: Heute morgens, Result, haben wir ihn begraben.
964 1230 3779 1448 Renault: Ich kann es gar nicht fassen. Der Prinz von Berry
3603 1269 3814 1374 aln
1214 1417 4091 1628 tot - durch eigene Hand. Und wegen einer dummen Liebesgeschich-
1214 1589 3990 1722 te, wie man erzählt. Ihr hättet besser auf ihn achtgeben müs-
1202 1690 4021 1913 sen. Nicht Sie mein ich, Desolteux, denn seine Erzieher führt
1195 1862 4029 2128 man ja immer hinter Licht. Aber Sie, Caillard, Sie waren xxx
664 1897 851 2202 G.C.P.
1202 1991 1784 2170 sein Freund.
953 2174 3939 2334 Caillard (sehr leicht):  Ich hoffe, Rensult, Sie werden es sich
1171 2334 3755 2471 nicht einfallen lassen, irgend jemanden für den Tod des
1156 2463 4076 2647 Prinzen verantwortlich zu machen, weder mich noch einen andern.
941 2596 4036 2807 Renault (mit Herzenston): Caillard, ist das die Art, einen Mann zu
1167 2791 3904 2975 empfangen, der seit drei Wochen in keinem Bette schlief, um
1159 2912 3213 3123 zu guter Stunde bei seinen Freunden zu sein.
929 3061 2713 3232 Caillard: Eine gute Stunde, bei Gott.
933 3221 2936 3408 Desolteux: Wann haben Sie Paris verlassen?
913 3373 4009 3541 Renault: Am gleichen Tage wie Bonaparte. Und bin früher da als er.
910 3506 4044 3681 Caillard: Sie hatten allerdings weniger auf dem Weg zu tun,Renault.
921 3677 4009 3833 Renault (leicht): Ich hoffe nun meinerseits, Sie nehmen mir nicht
1136 3845 4009 4001 etwa übel, dass ich nicht unter den Fahnen - eines korsischen
1132 3943 1944 4138 Offiziers fechte.
898 4087 3931 4310 Caillard: Nicht mehr müssen Sie sagen, Renault. Diese Narbe
1120 4251 2858 4431 stammt ja meines Wissens von Marengo.
1925 4376 2370 4485 Caillard
874 4411 3865 4622 Renault: Aus einer Zeit, da Bonaparte der kühnste Soldat seines
1101 4571 3857 4817 Landes war, nicht sein Tyrann. Sollte es wirklich notwendig
2338 4802 2561 5071 77 -
