4344 5496
862 644 2265 870 Medardus: Wohin mein Weg -?
858 862 3827 1041 Etzelt: Du wirst Dich drauf besinnen, wenn wir jenseits dieser
1097 978 1689 1160 Mauern sind.
850 1140 4002 1311 Medardus: Wir können uns nicht mehr verstehn, Etzelt! Deine Sprache
1089 1291 4010 1530 ist doch nur aus Worten gemacht! (Er wirft sich aufs Grab hin)
862 1427 1562 1657 Etzelt (geht).
838 1780 3791 2007 Medardus (allein): Agathe! Schwester! Geliebte, hingeopferte
1085 1967 3950 2138 Schwester!...Kommt Ihr nun doch, elende Tränen? Fliesst nur...
1069 2070 3950 2297 fliesst!... Ihr strömt über meine Seele dahin und nehmet nichts
1065 2253 3966 2444 mit Euch fort. (Er liegt der Länge nach hingestreckt, hinter
1069 2436 4010 2643 dem aufgeworfenen Hügel links, so dass die von rechts Kommenden,
1073 2555 2563 2778 ihn anfangs nicht sehen können.)
2062 2869 2321 2988 Valois
815 2945 3954 3155 Helene, die Prinzessin von Barry und Nerina, ihr Kammermädchen (kom-
1049 3103 3906 3302 men von rechts, von einem Friedhofswächter geleitet, der sie
1029 3227 2086 3429 dann gleich verlässt.)
811 3453 2722 3688 Helene: Hier also. (Sie steht sinnend)
803 3600 1578 3791 Nerina (weint).
795 3759 2090 3922 Helene: Du we inst, Nerina?
783 3878 3767 4149 Nerina! Wie sollt ich nicht, gnädigste Prinzessin? So jung, so
1021 4069 3735 4296 schön, so gütig - und musste schon so früh fort aus dieser
1005 4180 1299 4375 Welt.
767 4367 3767 4542 Helene: Gütig und schön und jung, dies alles war er wohl. Doch
989 4562 3545 4725 nicht für diese Welt geschaffen. Drum verliess er sie.
751 4665 3950 4876 Nerina: Prinzessin, es war doch Ihr einziger Bruder und Sie liebten
2182 4995 2416 5174 66 -
