4392 5464
797 561 3817 835 Medardus (zu Etzelt): Etzelt, leb wohl. Ich dank Dir für Deine
994 816 3995 1033 Treu und Deine Freundschaft. Wie immer es kommen mag, ich weiss,
986 998 2549 1156 Du wirst meiner nicht vergessen.
777 1106 3577 1280 Etzelt (läschelnd): Nein, Medardus, das werd ich nicht...
804 1261 3786 1435 Medardus: Und nun hab ich noch eine Bitte an Dich, wirst Du sie
963 1396 1620 1597 mir erfüllen?
789 1559 1702 1760 Etzelt: Lass hören.
785 1706 2553 1895 Medardus: Wach über meine Schwester.
3005 1740 3380 1907 Sollte
785 1891 3883 2073 Etzelt: Du gibst mir einen sonderbaren Auftrag. Ist Dir plötzlich
1446 1976 1644 2061 rem
971 1999 2475 2197 entfallen, dass sie verlobt ist?
766 2119 3748 2332 Medardus: Mir ist bange, Etzelt. So voll Vertrauen bin ich von
975 2309 3933 2479 Hause fort, und nun, ich kann mir nicht helfen, klingen mir Fran-
959 2452 3902 2642 zens Worte, ja seine Stimme selbst klingt mir seltsam nach, wie
971 2591 2970 2765 gebrochen. Wenn er gelogen hätte, Etzelt...
774 2792 2568 2935 Etzelt: Warum willst Du das vermuten?
754 2908 3844 3082 Medardus: Sie haben einander wiedergesehen, auch da es ihnen ver-
959 3067 3748 3225 boten war. Lüge ist ihm also nicht fremd, so wenig wie ihr.
1013 3229 3767 3415 Wenn er sich die Gelegenheit zunutze machen wollte, Etzelt,
944 3372 3933 3543 jetzt - da der Bruder fort ist... Ich wills nicht zu Ende denken.
959 3508 3976 3678 Schwörmir, Etzelt, schwör mir, dass Du Deine Augen offen hältst.
963 3690 3926 3825 Ich weiss, Du hast sie lieb, Etzelt, schwör mir, dass Du gerade-
944 3813 2386 4026 so als wärst Du ihr Bruder....
750 3898 3767 4204 Etzelt: Schweig, Medardus. Ton kann Dir Deinen Wunsch nicht er¬
940 4130 2510 4289 füllen. Ich habe kein Recht dazu.
754 4254 2642 4471 Medardus: Da ichs Dir doch übertrage...
735 4421 1918 4622 Etzelt: Wer gab es Dir?
735 4595 1717 4776 Medardus: Etzelt....
735 4707 3844 4923 Etzelt: Ich denke, über die eigene Stäle und den eigenen Leib mag
2204 5113 2421 5298 46 —
