4248 5416
2431 500 2756 670 Valus
737 543 3715 833 Helene: Desolteux! - Dem Herzog von B###rz und seiner Begleitung
963 773 3854 975 hat der Kaiser von Oesterreich selbst vor drei Jahren hier ein
2177 888 2331 991 iben
963 900 3418 1114 Asyl bewilligt. Man wird ums nicht daraus vertreiben.
1285 1035 1796 1154 vielleicht
737 1039 3600 1241 Caillard: Das nicht - aber im Augenblick, da Napeleon vor der
963 1221 3521 1404 Stadt steht, wird das Asyl für uns zu einer Mausefalle.
737 1324 3775 1566 Assalagny: Die Gefahr scheint mir nicht gross. Bonaparte wird das
2212 1479 2466 1578 Valn
952 1507 3228 1713 Asylrecht des Herzogs von Berry nicht antasten.
706 1665 3033 1860 Helene: Warum sind Sie davon überzeugt, Doktor? -
726 1828 3874 1979 Assalagny: Weil Bonaparte keine seiner Seelenkäfte auf unnützes
960 1963 2902 2157 verschwendet. Nicht einmal seine Furcht...
714 2145 2585 2292 Helene: Ich verstehe Sie nicht, Doktor.
714 2280 3735 2450 Assalagny: Er hat vor ein paar Jahren einen englischen Juden nach
944 2435 3703 2621 Warschau geschickt, um dem Grafen von Lille Geld anzubieten
932 2577 3866 2776 für den endgiltigen Verzicht auf Frankreichs Krone. Beim Herzog
952 2684 3576 2855 von Berry hat er nicht einmal das für notwendig gehalten.
714 2887 3128 3081 Desolteux: Hat er diese Beleidigung nicht gewagt -!
714 3029 3894 3231 Assalagny: Was würde Bonaparte nicht wagen!.. Er hat einfach, ge-
952 3168 3854 3335 stehen wir uns es doch ein, die Ansprüche des Herzogs von Barry
936 3342 3735 3513 niemals ernst genommen. Wird er es heute tun - da der Herzog
928 3477 3795 3644 selbst zu unser aller tiefstem Schmerz alle seine Ansprüche...
3239 3592 3513 3691 Valn
940 3620 3798 3783 alle seine Träume begraben xxx Der Herzog von Ranny ist so
940 3787 3715 3929 verehrungswürdig als beklagenswert und es schiene mir ebenso
920 3894 3751 4139 grausam als lächerlich auch nur den Gedanken einer Flucht vor
932 4048 2157 4247 ihm laut werden zu lassen.
694 4219 3513 4393 Helene (sieht ihn wortlos an und entfernt sich nach rechts).
694 4381 3247 4568 Caillard: Sie sind in Ungnade gefallen, Dr. Assalagny.
690 4532 3806 4687 Desolteux: Auch könnten Sie sich in der Annahme täuschen, dass der
892 4659 3870 4893 Herzog seine Ansprüche aufgibt. Der Vierm### von Henry ist hier
2240 4877 3890 5079 weil sein Sohn nicht mehr lebt.
1178 4821 1899 5087 wohlberechtigte
2133 4968 2363 5226 74 -
