<?xml version="1.0" encoding="UTF-8" standalone="yes"?>
<PcGts xmlns="http://schema.primaresearch.org/PAGE/gts/pagecontent/2013-07-15" xmlns:xsi="http://www.w3.org/2001/XMLSchema-instance" xsi:schemaLocation="http://schema.primaresearch.org/PAGE/gts/pagecontent/2013-07-15 http://schema.primaresearch.org/PAGE/gts/pagecontent/2013-07-15/pagecontent.xsd">
    <Metadata>
        <Creator>prov=READ-COOP:name=TrHtr:version=2.1.0:model_id=51170:date=15_08_2023_10:00</Creator>
        <Created>2023-05-10T15:10:51.829+02:00</Created>
        <LastChange>2023-08-15T10:00:31.733+02:00</LastChange>
        <TranskribusMetadata docId="1429033" pageId="55435614" pageNr="147" tsid="132846321" status="IN_PROGRESS" userId="64420" imgUrl="https://files.transkribus.eu/Get?id=SQIBMTMVFPQLLFLMJLLMJLYV&amp;fileType=view" xmlUrl="https://files.transkribus.eu/Get?id=PLIWLOFDEYRHJVILGGEWKHCG" imageId="44709604"/>
    </Metadata>
    <Page imageFilename="1429033_0147.jpg" imageWidth="4071" imageHeight="5889">
        <ReadingOrder>
            <OrderedGroup id="ro_1711800208319" caption="Regions reading order">
                <RegionRefIndexed index="0" regionRef="tr_1"/>
                <RegionRefIndexed index="1" regionRef="tr_2"/>
            </OrderedGroup>
        </ReadingOrder>
        <TextRegion id="tr_1" custom="readingOrder {index:0;}">
            <Coords points="334,798 3643,798 3643,3062 334,3062"/>
            <TextLine id="tr_1_tl_1" custom="readingOrder {index:0;}">
                <Coords points="349,908 483,892 556,941 856,856 1225,957 1427,957 1561,884 1817,925 1813,746 1326,799 673,649 345,754"/>
                <Baseline points="370,848 459,848 549,854 639,854 728,860 818,860 907,866 997,866 1087,866 1176,866 1266,872 1355,872 1445,872 1534,866 1624,872 1714,872 1803,872 1827,872"/>
                <TextEquiv>
                    <Unicode>schreubler: Wo bewegt sich was?</Unicode>
                </TextEquiv>
            </TextLine>
            <TextLine id="tr_1_tl_2" custom="readingOrder {index:1;}">
                <Coords points="341,1095 864,1022 1119,1107 1423,1030 2044,1119 2198,1038 2863,1095 2863,981 2652,900 2186,973 1565,884 1354,961 341,916"/>
                <Baseline points="364,1009 453,1009 543,1015 633,1015 722,1015 812,1015 901,1021 991,1021 1081,1021 1170,1021 1260,1021 1349,1021 1439,1027 1528,1027 1618,1027 1708,1021 1797,1021 1887,1027 1976,1027 2066,1033 2156,1027 2245,1033 2335,1027 2424,1033 2514,1033 2604,1033 2693,1033 2783,1033 2872,1033"/>
                <TextEquiv>
                    <Unicode>Berger: Dorten in der Gegend von der Mariahilferlinie.</Unicode>
                </TextEquiv>
            </TextLine>
            <TextLine id="tr_1_tl_3" custom="readingOrder {index:2;}">
                <Coords points="341,1237 3179,1237 3228,1107 337,1091"/>
                <Baseline points="364,1146 453,1152 543,1158 633,1158 722,1164 812,1164 901,1164 991,1164 1081,1170 1170,1170 1260,1170 1349,1176 1439,1176 1528,1176 1618,1176 1708,1176 1797,1176 1887,1176 1976,1176 2066,1182 2156,1182 2245,1182 2335,1182 2424,1182 2514,1182 2604,1182 2693,1188 2783,1188 2872,1188 2962,1194 3052,1194 3141,1188 3231,1194 3237,1194"/>
                <TextEquiv>
                    <Unicode>rau Grinzinger: Freilich, wie ein schwarzes Band schauts aus.</Unicode>
                </TextEquiv>
            </TextLine>
            <TextLine id="tr_1_tl_4" custom="readingOrder {index:3;}">
                <Coords points="349,1362 3183,1415 3114,1204 2656,1277 349,1225"/>
                <Baseline points="370,1308 459,1313 549,1313 639,1313 728,1313 818,1319 907,1319 997,1319 1087,1319 1176,1325 1266,1325 1355,1331 1445,1331 1534,1331 1624,1331 1714,1331 1803,1331 1893,1337 1982,1331 2072,1337 2162,1337 2251,1331 2341,1337 2430,1337 2520,1337 2610,1343 2699,1337 2789,1343 2878,1343 2968,1343 3057,1343 3147,1343 3189,1343"/>
                <TextEquiv>
                    <Unicode>erger: Eher noch wie eine Schlange,'s wird Kavallerie sein.</Unicode>
                </TextEquiv>
            </TextLine>
            <TextLine id="tr_1_tl_5" custom="readingOrder {index:4;}">
                <Coords points="345,1557 847,1476 1431,1586 2027,1504 3406,1594 3402,1322 2903,1435 653,1318 341,1407"/>
                <Baseline points="364,1463 453,1463 543,1469 633,1469 722,1469 812,1469 901,1475 991,1475 1081,1475 1170,1481 1260,1481 1349,1487 1439,1481 1528,1481 1618,1481 1708,1481 1797,1481 1887,1487 1976,1487 2066,1487 2156,1487 2245,1487 2335,1487 2424,1493 2514,1493 2604,1499 2693,1499 2783,1499 2872,1499 2962,1499 3052,1499 3141,1505 3231,1499 3320,1499 3410,1499 3416,1499"/>
                <TextEquiv>
                    <Unicode>schreubler: Ja freilich die wird dort ohne Deckung stehn. Die könnt</Unicode>
                </TextEquiv>
            </TextLine>
            <TextLine id="tr_1_tl_6" custom="readingOrder {index:5;}">
                <Coords points="531,1654 697,1715 1537,1650 1691,1723 1772,1658 1942,1715 2169,1667 2169,1549 2015,1517 1431,1586 1002,1525 531,1541"/>
                <Baseline points="555,1618 645,1624 734,1624 824,1630 913,1630 1003,1630 1092,1630 1182,1630 1272,1630 1361,1630 1451,1630 1540,1630 1630,1636 1720,1630 1809,1630 1899,1630 1988,1636 2078,1636 2168,1642 2174,1642"/>
                <TextEquiv>
                    <Unicode>man ja von uns aus zusammenfeuern.</Unicode>
                </TextEquiv>
            </TextLine>
            <TextLine id="tr_1_tl_7" custom="readingOrder {index:6;}">
                <Coords points="345,1902 1302,1792 2263,1898 2563,1809 3435,1861 3398,1667 2737,1740 341,1650"/>
                <Baseline points="364,1761 453,1767 543,1773 633,1773 722,1773 812,1779 901,1779 991,1779 1081,1779 1170,1785 1260,1785 1349,1785 1439,1785 1528,1785 1618,1785 1708,1785 1797,1791 1887,1791 1976,1791 2066,1791 2156,1791 2245,1797 2335,1797 2424,1797 2514,1803 2604,1803 2693,1803 2783,1809 2872,1809 2962,1809 3052,1803 3141,1809 3231,1809 3320,1809 3410,1809 3440,1803"/>
                <TextEquiv>
                    <Unicode>rau Grinzinger: Ihr, weils bei und schon so fleissig sind mit dem</Unicode>
                </TextEquiv>
            </TextLine>
            <TextLine id="tr_1_tl_8" custom="readingOrder {index:7;}">
                <Coords points="543,1950 596,1942 629,1959 661,1938 730,1950 758,1934 795,1959 856,1938 884,1959 908,1946 985,1971 981,1841 925,1865 852,1845 779,1873 718,1849 661,1869 584,1849 539,1861"/>
                <Baseline points="567,1917 656,1923 746,1923 836,1929 925,1929 997,1929"/>
                <TextEquiv>
                    <Unicode>Feuern...</Unicode>
                </TextEquiv>
            </TextLine>
            <TextLine id="tr_1_tl_9" custom="readingOrder {index:8;}">
                <Coords points="324,2117 2770,2149 2766,2011 2429,1975 2141,2044 1942,1955 1833,2019 1618,1946 324,1983"/>
                <Baseline points="346,2072 436,2072 525,2072 615,2072 704,2078 794,2078 883,2078 973,2078 1063,2084 1152,2084 1242,2084 1331,2090 1421,2090 1511,2090 1600,2096 1690,2096 1779,2096 1869,2102 1959,2096 2048,2102 2138,2102 2227,2102 2317,2102 2406,2102 2496,2102 2586,2102 2675,2108 2765,2108 2777,2108"/>
                <TextEquiv>
                    <Unicode>berger: Drüben strengen sie sich grad auch nicht an.</Unicode>
                </TextEquiv>
            </TextLine>
            <TextLine id="tr_1_tl_10" custom="readingOrder {index:9;}">
                <Coords points="328,2169 397,2161 442,2186 495,2165 576,2169 604,2157 624,2173 641,2161 665,2178 681,2165 718,2173 722,2105 657,2072 641,2084 620,2076 564,2117 543,2105 333,2117"/>
                <Baseline points="352,2156 370,2156 459,2156 549,2156 639,2150 728,2150"/>
                <TextEquiv>
                    <Unicode>Brenblet</Unicode>
                </TextEquiv>
            </TextLine>
            <TextLine id="tr_1_tl_11" custom="readingOrder {index:10;}">
                <Coords points="377,2295 738,2299 884,2234 2178,2263 2178,2161 2044,2137 1780,2182 1010,2092 831,2178 377,2161"/>
                <Baseline points="400,2215 489,2227 579,2227 668,2227 758,2233 848,2233 937,2233 1027,2233 1116,2233 1206,2233 1296,2239 1385,2239 1475,2239 1564,2239 1654,2245 1744,2245 1833,2245 1923,2251 2012,2251 2102,2251 2185,2251"/>
                <TextEquiv>
                    <Unicode>Anderer: Könnt auch Artillerie sein.</Unicode>
                </TextEquiv>
            </TextLine>
            <TextLine id="tr_1_tl_12" custom="readingOrder {index:11;}">
                <Coords points="791,2356 3187,2295 3585,2384 3633,2165 791,2255"/>
                <Baseline points="812,2305 901,2311 991,2311 1081,2305 1170,2305 1260,2299 1349,2299 1439,2299 1528,2299 1618,2305 1708,2305 1797,2305 1887,2305 1976,2311 2066,2311 2156,2305 2245,2305 2335,2299 2424,2299 2514,2299 2604,2299 2693,2299 2783,2299 2872,2293 2962,2293 3052,2293 3141,2293 3231,2293 3320,2293 3410,2299 3499,2311 3589,2335 3643,2335"/>
                <TextEquiv>
                    <Unicode>Glaub ich nicht. Sie sollen ja ihre Kaumen noch jas nicht da he</Unicode>
                </TextEquiv>
            </TextLine>
            <TextLine id="tr_1_tl_13" custom="readingOrder {index:12;}">
                <Coords points="316,2449 3353,2457 3353,2324 3220,2315 316,2299"/>
                <Baseline points="340,2377 430,2383 519,2383 609,2383 698,2389 788,2389 877,2389 967,2389 1057,2395 1146,2389 1236,2389 1325,2389 1415,2389 1505,2389 1594,2389 1684,2395 1773,2395 1863,2400 1953,2400 2042,2406 2132,2406 2221,2400 2311,2406 2400,2412 2490,2412 2580,2412 2669,2412 2759,2412 2848,2412 2938,2412 3028,2418 3117,2418 3207,2418 3296,2418 3362,2418"/>
                <TextEquiv>
                    <Unicode>Derger: Keine Spur. Wissen sindenn nicht, dass die Frankosen ihre</Unicode>
                </TextEquiv>
            </TextLine>
            <TextLine id="tr_1_tl_14" custom="readingOrder {index:13;}">
                <Coords points="1269,2461 1622,2453 1671,2478 1727,2461 1764,2494 1914,2478 1914,2417 1809,2401 1569,2421 1435,2388 1362,2421 1322,2405 1269,2421"/>
                <Baseline points="1290,2454 1379,2460 1469,2454 1558,2454 1648,2448 1738,2460 1827,2454 1917,2454 1923,2454"/>
                <TextEquiv>
                    <Unicode>soller ne se</Unicode>
                </TextEquiv>
            </TextLine>
            <TextLine id="tr_1_tl_15" custom="readingOrder {index:14;}">
                <Coords points="2255,2494 2299,2490 2311,2498 2336,2502 2356,2494 2372,2502 2388,2490 2405,2506 2413,2498 2433,2498 2429,2425 2401,2429 2372,2421 2344,2449 2315,2449 2287,2425 2251,2429"/>
                <Baseline points="2275,2478 2365,2484 2442,2490"/>
                <TextEquiv>
                    <Unicode>auf</Unicode>
                </TextEquiv>
            </TextLine>
            <TextLine id="tr_1_tl_16" custom="readingOrder {index:15;}">
                <Coords points="466,2583 2940,2611 2911,2449 1537,2498 462,2413"/>
                <Baseline points="489,2538 579,2538 668,2538 758,2538 848,2538 937,2538 1027,2538 1116,2538 1206,2538 1296,2544 1385,2550 1475,2550 1564,2550 1654,2550 1744,2550 1833,2550 1923,2556 2012,2556 2102,2556 2191,2556 2281,2562 2371,2556 2460,2556 2550,2556 2639,2562 2729,2568 2819,2568 2908,2574 2950,2574"/>
                <TextEquiv>
                    <Unicode>Kanenen Erst von Passau her kriegen über die Donau.</Unicode>
                </TextEquiv>
            </TextLine>
            <TextLine id="tr_1_tl_17" custom="readingOrder {index:16;}">
                <Coords points="872,2636 2319,2656 2319,2587 2182,2563 1598,2599 1549,2559 1257,2595 1123,2547 872,2559"/>
                <Baseline points="895,2621 985,2627 1075,2621 1164,2621 1254,2627 1343,2627 1433,2633 1523,2633 1612,2633 1702,2639 1791,2639 1881,2639 1970,2639 2060,2639 2150,2639 2239,2639 2329,2639"/>
                <TextEquiv>
                    <Unicode>Lieutenant des frugées Grenastées,</Unicode>
                </TextEquiv>
            </TextLine>
            <TextLine id="tr_1_tl_18" custom="readingOrder {index:17;}">
                <Coords points="312,2753 3321,2778 3232,2615 312,2571"/>
                <Baseline points="334,2681 424,2687 513,2687 603,2693 692,2693 782,2693 872,2693 961,2693 1051,2693 1140,2693 1230,2693 1319,2699 1409,2699 1499,2699 1588,2705 1678,2699 1767,2699 1857,2705 1947,2699 2036,2705 2126,2705 2215,2711 2305,2711 2395,2717 2484,2717 2574,2717 2663,2717 2753,2717 2842,2723 2932,2723 3022,2723 3111,2723 3201,2723 3290,2723 3326,2729"/>
                <TextEquiv>
                    <Unicode>Schöffmann (mit einigen andern Bürgermilitärs kommt von rückwärts.</Unicode>
                </TextEquiv>
            </TextLine>
            <TextLine id="tr_1_tl_19" custom="readingOrder {index:18;}">
                <Coords points="531,2932 3532,2932 3528,2798 3272,2766 527,2745"/>
                <Baseline points="549,2842 639,2842 728,2842 818,2842 907,2842 997,2842 1087,2848 1176,2848 1266,2848 1355,2848 1445,2848 1534,2854 1624,2854 1714,2860 1803,2860 1893,2860 1982,2860 2072,2860 2162,2860 2251,2866 2341,2866 2430,2866 2520,2866 2610,2866 2699,2872 2789,2872 2878,2872 2968,2872 3057,2872 3147,2878 3237,2878 3326,2878 3416,2884 3505,2890 3541,2890"/>
                <TextEquiv>
                    <Unicode>Zu Bergetti hin. Begrüsst ihn, sie bleiben zuerst redend mit ei-</Unicode>
                </TextEquiv>
            </TextLine>
            <TextLine id="tr_1_tl_20" custom="readingOrder {index:19;}">
                <Coords points="2011,2964 2234,2948 2579,3106 2701,3062 3374,3126 3601,3074 3589,2911 3329,2952 2007,2895"/>
                <Baseline points="2030,2938 2120,2938 2209,2944 2299,2950 2389,2950 2478,2950 2568,2956 2657,2956 2747,2962 2836,2962 2926,2968 3016,2968 3105,2974 3195,2974 3284,2992 3374,2998 3464,3016 3553,3040 3607,3052"/>
                <TextEquiv>
                    <Unicode>gegen mikräit auf die schon</Unicode>
                </TextEquiv>
            </TextLine>
            <TextLine id="tr_1_tl_21" custom="readingOrder {index:20;}">
                <Coords points="515,3025 1066,3106 1225,3045 2307,3070 2255,2952 2044,2976 1877,2907 515,2948"/>
                <Baseline points="537,2992 627,2992 716,2992 806,2998 895,2998 985,3004 1075,3004 1164,3004 1254,2998 1343,3004 1433,3004 1523,3004 1612,3010 1702,3010 1791,3010 1881,3016 1970,3016 2060,3016 2150,3016 2239,3016 2317,3010"/>
                <TextEquiv>
                    <Unicode>nander stehn und gehn dann etwas nach-</Unicode>
                </TextEquiv>
            </TextLine>
        </TextRegion>
        <TextRegion id="tr_2" custom="readingOrder {index:1;}">
            <Coords points="304,3097 3547,3097 3547,5044 304,5044"/>
            <TextLine id="tr_2_tl_1" custom="readingOrder {index:0;}">
                <Coords points="296,3256 1123,3167 3358,3240 3228,3074 292,3029"/>
                <Baseline points="316,3147 406,3147 495,3147 585,3147 674,3147 764,3147 854,3147 943,3153 1033,3153 1122,3159 1212,3159 1302,3159 1391,3159 1481,3159 1570,3165 1660,3165 1749,3165 1839,3165 1929,3171 2018,3171 2108,3171 2197,3171 2287,3177 2377,3177 2466,3183 2556,3183 2645,3183 2735,3183 2825,3183 2914,3183 3004,3189 3093,3195 3183,3195 3272,3189 3362,3189"/>
                <TextEquiv>
                    <Unicode>Frau Grinzinger: Wie leers da drunten ist! Man möcht meinen, alles</Unicode>
                </TextEquiv>
            </TextLine>
            <TextLine id="tr_2_tl_2" custom="readingOrder {index:1;}">
                <Coords points="519,3353 718,3362 799,3321 872,3362 916,3313 1079,3362 1399,3325 1521,3358 1586,3321 1586,3208 1411,3203 1294,3252 1107,3208 1054,3252 998,3216 957,3248 860,3212 641,3236 515,3195"/>
                <Baseline points="537,3302 627,3302 716,3308 806,3308 895,3308 985,3308 1075,3308 1164,3314 1254,3314 1343,3314 1433,3314 1523,3320 1594,3326"/>
                <TextEquiv>
                    <Unicode>ist ganz ausgestorben.</Unicode>
                </TextEquiv>
            </TextLine>
            <TextLine id="tr_2_tl_3" custom="readingOrder {index:2;}">
                <Coords points="280,3508 3422,3593 3540,3443 2397,3410 2153,3293 1736,3402 276,3309"/>
                <Baseline points="304,3458 394,3458 483,3458 573,3458 662,3464 752,3464 842,3458 931,3464 1021,3464 1110,3464 1200,3470 1290,3470 1379,3470 1469,3470 1558,3476 1648,3476 1738,3482 1827,3482 1917,3482 2006,3482 2096,3482 2185,3482 2275,3482 2365,3488 2454,3493 2544,3493 2633,3493 2723,3493 2813,3493 2902,3493 2992,3493 3081,3499 3171,3499 3261,3499 3350,3499 3440,3499 3529,3511 3547,3511"/>
                <TextEquiv>
                    <Unicode>bergen Ja freilich, wer nicht muss wird sich grad aufs Glacis traun.</Unicode>
                </TextEquiv>
            </TextLine>
            <TextLine id="tr_2_tl_4" custom="readingOrder {index:3;}">
                <Coords points="288,3658 3431,3706 3370,3560 2956,3516 288,3508"/>
                <Baseline points="310,3601 400,3607 489,3607 579,3607 668,3613 758,3619 848,3613 937,3613 1027,3613 1116,3619 1206,3619 1296,3625 1385,3625 1475,3625 1564,3625 1654,3625 1744,3631 1833,3637 1923,3637 2012,3637 2102,3643 2191,3643 2281,3643 2371,3643 2460,3643 2550,3643 2639,3643 2729,3643 2819,3643 2908,3649 2998,3649 3087,3655 3177,3649 3267,3655 3356,3655 3434,3661"/>
                <TextEquiv>
                    <Unicode>schreubler: Wissen s' denn nicht, dass gestern Abend einem französi-</Unicode>
                </TextEquiv>
            </TextLine>
            <TextLine id="tr_2_tl_5" custom="readingOrder {index:4;}">
                <Coords points="515,3791 3394,3905 3390,3718 3240,3686 515,3670"/>
                <Baseline points="537,3768 627,3762 716,3768 806,3768 895,3768 985,3768 1075,3768 1164,3774 1254,3774 1343,3774 1433,3774 1523,3774 1612,3780 1702,3780 1791,3786 1881,3786 1970,3786 2060,3792 2150,3792 2239,3792 2329,3792 2418,3792 2508,3798 2598,3798 2687,3798 2777,3798 2866,3804 2956,3804 3046,3810 3135,3810 3225,3810 3314,3810 3404,3804"/>
                <TextEquiv>
                    <Unicode>schen Jägerordizier die Beine abg' schossen worden sind... da</Unicode>
                </TextEquiv>
            </TextLine>
            <TextLine id="tr_2_tl_6" custom="readingOrder {index:5;}">
                <Coords points="527,3954 564,3970 616,3933 726,3933 852,3966 920,3937 1018,3994 1087,3994 1135,3970 1135,3804 1014,3795 933,3836 860,3795 746,3848 689,3812 657,3836 600,3812 527,3824"/>
                <Baseline points="549,3924 639,3924 728,3929 818,3929 907,3935 997,3929 1087,3935 1146,3935"/>
                <TextEquiv>
                    <Unicode>von uns aus.</Unicode>
                </TextEquiv>
            </TextLine>
            <TextLine id="tr_2_tl_7" custom="readingOrder {index:6;}">
                <Coords points="280,4156 3094,4169 3382,4136 3378,3905 2449,4027 276,3946"/>
                <Baseline points="304,4073 394,4073 483,4073 573,4079 662,4073 752,4073 842,4079 931,4079 1021,4079 1110,4085 1200,4085 1290,4085 1379,4085 1469,4085 1558,4085 1648,4085 1738,4091 1827,4091 1917,4091 2006,4091 2096,4097 2185,4097 2275,4097 2365,4103 2454,4109 2544,4109 2633,4109 2723,4109 2813,4109 2902,4115 2992,4115 3081,4115 3171,4115 3261,4121 3350,4121 3392,4121"/>
                <TextEquiv>
                    <Unicode>Frau Grinzinger: Aber hebt schiessens beinah gar nimmer. Ich weiss</Unicode>
                </TextEquiv>
            </TextLine>
            <TextLine id="tr_2_tl_8" custom="readingOrder {index:7;}">
                <Coords points="515,4290 3394,4306 3394,4201 2830,4128 515,4160"/>
                <Baseline points="537,4234 627,4234 716,4234 806,4234 895,4234 985,4240 1075,4240 1164,4240 1254,4240 1343,4240 1433,4240 1523,4240 1612,4240 1702,4240 1791,4240 1881,4246 1970,4246 2060,4252 2150,4252 2239,4258 2329,4258 2418,4258 2508,4258 2598,4258 2687,4258 2777,4264 2866,4264 2956,4264 3046,4270 3135,4270 3225,4270 3314,4276 3404,4276 3410,4270"/>
                <TextEquiv>
                    <Unicode>gar nicht, worauf warten wir denn eigentlich? Seit vorgestern</Unicode>
                </TextEquiv>
            </TextLine>
            <TextLine id="tr_2_tl_9" custom="readingOrder {index:8;}">
                <Coords points="495,4428 3341,4432 3297,4286 491,4286"/>
                <Baseline points="519,4383 609,4389 698,4389 788,4389 877,4389 967,4389 1057,4389 1146,4395 1236,4389 1325,4395 1415,4395 1505,4401 1594,4401 1684,4401 1773,4401 1863,4401 1953,4407 2042,4401 2132,4401 2221,4407 2311,4407 2400,4407 2490,4413 2580,4413 2669,4419 2759,4419 2848,4419 2938,4419 3028,4419 3117,4419 3207,4425 3296,4425 3350,4425"/>
                <TextEquiv>
                    <Unicode>sind die Tore alle zugesperrt, und drüben sind die Franzosen</Unicode>
                </TextEquiv>
            </TextLine>
            <TextLine id="tr_2_tl_10" custom="readingOrder {index:9;}">
                <Coords points="474,4562 916,4554 1038,4619 1172,4554 1452,4615 1703,4554 2072,4594 2068,4436 470,4440"/>
                <Baseline points="495,4533 585,4539 674,4539 764,4539 854,4545 943,4545 1033,4545 1122,4545 1212,4545 1302,4545 1391,4545 1481,4545 1570,4545 1660,4545 1749,4545 1839,4551 1929,4551 2018,4551 2078,4551"/>
                <TextEquiv>
                    <Unicode>und es g'schieht alleweil nichts.</Unicode>
                </TextEquiv>
            </TextLine>
            <TextLine id="tr_2_tl_11" custom="readingOrder {index:10;}">
                <Coords points="316,4761 3244,4789 3244,4615 3041,4684 2465,4533 316,4611"/>
                <Baseline points="340,4694 430,4694 519,4694 609,4700 698,4700 788,4700 877,4700 967,4700 1057,4700 1146,4706 1236,4700 1325,4706 1415,4706 1505,4706 1594,4706 1684,4706 1773,4706 1863,4712 1953,4718 2042,4718 2132,4718 2221,4718 2311,4718 2400,4724 2490,4724 2580,4724 2669,4724 2759,4724 2848,4730 2938,4730 3028,4730 3117,4736 3207,4736 3255,4736"/>
                <TextEquiv>
                    <Unicode>erger: Na hörn s', Frau Grinzinger, das überlegt sich doch der</Unicode>
                </TextEquiv>
            </TextLine>
            <TextLine id="tr_2_tl_12" custom="readingOrder {index:11;}">
                <Coords points="450,4862 3171,4959 3171,4813 2421,4724 2149,4805 1999,4732 446,4736"/>
                <Baseline points="471,4849 561,4849 651,4849 740,4849 830,4849 919,4855 1009,4855 1098,4855 1188,4855 1278,4855 1367,4855 1457,4855 1546,4855 1636,4855 1726,4861 1815,4861 1905,4867 1994,4867 2084,4867 2174,4867 2263,4867 2353,4873 2442,4879 2532,4879 2621,4885 2711,4879 2801,4879 2890,4879 2980,4879 3069,4885 3159,4885 3183,4891"/>
                <TextEquiv>
                    <Unicode>Erzherzog, eh er die Vorstädte zusammenschiessen lässt...</Unicode>
                </TextEquiv>
            </TextLine>
            <TextLine id="tr_2_tl_13" custom="readingOrder {index:12;}">
                <Coords points="466,5044 1225,5020 1468,5044 1594,5138 1861,5040 2011,5093 2007,4894 1934,4874 1468,4951 1298,4862 1054,4923 815,4886 462,4935"/>
                <Baseline points="483,4999 573,5005 662,5005 752,5005 842,5011 931,5011 1021,5011 1110,5016 1200,5011 1290,5016 1379,5016 1469,5016 1558,5016 1648,5016 1738,5016 1827,5022 1917,5028 2006,5034 2018,5028"/>
                <TextEquiv>
                    <Unicode>das ist doch eine Verantwortung.</Unicode>
                </TextEquiv>
            </TextLine>
        </TextRegion>
    </Page>
</PcGts>
