3768 5528
166 505 633 722 Sraulles
621 567 3346 833 Obacht, Herr Föderl, die Herrn von Bürgermilitär, die sind
201 691 548 895 Berger.
478 799 3199 999 jetzt sehr empfindlich, wenn die merken, wir verlassen uns
490 942 2234 1154 nicht auf sie, so sind sie instand...
772 1065 1956 1173 auf der schänze Mertriss
205 1077 3241 1297 Bargetti (kommt nach wir mit ### und Schöffmann): Sehn Sie,
505 1258 3129 1489 dort hinter den kaiserlichen Stallungen, diese Volke von
498 1401 3334 1578 Staub und Dunst. be haben die Franzosen sicher ein Haus abge-
517 1516 3388 1740 brochen. Die Bewegung in der Gegend ist überhaupt ganz auffal-
498 1686 3450 1895 lend. Ich vermute, es dauert nicht mehr lang, so fahren sie ihre
517 1879 3380 2068 Batterien/ auf die Anhöhe hinter dem Stallgebäude, wo sie die
521 2037 3326 2207 beste Deckung haben. Schöffmann... sorgen Sie dafür, dass die
2107 2142 2292 2261 ins
529 2207 3315 2419 Bastei vom Publikum geräumt wird, besonders von den Damen.
1536 2296 2076 2396 melden so
521 2311 3241 2516 Und Sie, Klaehr, machen Sie Meldung beim Hauptmann Mollner
529 2454 3045 2639 am Kärntnertor von dem, was wir hier beobachtet haben.
278 2624 2987 2809 Meda###r und schöffmann nach verschiedenen Seiten ab.)
259 2817 3249 2991 Frau Grinzinger: Da reiten ja zwei übers Glaois direkt aufs Tor
544 2937 2882 3145 zu. Warum schiessens denn jetzt nicht von uns aus.
668 3083 3415 3276 So blutfürstig als wie die Frau Grinzinger is...Sehns denn
247 3133 621 3326 Berger:
552 3284 2423 3430 nicht, die haben ja eine weisse Fahne...
556 3392 3427 3647 (Lebhafte Bewegung auf der Bastei, insbesondere gegen das Tor
540 3620 818 3816 zu.)
594 3631 3403 3951 Anten in der Stadt Wachshuber, Stiefler, Fläger und Andere.
567 3874 1787 4117 An der Mauer, der Bastei.)
178 3866 556 4260 St Aler
606 4002 2956 4233 Ich denk mir, da ist es doch am allersichersten.
282 4171 3384 4414 Wachshuber: Warum versteckst Dich nicht gleich in den Keller... so
571 4283 3392 4592 eine Memme. Veisst, wo ich jetzt hingeh.. ich geh direkt auf
556 4499 1474 4727 die Bastei hinauf.
289 4665 1686 4889 stiefler: Das is weiter eins
571 4866 945 5121 auch in
