3787 5576
530 546 3446 896 er das sagt, da gehts los. Ein Applaus in Parterre und auf den
522 831 3313 1028 Gallerien, dass die Schauspieler ein paar Minuten gar nicht
514 980 3346 1189 haben weiterreden können. Es war grossartig. Zum weinen. Ein
510 1157 3362 1353 paar französische Offiziere waren/ im Theater drin, die haben
526 1273 2197 1502 sich nur so ang' schaut gegenseitig.
570 1398 3402 1703 Na und was werden Sie denn dann sagen, wenn heut oder morgen
181 1382 502 1635 Bradl:
514 1566 2000 1823 der Frieden unterzeichnet wird?
193 1707 1173 1936 Berger: Glauben S'?
177 1847 2787 2113 Schreubler: Aber natürlich. Was bleibt uns denn übrig?
165 2044 1803 2213 Berger: Na ja - Zeit wär's schon.
169 2181 2615 2434 Bradl: Na und was is mit dem letzten Blutstropfen?
169 2374 3386 2615 Berger: Wieso? Ich hab doch nicht mitgespielt in dem Stück: Ich bin
502 2490 1715 2695 doch nicht der Ackermann.
157 2594 2325 2884 Bradl: Aber mitapplaudiert haben Sie gewiss.
169 2727 3321 3097 Berger: Na, was denn? Sie hätten vielleicht nicht applaudiert, Herr
486 2980 823 3205 Bradl?
1028 3273 2462 3542 Etzelt (ist indes gekommen.)
145 3458 3297 3695 Berger (begrüsst ihn, tritt bald abseits mit ihm): Grüss Sie Gott,
486 3695 3301 3860 lieber Etzelt. Machen Sie sich auch einmal einen freien Tag?
474 3836 1787 4040 Das ist ja eine Seltenheit.
2611 3815 3631 4141 nunlich, das eine Wiener
153 4000 3374 4165 Etzelt: Ja, die Neugier treibt mich heraus. Ich bin einer von denen,
478 4149 3338 4382 die den Kaiser Napolson noch nicht gesehn haben, und da er doch
635 4269 1996 4350 nach allem tras man
478 4265 3229 4506 wahrscheinlich nach Abschluss des Friedens gleich abreisen
1104 4434 1454 4538 to die
486 4442 1932 4671 wird, so ist es höchste Zeit.
1149 4558 2024 4699 ut sags immer,
141 4591 3297 4807 Berger: Ja, sehn s'. man soll halt nichts verschieben. Uebrigens..
478 4743 3607 4968 wie gehts dann der Frau Nachricht was meist das der bedurchs¬
498 4932 3149 5113 Hann fragen Sie wider Sie ist ganz wohl meines Vissens
