3592 5496
212 646 3187 813 Taste angerührt habe. Wo soll unsereins die Zeit dazu hernehmen.
193 798 3062 971 (Schlägt ein paar Tasten an) Uebrigens ist es auch ein wenig
223 949 3005 1202 verstimmt. Hat wohl schon lange kein junger Prinz darauf ge-
200 1096 575 1247 spielt
121 1263 2253 1440 a: Merkt man das gleich einem Instrument an?
132 1414 2858 1629 henbacher (mit einem Blick auf Agathe): Nicht eben dem...
189 1554 760 1796 (Er spielt)
98 1856 3122 2117 Zu Franziska Klaehr tritt ein. (Frau von etwas über 40, noch ziem-
106 2087 3107 2272 h jugendlich aussehend, bestimmt, aber nicht ohne Weichheit, mit
98 2283 3047 2468 en Augen, gleich ihrem Bruder, kommt mit Päckchen, die sie bei
106 2404 1984 2657 te legt.) Agathe. Anna. Eschenbacher.
98 2650 3137 2899 zu Klaehr: Guten Abend, Bruder. Guten abend, Annerl. So, da hätten
178 2801 1504 2956 wir alles. Hilf mir, Agathe.
106 2899 2200 3126 the: Soll das alles in den Tornister hinein?
102 3122 3062 3289 a Klaehr: Zum Teil in das kleine Kofferchen, das mit dem Trans-
159 3224 922 3417 portf nachkommt.
94 3394 1901 3587 the: Hier sind auch die Taschentücher.
106 3576 2638 3708 u Klaehr: Nun, Bruder, warum hörst Bu zu spielen auf?
94 3708 2427 3874 henbacher: Es ist doch eine zu wehmütige Melodie.
98 3867 3047 4022 Passt eben recht für die Gelegenheit. Sonst hätten Sie sie
151 3984 1104 4200 wehl nicht gespielt.
102 4147 3001 4336 enbacher: (Warum denn?) Ich kann das eine so wehnütige Gelegen-
136 4324 2914 4510 heit nicht finden, dass ein junger Held in den Krieg zieht.
117 4423 2075 4672 Meiner Seel, ich möcht ihn fast beneiden.
106 4604 1055 4804 Klaehr: Du, Jakob?
76 4774 2650 5031 henbacher: Es ist doch zum mindesten eine Abwechslung.
1263 5046 1561 5216 - 11.
