3747 5576
1094 834 2274 1121 Dritte Szene.
1377 1200 1908 1475 Gefängnis.
212 1389 3206 1695 Ein ziemlich enger, eher kammerartiger Raum, Tisch, zwei Sessel,
205 1640 3214 1876 Bett, Kruzifix an der Vand. Ein vergittertes, ziemlich hohes Fen-
205 1813 1994 2026 ster im Hintergrund. Rechts die Türe.
185 1963 2525 2238 Medardus (auf einem gessel, starrt vor sich hin).
445 2148 3304 2451 (Die Türe wird geöffnet. - Der Kerkermeister lässt Stzelt ein-
429 2333 826 2522 treten.)
173 2404 1633 2675 Medardus: Du... (Ihm entgegen)
173 2616 1876 2817 Etselt: Medardus (Sie umarmen sich)
181 2785 1621 2974 Medardus: Man liess Dich ein?
173 2950 3332 3178 Etzelt: Gestern Abend schon versucht ichs. Doch wurd es mir nicht
409 3088 1743 3316 erlaubt. Jetzt ohne weiters.
165 3245 2258 3442 Medardus: Ist mein Urteil schon gesprochen?
165 3371 1381 3584 Etselt: Bist Du verhört?
169 3485 3296 3788 Medardus: Nein. Ausser dem Kerkermeister habe ich noch keinen Men-
401 3713 1070 3906 schen gesehn.
169 3780 2624 4075 Etselt: so kann von Urteil auch keine Rede sein...
134 4016 3131 4268 Medardus: Vie gehts meiner Mutter, Etzelt? We ist sie? Sie will
338 4142 1180 4359 mich nicht sehn.
134 4327 1357 4532 Etselt: Sie kam mit mir.
157 4512 1278 4697 Medardus: wo ist sie?!
149 4536 3100 4858 Etselt: Man hielt sie an Eingang zurück, mit aller Höflichkeit,
1766 4776 2179 4882 5 Eollen mit
1920 4815 3021 5012 habe nur einige Fragen
366 4783 1845 5023 Medardus! Ein-Offtater-sagte, ###
350 4964 2577 5173 zustellen... Dein bisheriges Leben betreffend.
