3811 5464
289 607 3399 940 Rapp: Das wissen wir. Sie handelten als das Werkzeug einer höhern
1511 828 1744 928 them
526 832 3363 1097 Macht. Wie wir alle nur ists nicht immer so deutlich wie in
506 1012 2696 1249 diesem Fall.. Folgen Sie mir, Medardus Klaehr.
289 1121 2836 1354 Medardus: Verzeihn Sie, Herr General - Ich kann nicht.
273 1298 1539 1519 Frau Klakhr: Medardus!...
265 1499 3318 1724 Rapp: So warten wir eine Weile. Ich begreife Ihre Erschütterung.
502 1659 3363 1820 Fassen Sie sich. Sie können sich wohl denken, dass Sie nichts
522 1800 3375 2005 zu fürchten haben. Ich will es Ihnen gleich sagen: Sie werden
506 1912 3222 2198 hierher nicht mehr zurückkehren. Der Kaiser wird Ihnen die
486 2073 1370 2274 Freiheit schenken.
257 2186 3302 2471 Medardus: Die Freiheit...die Freihelt...mir? - Ich wäre nicht in
478 2382 2282 2595 der Lage sie anzunehmen, Herr General.
253 2455 3399 2824 Rapp: Sonderbarer Menscht Sie wollen an Ende freiwillig in Gefäng-
462 2712 3455 2885 nis bleiben? Das dürfte seine Schwierigkeiten haben. Der Kaiser
486 2881 2893 3081 wird Ihnen keineswegs dieses zur Verfügung stellen.
229 3033 3451 3214 Medardus: Vielleicht doch, Herr General. denn ich kann nicht anders
466 3146 3439 3347 als die unverdiente Gnade seiner Majestät mit einem freimütigen
474 3314 1599 3519 Geständnis u erwidern.
229 3447 1113 3644 Rapp: Das wäre...
1450 3431 2519 3692 an clex treppestant
241 3600 3339 3893 Medardus: Dass ich nicht in das Schloss kam mit der Absicht, Seine
426 3776 1398 3965 Majestät zu retten.
229 3917 1302 4122 Rapp: Das wissen wir.
217 4078 2346 4267 Medardus: ich wollt ihn töten, Herr General.
446 4194 775 4311 Milt
217 4214 1486 4447 Frau Klaehr: Medardus!! -
205 4379 3226 4648 Rapp: Kommen sie zu sich, Medardus Klaahr. Die plötzliche Vendung
442 4572 3363 4717 Ihres Schicksals verwirrt Ihren Geist. Man weisg, dass Sie der
462 4704 3331 4913 Vicomtschae aufgelauert haben. Und es ist keineswege unbekannt
454 4857 3262 5094 welche Gründe sie dazu bewogen haben. Ich selbst Medardus kleine
