3747 5512
659 582 3212 896 grossen Seele auch die eines unseligen Wahns anzutreten.
423 733 621 993 Hel
648 815 3371 1059 se: Sie laufen in Ihren Kreis wieder ein, Doktor Assalagny.
656 989 3184 1183 Wenn unsre Sache triumphiert, so kann sie ja kein Wahn
644 1098 919 1327 sein.
1133 1136 2486 1373 (wei er käme) — besner.
2653 1156 3425 1385 chappen
415 1296 3363 1513 Assalagny: Auch der Triumph wäre nichts andres, Frau Vicomterst,
915 1408 2327 1528 eben in wahr andter An¬
590 1424 3336 1629 Heue sorgen, neue Gefahren und wieder die Möglichkeit, dass
617 1552 962 1672 Le Même
1614 1563 2723 1683 Und ich glaube, ton marzée
644 1598 3281 1796 alles/ zu nichts wird./ Vahrhaftig, es gibt Aussichten in Nä
644 1722 3266 1990 und Fernen, die Ihnen lockender erscheinen sollten, als die
648 1858 2351 2098 einen Sackophag in einer Königsgruft.
1020 1998 1230 2098 dore
392 1901 3336 2257 Helene: Vie in Kopf kleiner Menschen Grosses sich spiegelt, ist
640 2164 1672 2385 kläglich anzuhören....
1943 2250 2215 2409 der
3049 2215 3580 2428 sinjet.
392 2304 3347 2533 Assalagny: Besonders wenn irgend etwas er eigenen Kopf mit Sohne
1947 2455 2583 2560 plaglichen
621 2482 3553 2684 der Uebereinstimmung mit dem Verachteten sich bewusst wird. Onder
1346 2595 1963 2692 Cen Monsieur
624 2638 3367 2863 hätten Sie den Visente wirklich nur deshalb fortgeschickt,
617 2800 3402 2963 die Täuschung Ihres Herrn Vaters zu einer möglichst vollkomme
551 2901 1625 3146 nen zu gestalten.
361 3076 3483 3274 Helene: Sie sind im geringen so kühn.. als Sie im grossen feig sind,
605 3184 1369 3382 Doktor Asslagny!
380 3340 3382 3588 Assalagny: (Ich freue mich immer an der spitzen kommt Ihrer Antwort)
2013 3495 2870 3611 als das kein Maÿ nur
663 3483 3514 3724 ten, Frau Vicantesse, Aber nicht endlich, dass hier
605 3696 3514 3879 einer vor Ihnen steht, dem die Wahrheit sich so wenig hinter den
590 3805 3355 4007 leichten Schleiern des Witzes als hinter dem drühenden Visir
586 3937 2436 4174 der Ueberlegenheit zu verstecken vermag?
353 4127 2983 4313 Helene: Und das wahre Antlitz, das Sie zu sehen glauben?
1497 4239 3289 4515 Frauenantlitz, darin wie in andern seien.
694 4247 1466 4461 ny: Ist ein junge
372 4255 535 4472 Ass.
1497 4379 1773 4461 offent
861 4375 1765 4620 cht nach glücktschickt.
718 4554 2607 4782 Glück... Was Leute Ihresgleichen Glück neuen
683 4658 2634 4945 dre eben gut genug sein, die furchtbar leere
