3720 5496
222 575 3340 867 Medardus (allein): Vergib mir, guter Oheim - ich habe keine Trü-
444 801 3258 1015 nen für Dich; so tiefen Sinnes voll scheint mir der Tod, den
448 957 3328 1130 Du sterben musstest....Wahrlich, Ihr unbekannten Mchte viel
468 1093 3427 1327 Witz habt Ihr aufgerandt.. nich aufausgeren zu der Not,
448 1249 3279 1430 mich verlangt. Nie nach ist mir mit einem wieder xxx Früh-
998 1385 1471 1508 dent it
448 1413 3299 1590 lingsabend da ich aus meiner Mutter Haus trat - damals sohen
460 1553 3250 1742 das Herz bereit - die Sehnen gespannt - und bis ins Innerste
1261 1680 2161 1800 Ihr unbekantenreichte
460 1713 3110 1911 gerüstet. Ihr aber triebt mich fort, aus der offen-freien
456 1861 3238 2054 Velt - triebt mich in einen rätselhaften Dämmergang, wo sie
460 1993 3114 2206 glitzernde Beeke mir das himalische Licht — und irrende
1307 2157 1533 2239 min
468 2178 3299 2375 Spukbilder meiner ungeduld immer von neuem einen letzten Sinn
468 2321 3554 2535 des Daseins vorlegen. Und jetzt, erst jetzet, da die Zeit für meine Theil
456 2490 3192 2650 reif ward.. lasst Ihr mich wieder ins Freie treten; auf ge-
468 2646 3283 2823 meinem Erdengrunde steh ich mit den andern Menschen...das ru-
448 2823 3340 2967 hevoll ewige Gewölbe spannt sich über meinem Haupt - die Luft,
982 2913 1372 3024 Herblichin
456 2954 3164 3127 die aller Menschen Anteil ist, ich darf sie mit den tiefen
448 3119 3303 3316 Zügen des Erkorenen trinken. - Ich dank Euch, Ihr unbekannten
444 3271 1680 3460 Mächte.... (Er will gehen.)
419 3607 2371 3870 Medardus. Helene (tritt ihm entgegen).
218 3780 3156 4072 Medardus: Was geistert hier um die Grabsteine -! Vie, Helene -?
1639 3944 3550 4162 in ver. als halb ich die nicht erst sagen nur mein
448 3994 2469 4211 Du suchst mich hier. J. Unere Zeit ist um...
222 4129 3139 4376 Helene: Hältst Du mich für Eine, die ungetreuen Liebhabern auf
448 4248 3303 4503 den Friedhof nachläuft?... Ich weiss, wen Du heute hier begra-
444 4466 1397 4688 ben hast, Medardus.
222 4565 3525 4811 Medardus: Ich danke Dir... Er sei für dein Mitgefühl bedankt, Helens,
2022 4688 2757 4836 und leb wohl¬
238 4824 2790 5041 Halene; Danke mir nicht... Nicht um Dir meine Teilnahme
