3806 5464
81 370 1919 686 Itzelt: Nach Schönbrunn ist sie hinaus
77 593 1734 824 Frau Föderl: Zum Kaiser selbst...
73 670 2550 940 Etzelt: Was noch aus all dem wird, das weiss der Hinig
482 921 2897 1125 Wenn man nur was tun könnt! Meine Frau ist noch di
85 936 420 1152 Berger:
324 1017 2966 1244 g'scheiteste. Die is in die Kirchen gegangen und betet.
327 1202 3017 1383 sie sich wenigstens einbilden, dass sie an der Arbeit ist.
89 1333 3047 1599 Herr Föderl: Wie kann man aber nur einer Landkarten bei sich ha
324 1518 1206 1730 zu so einer Zeit.
92 1641 1845 1880 Frau Föderl: Die arme Frau Klaehr.
92 1799 3024 2034 Herr Pöderl: Also willst Du jetzt nicht nach Haus kommen? Man
331 1961 3128 2154 ja wirklich nicht wiesen, was g'schieht. Am End halt man uns
331 2134 2793 2304 noch für Verschworne, wie wir da beisammen stehn...
92 2246 2400 2535 Frau Föderl: Nach was Du willst, ich bleib da.
266 2585 2442 2920 Kreuzhartinger und Frau (ziemlich zerlumpt).
104 2874 3113 3113 Kreuzhartinger (zu Etzelt): Ein Abgebrannter tät schön bitten.
116 3017 2801 3232 Berger: Ja, abgebrannt sind wir mehr oder weniger alle.
112 3136 2905 3402 Kreuzhartinger: Seit drei Tagen haben wir nichts gegessen.
116 3252 3217 3579 Berger: 30, da haben's ein Stückel Kie. Vissen'S, Etzelt, ich hab
324 3460 3194 3660 jetzt immer so was bei mir - wenn man einmal zum Essen nicht
335 3637 1930 3883 nach Haus käm, man weiss ja nie.
520 3775 2154 4030 tinger: Ich dank halt recht schön.
146 3953 3182 4161 Stzelt: Sie müsst ich doch kennen. Ja, meiner Seel', Sie hab ich
1460 4080 1761 4176 them
547 4114 2211 4319 sehn, wie Sie mit einem Karren eines
890 4234 2635 4457 in die Stadtdeitengefahren sind
701 4427 2400 4665 pr: Ja, kann schon möglich sein, mit
