4520 5544
1136 566 4010 804 edle Brautpaar... Wer gunst da?.. Sie waren verlobt.. zweifelt
1136 804 4149 1006 Einer?.Ich war dabei als sie sich verlobten.. Weiss der Himmel,
1156 974 4022 1164 was für eine Tollheit sie ins Vasser jagte... Sie waren Braut
1156 1136 4161 1318 und Bräutigam. Ich lüge nicht. Dass sie noch heut Hochzeit machen
2241 1231 2522 1334 freilick
1144 1223 4006 1465 wollten - haben sie mir wehl verschwiegen. Sie wollten wollein
1148 1409 4042 1615 sein und nun bin ich doch dazu geladen... Freunde, geht
1144 1540 3820 1766 doch, was hält euch noch?...Gäste genug...Etzelt und ich!
875 1714 1880 1916 Kribbling: Medardus!
875 1884 1920 2063 Bernburg: Medardus...
855 1983 4038 2181 Medardus: Bernburg.... (Sich plötzlich besinnend) Es ist abgemacht,
1144 2165 4010 2320 Bernburg...Verzeih, dass ich Dirs früher abschlug,.. aber.. ich
1156 2292 4117 2474 ahnte nicht... welche Kraft Deinen Wünschen xxx schnte.. Es sei.
1156 2443 3963 2688 (ich bleib in der Stadt Rück Du für mich zum Bataillon... es
1144 2601 3468 2791 könnte sein, dass ich hier noch was zu tun habe.
875 2771 3741 2953 Etzelt: Komm zu Dir. Was gibt es noch zu tun. Nichts mehr...
875 2941 2534 3104 Medardus (vor sich): Doch, doch..
875 3112 2783 3278 Bernburg: Ich das Dein Ernst, Medardus?
867 3246 3401 3401 Medardus: Seh ich Dir sehr gelannt zum Spassen aus...
879 3306 3599 3551 Bernburg: Kribbling, lässt es sich überhaupt noch machen?
855 3519 3496 3713 Baumann: Ich glaube nicht, dass dies so ohne weiters...
867 3705 3951 3856 Kribbling: Ich nehme auf mich beim Bataillonkommandanten die Sache
1144 3800 3951 4078 zu ordnen. Und Du, Medardus.. Du meldest Dich morgen in der
1152 3971 2288 4180 Stadt am rechten Ort...
867 4113 2577 4347 Medardus: Ich danke Dir, Kribbling.
4018 4161 4220 4319 vog
1160 4287 3955 4458 (Indes sind die Leichen auf der Bahre hereingetragen worden.
875 4450 3927 4663 Rabenau: So ein ertrunkener Prinz sieht auch nicht lieblich aus.
1956 4557 2791 4675 Hal ich die nicht
863 4620 3967 4810 Marie (zu Elisabeth): Ich hab Dirs ja gesagt. Sie werden schon ge-
1156 4719 3119 4913 wusst haben warum. Elisetett. Ob...
855 4881 4022 5138 Medardus (deckt die Leichen mit seinem Mantel zu): Geht, geht, ich
2189 5142 2391 5352 50
