4120 5432
917 572 2943 835 Kannst Du Dich entschliessen Sie anzunehmen?
1991 686 3370 905 (dann erfaust ne seme Hände).
694 799 3578 1038 Helene (sieht ihn lang an); Du wirst einen Enkel haben, mein
921 995 3660 1203 Vater, und wenn sein Erbteil erobert ist, so will ich es zu
921 1133 1736 1305 verwalten wissen.
682 1281 3605 1505 Herzog: Helene!...Und bist bereit in wenigen Tagen Hochzeit zu
909 1430 1262 1615 halten?
666 1540 1685 1748 Helene: Das bin ich.
682 1689 3805 1905 Herzog: Und am Hochzeitstag mit Deinem Gatten nach Paris zu reisen?
670 1846 3370 2069 Helene: Meinem Gatten zu folgen, wenn es an der Zeit ist.
682 2022 2328 2206 Herzog: Wenn es an der Zeit ist -?
678 2136 3680 2359 Helene: Es scheint mir vorteilhafter für unsere Angelegenheit zu
909 2332 3492 2477 sein, wenn ich in der nächsten Zeit - dem Aufenthalt des
909 2484 2759 2645 General Bonaparte nicht gar zu fern bin.
662 2618 3805 2771 Herzog: Könnt ich Dich in diesem Augenblicke sehn, Helene - so würd
897 2790 3010 2912 ich mehr wissen - als mir Deine Worte sagen
1948 2825 3707 3057 Inzuneh- in diesen Augenblick)
666 2939 2966 3088 Helene: Es gibt nicht mehr.
666 3080 3037 3237 Herzog: Lern ich Dich erst heute erkennen, Helene?
651 3213 3735 3401 Helene: Das Schicksal ist sparsam. Heute hat man meinen Bruder be-
878 3374 3100 3554 graben, vielleicht komm ich erst heute zur Welt.
651 3468 3797 3770 Herzog: Komme mit mir! Nun wollen wir uns mehr von Renault erzählen
874 3648 2598 3817 lassen. Nun werd ich es anders hören.
635 3738 3731 3978 Helene: Verzeih, Vater, die hundert Namen, die Rensult Dir mittei-
862 3938 3797 4138 len wird, kümmern mich wenig. Es kommt vielleicht auf sie nicht
862 4119 3742 4377 an. Vielleicht nicht einmal so sehr auf Renault. Ich will hier
1136 4228 1548 4322 parce
858 4275 1857 4436 den Vieemte erwarten.
623 4342 2371 4585 Herzog: Ihm sein Glück verkünden -?
623 4569 3711 4789 Helene: Sein Geschick. Vater... (Sie führt ihn bis zur Terasse und
850 4699 2144 4942 kommt gleich wieder zurück.
1959 5020 2163 5165 83
