3752 5336
247 543 2999 839 Frau Klashr: Willst Du nicht vernünftig sein, Medardus...
235 798 3234 1046 Medardus: Mutter, willst Du, dass ich selbst aufsteh.
235 924 1921 1183 Frau Kleahr (zu Anna): Geh, Kind.
235 1090 819 1277 Anna (ab).
227 1195 2594 1443 Frau Klaehr: Medardus, woher kommt diese Dame...
235 1382 1698 1572 Medardus: Ich weiss es nicht.
231 1548 3331 1795 Frau Klaehr: Vem kann denn schon bekannt sein, dass Du verwundet
503 1678 2893 1945 bist? Du verbirgst mir etwas, Medardus. Am Ende...
207 1779 2018 2095 Medardus: Ich weiss nicht, Mutter...
215 2002 1487 2225 Anna (mit Nerina herein.)
223 2164 1272 2403 Nerina: Guten Abend.
1090 2273 2294 2565 (Es ist dunkler geworden.)
211 2399 1212 2707 Medardus: Ver ists?
1029 2577 2533 2800 (Anna und Frau Klaehr links ab.)
207 2756 3408 2942 Medardus: Bitte, wollen Sie nicht näher treten, Fräulein? Und möch-
498 2902 1893 3104 ten Sie nicht den Schleier...
199 3027 1653 3262 Nerina (lüftet den Schleier.)
190 3230 1345 3432 Medardus: Sie sind es?
178 3327 3384 3635 Nerina: Also sie sind wirklich nicht.. Ach Gott, wie dumm! Das seh
474 3530 2788 3732 ich ja. Vie geht es Ihnen, Herr Medardus Klaehr?
182 3651 3124 3899 Medardus: Sie fragen mich wohl nicht nur in eigenen Namen?
190 3830 3311 4109 Herina! Nein, so gut wie gar nicht in eigenen mein Fräulein, die
450 3980 2063 4215 Prinzessin lässt sich erkundigen.
174 4121 2107 4348 Medardus: Die Prinzessin - Helene...7..
162 4202 3210 4523 Merina: Sie befinden sich also leichlich und es hat keine Gefahr.
158 4490 3270 4668 Medardus: Keine. Und ich denke der Prinzessin ergebenst für die
442 4575 1556 4794 freundliche Teilnahme.
158 4673 3424 5086 Herina: Ich wille bestellen. Und wünsche weiter gute Beschrung. Dies
