3800 5304
1333 661 1945 840 Dritte
1348 803 2251 971 kauppuksuosuos flattosuksen
1243 1016 2539 1296 Die Klaehr'sche Buchhandlung.
467 1120 2935 1486 Im Hintergrund die geschlossene Ladentür. Rechts und 1
470 1348 3092 1613 Auslagen mit Büchern. Die Strasse ist nicht sichtbar, da sie
470 1490 3054 1744 über Fenster als Türe die hölzernen Laden herabgelassen zu
448 1643 3204 1882 Rechts eine Türe, die in den Torweg führend gedacht wird, lin
448 1796 3181 2039 Wendeltreppe, die hinauf zur Wohnung führt. Vorn rechts ein 1
441 1990 3177 2270 tisch, ziemlich lang. Rechts und links an der Wand hohe Stel.
441 2080 1034 2289 mit Büchern.
418 2207 2729 2457 Etzelt sitzt vor dem Ladentisch und ordnet Bücher.
429 2412 2980 2655 Ein Gehilfe steht auf einer Leiter und reiht Bücher ein.
411 2546 3069 2812 Eine kleine angezündete Oellampe hängt von der Decke herab,
3162 2640 3353 2812 berêt.
411 2726 3405 3002 fällt einiges Licht durch ein vergittertes Fenster oberhalb der Le-
418 2834 1367 3073 dentüre in den Raum.
411 3073 2573 3289 Gehilfe: So, nun wäre alles so weit geordnet.
388 3192 2606 3461 Etzelt: Die französischen Bücher alle zur Hand?
396 3383 3245 3607 Gehilfe: Jawohl. Voltaire, Montesquieuf, Recine, Corneille...
381 3506 2617 3726 Etzelt: Und die neuesten französischen Romane...
381 3659 2289 3894 Gehilfe: Stehn unten rechts, Herr Etzelt.
362 3816 2207 4025 Etzelt (sich überzeugend): Es ist gut.
362 3965 3301 4215 Gehilfe: Darf ich nun fortgehen, Herr Etzelt? Es kommt ja heut
631 4137 3274 4402 doch niemand mehr. Den Leuten steht der Sinn nicht darnach
571 4260 1452 4480 Bücher zu kaufen.
549 4469 739 4622 Herrn
1288 4417 1628 4619 nicht
2834 4458 3088 4641 n der
672 4593 2039 4794 ösischen Regimenter zususehn.
635 4727 1994 4970 2: Ich möchte wohl. Obenl 10
2117 4779 2397 4943 auch hie
