4184 5432
966 618 3888 860 zu sehn und wär es auch einer, den wir alle willkommen heissen.
986 790 2394 1001 (Sie reicht Renault die Hand.)
2468 849 2961 1005 Truppen
743 962 3567 1169 Renault (beugt sein Knie und küsst die Hand): Prinzessin...
731 1083 2312 1299 Herzog: Sie kommen aus Paris...
2296 1115 3066 1299 und unter Opfer
3563 1048 3810 1291 G.H.F.P.
731 1275 3876 1428 Remault: Es war mein letzter Aufenthalt, Herzog. Ich war nur wenige
962 1412 2992 1596 Tage dort. Grosse Reisen liegen hinter mir.
712 1564 3743 1748 Herzog: Die letzte Nachricht von Ihnen ist älter als ein halbes
958 1701 1252 1866 Jahr.
2085 1725 2472 1893 erhält und
2742 1764 3059 1901 bliches,
3094 1744 3336 1897 G.H.F
720 1815 3720 2038 Renault: Erhielt man hier Briefe von Thibaudeau? - von Mariotti?
712 1995 1494 2182 Herzog: Keinen.
3364 2042 3774 2210 zu legen,
720 2171 3774 2323 Renault: Was ich hätte schreiben wollen, wär noch weniger hierher
947 2292 3767 2503 gelangt. Ich war in Südfrankreich, vorher war ich in Spanien,
947 2448 2671 2648 und auch in Warschau bin ich gewesen.
700 2585 2206 2757 Herzog: Beim Grafen von Lille?
2319 2624 2691 2785 G.C.D.F.K.
704 2757 3786 2957 Renault: Es schien mir unerlässlich ihn von Angesicht zu sehn, um
939 2926 3833 3082 es begreifen zu dürfen, dass kein vernünftiger Mensch in Frank-
939 3031 2253 3239 reich mehr - an ihn glaubt -
696 3176 2437 3395 Herzog: Und Sie begreifen esmun
700 3336 3712 3563 Renault: Es war nicht schwer. Die Sache ist einfach die, dass er
880 3516 3673 3708 selbst nicht mehr an sich glaubt. Er hat nun in England ein
790 3622 3508 3853 Schloss gekauft - lebt als eine Art von Landedelman in
919 3829 3786 4052 Backingham und wird am Ende, gleiches mit gleichem vergeltend,
896 3931 1991 4119 Frankreich vergessen.
2034 3966 2390 4130 G. v.
2777 3982 3004 4162 it
645 4064 3751 4298 Herzog: Dass Sie in Spanien waren, Result, vor uns bekannt. Nun
896 4232 3782 4490 ist es ja auch dort zu Ende, mit unsern bourbonischen Vettern.
2718 4365 3019 4467 Gertr
872 4408 3727 4557 Und der Bruder des Generals Bonaparte hat König von Spanien
2538 4541 3262 4748 nennt sich
884 4537 1553 4733 Welche Welt -
657 4631 3688 4928 Renault: Zum König gemacht von einem, der sich selber zum Kaiser
2100 4948 2296 5151 7är-
