4472 5624
724 700 3939 911 Agst he (die sich auf einen Stuhl am Tisch hat sinken lassen): Was
1017 875 1684 1058 ist geschehn?
749 1001 3719 1233 Franz: Der Vater war unerbittlich, meine Mutter ist ohne jede
1009 1180 3914 1363 Macht, meine Schwester hat nur Hohn für mich. Frage nicht wei-
1005 1355 3873 1514 ter. Die Stunde, aus der ich eben komme, muss vergessen sein,
1457 1436 2067 1542 in wirgeben
1005 1493 3532 1660 für die, die nun kommen wird. Bist Du bereit, Agathe?
728 1587 4000 1798 Agathe: Hier hab ich eben meinem Bruder geschworen, dass ich niemals
1005 1798 3841 1945 Schande über unser Haus bringen werde. Und mir selber schwur
1009 1916 2868 2144 ich es längst. Ich bin bereit, gelubten
724 2112 3967 2299 Frau Klaehr (nach am Fenster, wirft einen Blick hin zu den beiden).
712 2258 3776 2429 Eschenbacher (deutet durch eine Bewegung an, man solle sie nicht
1005 2409 1400 2592 stören).
704 2498 3772 2742 Agathe: Mach ein lustiges Gesicht, ein glückliches, küss mir die
997 2718 3760 2860 Hand, so ists gut. Und nun will ich Dich noch eines fragen,
985 2864 3857 3031 mein Franz, mein Geliebter. Bedenk es wohl. Möchtest Du nicht
981 2999 3910 3198 doch lieber Deinem Vater gehorsam sein? Bedenk es, Franz, frag
2848 3125 3426 3243 geliegen konnte)
976 3161 3886 3340 Dich noch einmal, ob es Dir nicht doch nöglich wäre das kindi-
993 3336 3829 3487 sche Ding zu vergessen, das Dein war mit Leib und Seele. Ich
981 3446 3971 3711 nähm es Dir nicht übel, Franz, mein Leben ist ja doch verwirkt,
985 3617 1819 3792 aber warum Deins?
997 3747 3751 3959 (Sie sitzen ganz nahe, die Hände in einander verschlungen.)
1058 3934 3804 4138 Das soll Dir gleich vergelten werden, dass Du so fragst;
692 3902 993 4109 Franz:
2295 4032 2510 4122 to be
976 4101 3804 4260 und besser als Du verdienst. Du hast Torheit geredet, Agathe,
964 4211 3833 4411 ich aber will klug sein und Dir den sichern Ausweg zeigen aus
952 4362 1664 4520 aller Wirmis.
671 4427 2453 4728 Agathe: Ich seh ihn, mein Geliebter.
663 4651 3890 4899 Franz: Hör mich nur an, Agathe. Ich weiss Einen, bei dem Du Rettung
2197 4797 2547 4907 zielleicht
932 4862 3837 5094 fändest und Verstehn, Und mehr als das! - Der brave Junge ist
2217 5029 2462 5359 28 -
