3736 5448
545 570 3382 798 ist natürlich nur für mich gesprochen und dies hier (lässt
533 769 3403 961 die Blumen auf seine Brust fallen) sendet Ihnen die Prinzes-
549 899 2397 1119 sin. Guten Abend, Herr Medardus Klaehr.
236 1013 3358 1258 Medardus: Diese Blumen - die Prinzessin! Bleiben sie, bleiben Sie
533 1229 887 1368 doch...
1274 1254 2027 1433 der weiter
240 1327 2015 1567 Nerina: Was wünschen Sie denn noch?
240 1530 3415 1787 Medardus: Hierher, näher. (Fasst ihre Hand.) Hören Sie, wie ist
533 1665 997 1884 Ihr Name###
252 1734 1054 2027 Merina: Nerina..
256 1893 3447 2190 Medardus: Hören Sie, Mamsell Nerina, können Sie schweigen? Und wird
513 2125 3166 2361 das, was ich Ihnen sage, an die richtige Adresse kommen?
240 2226 3309 2523 Herina: Ich weiss nicht. ich habe nicht das Recht... ich weiss
517 2409 1465 2633 auch nicht an wen...
224 2564 3256 2768 Medardus: Bestellen sie der Prinzessin, dass ich ihr meinen Dank
492 2735 2096 2943 persönlich zu Füssen legen werde
216 2869 2320 3093 Nerina: Sie sind ja toll...O. verzeihn Sie.
208 3008 3423 3223 Medardus: Nur hörtich, sehr höflich, Mansell Nerina. Ich will Ihrem
423 3179 3476 3415 gnädigen Fräulein zum Dank die Hand küssen - und zwar noch heute
497 3358 1718 3541 Abend. Ja, das will ich
147 3460 2401 3716 Herina: sie phantasieren, Sie haben Fieber...
208 3675 3346 3903 Medardus: Ich befinde mich vortrefflich. In einer Stunde werde ich
497 3805 1225 4029 mich einfinden.
187 3891 3431 4180 Nerina: Ja, bilden Sie sich denn ein, dass man Sie empfangen wird:
195 4103 3451 4440 Medardus: Ich komme. Das übrige wird sich finden. Natürlich will ich
480 4249 2031 4481 die Prinzessin allein sprechen.
147 4408 3423 4668 (Nerina: Hat man jemals so einen Menschen gesehn? Sie spassen, nicht
472 4599 753 4778 wahr?
151 4636 1770 4990 Medardus: Nicht dass ich wüsste.
