4040 5432
1317 245 1575 396 11 11
1745 245 2275 526 1er à 11h.
3038 530 3509 708 nerin.
589 680 3675 894 Helene: Und wenn diese - glücklicher wäre als ich, was sagtest der
803 819 1100 1021 dazu?
593 898 2758 1167 Nerina: Der Vicomte... Herr Marquis -
1076 1112 1420 1262 Maye
1646 1068 1998 1250 Valis
593 1163 3766 1373 Bertrand Vieemte von Berg (kommt, den rechten Am in der Schlinge):
1733 1341 2500 1547 Helene. Nerina.
586 1503 1931 1764 Helene: Sie sind verwundet?
736 1685 1056 1800 Marne
613 1638 3572 1923 Vicomte: Es ist nicht viel - und war doch genug, dass ich Ihren
827 1859 2287 2065 Auftrag nicht vollenden konnte.
605 1978 1428 2168 Helene: Er lebt?
692 2144 1009 2235 Marque
617 2140 3549 2350 Vicomta: Meine Hand hatte eben noch Kraft genug zu einem Stoss,
831 2326 3675 2477 der daneben ging. Dann sank sie - und der Andre sank zugleich.
827 2421 3458 2623 Aber auch er ist nur verwundet, Verzeihn Sie, Prinzessin,
2445 2568 2769 2670 harpier
597 2591 3580 2805 Desolteux (kommt aus dem Saal): Herr Vieamte, man hörte Ihren
815 2761 3731 2943 Wagen vorfahren, dem Herrn Herzog wäre Ihre Anwesenheit während
827 2900 3466 3118 der Berichte, die Herr Renault uns gibt höchst erwünscht.
605 2987 1060 3118 hayin.
593 3062 1555 3252 Vicomte: Ich komme.
2030 3074 2492 3256 charpier
597 3201 3727 3391 Helene: Grämen Sie sich nicht, dass Sie meinen Auftrag nur
2397 3307 2797 3418 wäre
843 3363 3588 3525 halb erfüllt haben, - ich gedenke mein Wort ganz einzulösen.
605 3410 973 3572 barqué
2358 3466 2852 3667 Tritzdem
605 3529 1420 3707 Vioomte: Helene...
1468 3545 1784 3715 marquis
597 3671 3446 3869 Helene: Gehn Sie, Vicamte. Sie werden seltsame Dinge hören. -
657 3790 934 3865 day
609 3794 1666 4012 Vicomte (in den Saal).
1555 4016 2492 4205 Helene und Nerina.
593 4067 1373 4273 Helene: Nerina..
593 4225 2136 4439 Nerina: Gnädigste Prinzessin...
593 4399 3201 4577 Helene: Sende.. nein, sende niemanden, geh Du selbst...
582 4530 1982 4736 Nerina: Wohin soll ich gehn?
582 4684 3723 4870 Helene: Du weisst ja, wo die Leute wohnen. Ich möchte näheres über
1927 4973 2223 5171 - 85 -
