3811 5416
582 558 3079 950 Dir nun für alle Zeit die Gelegenheit verdorben hast.
364 803 2208 1065 Medardus: Nicht darauf kommt es an....
352 962 3305 1223 Frau Klaehr: Ich versteh Dich ja, mein Medardus!...Aber Du hatt
578 1164 3376 1389 Unrecht - tausendfach - denn Bonaparte/ist nicht der Mann, das
1904 1286 2371 1401 licht ward
598 1294 3368 1504 gegenüber Wahrhaftigkeit an-Platz-ist. Nun, Medardus, kannst
594 1476 2283 1682 Du Dich um den Kopf geredet haben! /
344 1642 3364 1820 Etzelt: Und hättest Dich wirklich nur darum geredet. - Aber noch
574 1789 3530 1931 ist nichts verloren. Der General wird zurückkehren und Bonaparte
562 1923 3451 2200 wird sich die Gelegenheit nicht entgehn lassen - nochmals.
558 2078 1725 2276 wohlfaile Gnade zu üben
328 2228 1607 2422 Medardus: Allzuwohlfell...
325 2398 3399 2604 Frau Klachr: Bedenk doch, Mehardus,,. Nun ist ja alles vorbei. In
558 2541 3435 2695 wenigen Tagen ist der Friede da - und so schmählich er für uns
554 2691 3403 2905 sein wird, Ruhe kehrt wieder in Land und Haus und man richtet
538 2845 3392 3012 sich sein Dasein von neuem ein, Und Du, Medardus, Du bist nun
514 2964 1737 3194 alles, was ich noch habe!
305 3186 3487 3423 Medardus: Ja, Mutter - mich hast Du nun wiedert Aber doch nur, weil
534 3336 3301 3502 ich eben so sprach wie ich gesprochen habe -71 Wir ich Dein
2568 3431 2802 3538 doch
2845 3431 3067 3542 salt
522 3423 3692 3677 Sohn noch, wenn ich mich wie ein Spitzbube ins Leben zurück###
2529 3597 3000 3684 in ein Leben
534 3578 1658 3779 schlichen hätte mit einem
1789 3613 3677 3811 xyz, das ich vernehme,
1488 3728 2086 3819 Commde for land
3352 3756 3641 3898 wis.
301 3744 3348 3934 Etzelt: Vorte, Medardus, grosse Vortr. Hassest Du ihn dennt Frage
511 3914 3443 4072 Dich nur! Nein, Du tust es nicht, da glaubst es steht einmal.
499 4064 3487 4254 Du willst nur storben. Es wäre ein falscher Tod, den Du schriebt,
514 4187 974 4409 Mædardus.
3031 4242 3455 4476 u doch
522 4345 3368 4618 Klachr: Schmähn sie ihn nicht, Etselt. Sie kennen ihr nicht.
1346 4571 2331 4796 Rapp (kehrt zurück).
443 4804 2861 4979 pp: Ich habe Seiner Majestät von den Gründen Ihrer Vei=
