3688 5320
2750 514 3102 704 lege
487 491 3260 819 Kleid zu nehmen, Helene, ein weisses, seidenes...ter Deinen
502 720 2619 973 Schmuck ###. und mache Dich bereit zu tanzen.
206 882 1195 1151 Helene: Mutter..! -
1155 1167 1677 1357 Marquis
487 1242 2587 1539 Herzog und Vloente (kommen aus dem Saal.)
202 1492 2354 1733 Helene (ihm entgegen): Hier bin ich, Vater.
202 1677 1848 1875 Herzog: Ist Deine Mutter bei Dir?
194 1808 3303 2061 Herzogin: Du hast mich zum zweitenmal rufen lassen, ich bin hier.
1254 1939 1666 2057 Majeut
1875 1958 2172 2065 saln
198 1998 3303 2295 Herzog: Hertense, der Vionte von Berry, unser Vetter, erweist uns
475 2136 3153 2330 die Ehre, um die Hand unsrer Tochter zu bitten. (Meine
459 2283 3224 2544 Einwilligung habe ich mit Freuden erteilt. Nun wendet sich
459 2405 1321 2639 Bertrand an Doth.
166 2528 3327 2817 Herzogin: Heute ward unser Sohn begraben. Ich weiss nichts andres.
158 2738 3201 2967 Herzog: Ich hab es so wenig vergessen als Du,H채rtense. Doch wir
439 2920 3272 3121 sind nicht vor den Gl체cklichen und nicht von den Armseligen,
451 3046 3311 3272 die das Recht haben, sich einer unfruchtbare Trauer hinzuge-
427 3173 3387 3402 ben..Glabust Du, Hertense, Deine Zustimmung verweigern zu miis-
435 3347 3209 3569 sen, so wird man auf sie verzichten. Es ist an Dir, Helene,
419 3489 2109 3707 das entscheidende Wort zu sprechen.
115 3596 3296 3869 Kelene: Es ist, wie nein Vater sagt. Wir haben kein Recht und kei-
407 3778 3462 4024 ne Zeit zu trauern. Bertrand, ich his bericht zu Gallen wurde.
1056 3940 2045 4198 (Die Herzogin geht.)
233 4000 688 4154 Marner
281 4118 1191 4289 Prinzessin.
2532 4146 3497 4431 Lehnverberg ist,
115 4257 3212 4502 Helene: Aber wir haben auch keine Zeit gl체cklich zu sein. Ja, ich
368 4380 2896 4664 bin bereit Ihre Gattin zu werden. Doch unter der Stadt
376 4546 3220 4815 dass Sie sofort nach unserer Frauung, aus Gr체nden, die Ihnen
558 4700 2421 5013 mit sind, sich nach Frankreich begeben.
