4440 5480
2288 449 2585 573 und
1054 453 4048 713 (Während der letzten Zeilen  Medardus und Etzelt hereingetre-
2264 629 3254 729 den meisten Annerende
1254 641 1623 757 liedaders
1098 677 3667 854 ten. Ey wird xxx von allen sehr herzlich begrüsst.)
898 785 3863 1014 Medardus (auf Etzelt weisend zu Kribbling, Rabenau und Andern):
1074 942 3959 1186 Das ist mein Freund Karl Etzelt. Ihr habt wohl nichts dagegen,
1074 1098 3879 1294 dass ich ihn mitgebracht habe. - Du kennst ihn ja, Bernburg?
898 1250 3951 1431 Rabenau (gutmütig zu Etzelt): Sie marschieren aber nicht mit uns-
910 1407 3835 1655 Etzelt: Leider. Sie sehen wohl, Herr, dass es nicht eben aus-
1074 1567 2172 1775 Bequemlichkeit ist....
890 1687 3855 1932 Rabenau: Nichts für ungut. Jeder dient dem Vaterland auf seine
1098 1900 1423 2076 Weise.
898 1912 3222 2232 Leibolt: Warum kommst Du so unbeweibt..Medardus?
902 2148 4036 2364 Medardus: Ich hab alles gern für mich allein. Ich schenke her, aber
1098 2300 3863 2525 ich teile nicht. Und hier scheint mir der Ort nicht, wo man
1070 2445 3222 2641 sich seines Besitzes ungestört freuen könnte.
902 2609 2509 2853 Elisabeth: Guten Abend, Medardus.
898 2773 2505 2950 Medardus: Guten Abend, Elisabeth.
914 2942 2421 3150 Elisabeth: Wie gehts, Medardus?
922 3090 1751 3282 Medardus: Danke.
910 3158 4084 3434 Elisabeth: Was tust Du so fremd mit mir? Es ist nicht so lange her,
1086 3366 2885 3591 Medardus, dass wir gute Freunde waren.
898 3495 4120 3735 Medardus: Nicht lange...Du hast es ziemlich weit gebracht seitdem...
910 3707 3911 3887 Elisabeth: Will es noch weiter bringen. Das Leben ist so lustig.
1106 3851 4132 4044 Ich bin Dir dankbar, Medardus. Ohne Dich wär ich wohl noch daheim
1106 4003 3366 4156 bei Vater und Mutter und lang weilte mich zu Tod.
902 4136 2849 4368 Medardus: Wenn kein Andrer gekommen wär.
902 4288 1988 4488 Elisabeth: Glaubst Du?
902 4432 4072 4633 Medardus: Setz Dich déche wieder an Deines Liebsten Seite. Er macht
1086 4597 3971 4821 Dir Augen... (Zu Winter, den er noch nicht begrüsst hat.) Grüss
1094 4765 1876 4913 Gott, Ferdinand.
1022 4837 2465 5102 W. (verstossen) Guter Abw,
2368 5082 2613 5254 40 -
