3747 5592
1191 637 2584 1015 (Der Kerkermeister tritt ein.)
267 817 2021 1101 Kerkermeister: Die Herren verzeihn.
259 1023 1310 1216 Medardus: Sie sinds?
259 1171 3360 1462 Kermermeister: Jawohl, ich bins. Ein schöner Tag heute. Haben der
468 1335 3253 1627 Herr wohl geruht? - Ich erlaubte mir zu fragen, ob der Herr
468 1487 1360 1701 wohl geruht haben.
222 1631 3105 1889 Medardus: Bin ich verpflichtet, auf diese Frage zu antworten?
222 1791 3319 2083 Kerkermeister: Gewiss nicht, wenn es dem Herrn nicht beliebt. Ich
440 1963 3130 2222 erlaube mir ferner zu fragen, was der Herr zu frühstücken
431 2124 863 2300 wünscht.
181 2243 2978 2489 Medardus (immer erstaunter): Ich habe schon gefrühstückt.
193 2411 3500 2740 Kerkermeister: Ja, eine Wassersuppe und ein Stück Brot. Das wird aber
173 2559 1717 2760 wohl zu wenig gewesen sein.
152 2711 3261 3007 Medardus: Ah, ist es so gemeint. (Ergreift Etzelt beim Arm) Die
390 2879 2169 3101 Henkersmahlzeit, versteht Du, Etzelt?
160 3060 3192 3278 Kernermeister: Wer spricht von Henker. Weit und breit keiner zu
411 3187 3274 3446 sehn. Uebrigens vielleicht ist er auf dem Wege. Ich will keine
378 3368 3286 3602 Hoffnungen erwecken. Nur unterlässt man sonst nicht mich davon
382 3549 3274 3709 zu verständigen. Mein Auftrag aber ist zu fragen, was der Herr
386 3664 2925 3910 zu frühstücken wünscht. Meine Frau kocht vorzüglich...
136 3808 3265 4099 Medardus: Es muss eine Verwechslung vorliegen, bester Mann.. Ich bin
378 3935 920 4128 ein Mörder.
127 4132 3208 4407 Kerkermeister: Mir bekannt, aber ein Mörder von Rang, ein belieb-
370 4251 2518 4477 ter Mörde. Ein Mörder, dem gegenüber ein zuvor
2711 4329 3134 4588 endes Be-
341 4416 1392 4629 nehmen am Platze ist.
115 4580 2354 4777 Medardus: Ich habe bisher nichts davon bemerkt.
103 4674 3183 5032 Kerkermeister: Auch ich nicht. Seeben erst wurde mir diese Instruh-
324 4892 949 5134 tion zuteil.
1421 5118 1758 5430 - mir Vortrag 27 -
