3608 5480
617 464 1376 763 fente draussen.
409 700 3213 912 paar/stehn geblieben, haben mitgesungen, dann immer mehr, am
2395 822 2560 956 all
405 802 3221 1046 Ende warens gewiss über hundert, die sangen...Man muss es ja
409 975 3063 1192 durch die halbe Stadt gehört haben. Das war echt, Bruder.
397 1129 2568 1310 Und nicht mir allein sind die Tränen gekommen.
169 1290 3327 1494 Eschenbacher: Glaub schon, dass es echt war. Ich hab schon allerlei
385 1447 3370 1648 echtes erlebt in Wien und von der verschiedensten Art. Erinnerst
397 1604 3189 1817 du dich noch vor vier Jahren, wie die Franzosen herangerückt
381 1746 3225 1923 sind und unser Kaiser Wien verlassen hat? Wie sie sich damals
381 1864 3134 2092 das Paul zerissen haben, Deine dynamisch fühlenden Wiener.
381 2002 838 2104 namher
1526 2025 1935 2127 bener
381 2068 3229 2265 Jeder sprach nicht viel anders als ein Hochverräter. Und dann
1821 2167 2190 2285 Rang
378 2206 3146 2395 wie der Kaiser wieder zurückgekommen ist nach geschlossenem
346 2367 3288 2548 Frieden der Jubel, die Illumination, das Glück. War alles echt.
362 2509 3122 2733 Das Geschimpf grado wie die Lichter. Und gib nur acht. Kaum
362 2670 3048 2851 rücken die Franzosen nahe heran... stehen in St.Pölten und
354 2827 3284 3008 Mr. Neustadt, so wirds genau so gehen wies damals gegangen ist.
330 2973 3225 3138 Bürgermeister und Fürst Erzbischof werden ihnen demütigst ent-
334 3099 3288 3339 gegen spazieren und ihnen die Schlüssel der Stadt übergeben und
342 3284 3181 3484 wenn sie hereinmarschieren wirde ein grosses Geschau und Getu-
338 3433 3158 3622 geben, grad so wie damals. Jung und Alt besonders die Jungen,
307 3555 3063 3783 Herren und Damen, (die Damen besonders, werden entzückt sein
322 3728 3209 3964 von den tapfern Fremdlingen und wenn wir uns so brav aufführen
311 3877 3174 4133 wie damals, kann uns auch wieder die gleiche hohe Ehre werden
295 4003 3130 4224 und wir empfangen ein Belobigungsschreiben Kaiser Napoleons.
295 4184 3229 4400 Und die guten Leute werden mit offenen Mäulern an den Strassen-
303 4365 2796 4522 ecken stehn und es lesen und sehr geschmeichelt sein.
110 4448 3225 4711 Frau Klashr: Wo stehe geschrieben, dass die Franzosen wiederkommen?
271 4652 3181 4900 Ich glaub nicht dran. Hat sich viel geändert seit vier Jahren.
322 4739 1636 4849 Tuch hat sich frei jedocht
263 4809 3193 5093 Auch in Deutschland draussen regt siehe schon. Sie müssen doch
240 4927 3248 5266 soll nichts an manchen Osten regen (Auf eine Bewegung Erklärung
1526 5136 1781 5277 13 -
