3827 5352
334 544 1957 889 Raps: Medardus Klachr, Ihr Vort...
334 823 3352 1080 Medardus: Hier ist mein Vort, Herr General, dass ich bleibe, was
567 998 3394 1219 bin, dass nicht die Grosemut des Kaisers und nicht das Ge-
524 1173 3453 1383 fühl meiner Ohnmacht, / mich zu einem Versprechen bestimmen/wer-
540 1320 3352 1519 den, das ich als schmählich und lügenhaft sogleich empfände.
303 1421 1472 1651 Frau Klachr: Medardus...
311 1616 1806 1818 Rapp: Es ist Ihr letztes Wort?
307 1697 2105 1977 Medardus: Mein letztes, Herr General.
303 1907 3165 2148 Rapp: Auch für diesen Fall hab ich meinen Auftrag. (Er stamm
528 2027 3165 2389 zweimal mit dem Fuss, ein Gendarmerieleutnant mit sechs Z
517 2206 1251 2416 ten tritt ein.
268 2326 1530 2544 Frau Klaehr: Herr General.
256 2505 3309 2792 Rapp!.. Umarmen Sie Ihren Sohn, Frau Klaher. Sie werden ihn nicht
493 2664 1060 2866 wiedersehn.
256 2785 1464 3022 Frau Klaehr: Medardus...
268 2963 3340 3200 Medardus: ###nicht böse, Mutter. Es ist mir vergönnt, als Mann
501 3169 3282 3359 zu sterben. Etzelt, leb wohl. Ich danke Ihnen, Herr General,
493 3266 1499 3464 Ihre Absicht var gut.
249 3383 1581 3643 Rapp (reicht ihm die Hand).
517 3573 2820 3810 (Dewegte, stunme Pause. Die vGlocken läuten fort.)
229 3721 3356 3992 Rapp: Herr Leutnant, walten Sie Ihres Amts. Dies hier ist Medardus
447 3868 3550 4159 Klachr, schuldig des versuchten Mordes an des des Kaisers von dez
439 4027 1981 4260 Frankreich geheiligter Majestät.
148 4109 1208 4431 Leutnant: Vorwärts.
462 4311 2357 4649 (Leutnant, die Soldaten mit Medardus ab.)
474 4598 2653 4824 (zu Stzelt): Der Kaiser hat es nicht anders ein-
400 4816 2606 5014 dünkt, er hätte an anderer Stelle stehn sollen.
229 4901 1441 5196 Auslesungen hier etc.
