3576 5480
86 614 1929 877 au Klaehr: Sie werden ihn erschiessen.
98 803 2310 1045 zelt: Ruhe, Frau Klaehr, wir müssen überlegen.
2462 721 3138 1024 was soll it.
102 967 3134 1225 au Klauhr: Wir haben keine Zeit, was soll ich nur tun). Ich will
270 1135 1135 1335 zum Kaiser selbst.
86 1245 2781 1483 zelt: Was fällt Ihnen ein, Frau Klaehr? - für Nepoleons? -
86 1466 3080 1614 dau Klachr: Was gibt es andres? Ich will hinaus nach Schönbrunn,
999 1544 2269 1671 einen Unschuldigen zu befreien
274 1561 3044 1749 es wird doch eine Möglichkeit geben.- Ich werde den Major
279 1757 2912 1925 Trembly bitten, dass er mich begleitet. (zur Türnde)
86 1901 3052 2151 zelt: Da drinn liegt ein Toter und der Major Trembly ist eben
270 2044 1405 2204 fortgegangen zur Parade.
1987 2077 3093 2257 Ich werde ihn abwarten.
90 2167 3384 2404 rau Klaehr: Ich werde ihn erwarten. Ich wende ihn suchen, und Ihr Ihn
274 2343 3056 2531 beide versprecht, dass Ihr nichts unternehmt, eh ich zurück
262 2527 3195 2716 bin. Nichts! - Es ist doch nicht möglich, dass Jakob um unsret-
279 2687 2974 2843 willen... Nein - das wäre doch – das kann doch der Himmel -
270 2777 3093 2978 Ich will mich auf die Knie werfen vor dem Kaiser und wenn er
262 3015 3154 3150 gnädig ist will ich ihm alles, alles abbitten, was ich Ihm je-
270 3130 1626 3314 mals übles nachgesagt. (ab)
98 3248 3248 3482 ordardus: Wenn einer das Opfer sein soll, so müssen sie doch mich an-
274 3420 2413 3597 nehmen. Sag doch, Etzelt - sie müssen doch...
98 3515 3195 3769 zelt: Medardus, Du hast eine Mutter! Und wäre auch nicht darum,
287 3732 3150 3941 belüge Dich nicht! Du ruhst ja in Deinem Glück!...was kümmert
311 3842 1929 4072 Dich andrer ###. Schicksal?
107 4010 1135 4268 dardus: Etzelt.
1450 4940 1725 5215 207
