<?xml version="1.0" encoding="UTF-8" standalone="yes"?>
<PcGts xmlns="http://schema.primaresearch.org/PAGE/gts/pagecontent/2013-07-15" xmlns:xsi="http://www.w3.org/2001/XMLSchema-instance" xsi:schemaLocation="http://schema.primaresearch.org/PAGE/gts/pagecontent/2013-07-15 http://schema.primaresearch.org/PAGE/gts/pagecontent/2013-07-15/pagecontent.xsd">
    <Metadata>
        <Creator>prov=READ-COOP:name=TrHtr:version=2.1.0:model_id=51170:date=15_08_2023_10:00</Creator>
        <Created>2023-05-10T15:10:39.722+02:00</Created>
        <LastChange>2023-08-15T10:00:10.562+02:00</LastChange>
        <TranskribusMetadata docId="1429033" pageId="55435319" pageNr="78" tsid="132846247" status="IN_PROGRESS" userId="64420" imgUrl="https://files.transkribus.eu/Get?id=DPEDXQJYIOKFMWNSLFJAWUJS&amp;fileType=view" xmlUrl="https://files.transkribus.eu/Get?id=FADMTXFBBUHIGWRBTFZKVVPN" imageId="44709309"/>
    </Metadata>
    <Page imageFilename="1429033_0078.jpg" imageWidth="4376" imageHeight="5416">
        <ReadingOrder>
            <OrderedGroup id="ro_1711800018013" caption="Regions reading order">
                <RegionRefIndexed index="0" regionRef="tr_1"/>
                <RegionRefIndexed index="1" regionRef="tr_2"/>
            </OrderedGroup>
        </ReadingOrder>
        <TextRegion id="tr_1" custom="readingOrder {index:0;}">
            <Coords points="865,702 4048,702 4048,3097 865,3097"/>
            <TextLine id="tr_1_tl_1" custom="readingOrder {index:0;}">
                <Coords points="1064,804 1464,864 1833,788 1981,864 2533,776 3041,856 3041,676 2897,640 2077,640 1893,700 1376,572 1068,620"/>
                <Baseline points="1086,758 1164,758 1253,758 1343,758 1433,758 1522,758 1612,758 1701,758 1791,758 1880,758 1970,758 2060,758 2149,758 2239,758 2328,758 2418,758 2507,752 2597,752 2687,752 2776,752 2866,752 2955,758 3045,752"/>
                <TextEquiv>
                    <Unicode>Caillard. Helene. Assalagny. Desolteux.</Unicode>
                </TextEquiv>
            </TextLine>
            <TextLine id="tr_1_tl_2" custom="readingOrder {index:1;}">
                <Coords points="844,1028 4009,1064 4009,888 3657,860 2805,940 844,876"/>
                <Baseline points="865,979 955,979 1044,979 1134,979 1224,973 1313,973 1403,979 1492,979 1582,979 1671,973 1761,979 1851,973 1940,979 2030,979 2119,973 2209,973 2298,973 2388,973 2478,973 2567,973 2657,973 2746,973 2836,973 2925,973 3015,973 3105,973 3194,973 3284,979 3373,973 3463,979 3552,979 3642,979 3732,973 3821,973 3911,973 4000,973 4018,979"/>
                <TextEquiv>
                    <Unicode>Helene: Guten Morgen, Herr Caillard, Sie sind wohl Ihrer Gewohnheit</Unicode>
                </TextEquiv>
            </TextLine>
            <TextLine id="tr_1_tl_3" custom="readingOrder {index:2;}">
                <Coords points="1080,1192 1236,1184 1320,1232 1468,1136 1572,1180 1773,1144 1933,1204 2089,1140 2313,1156 2377,1140 2377,1020 2001,1080 1909,1028 1661,1072 1436,1036 1364,1076 1080,1064"/>
                <Baseline points="1104,1128 1128,1122 1218,1128 1307,1128 1397,1128 1486,1128 1576,1128 1666,1128 1755,1128 1845,1128 1934,1128 2024,1122 2113,1128 2203,1128 2292,1128 2382,1122"/>
                <TextEquiv>
                    <Unicode>nach, in der Stadt gewesen?</Unicode>
                </TextEquiv>
            </TextLine>
            <TextLine id="tr_1_tl_4" custom="readingOrder {index:3;}">
                <Coords points="3041,1216 3385,1216 3409,1232 3429,1212 3577,1244 3577,1140 3505,1152 3289,1044 3237,1072 3177,1064 3137,1092 3081,1048 3045,1044"/>
                <Baseline points="3063,1206 3140,1206 3230,1206 3320,1206 3409,1200 3499,1200 3588,1200"/>
                <TextEquiv>
                    <Unicode>den Straper</Unicode>
                </TextEquiv>
            </TextLine>
            <TextLine id="tr_1_tl_5" custom="readingOrder {index:4;}">
                <Coords points="844,1328 3905,1352 3953,1188 844,1208"/>
                <Baseline points="865,1283 919,1283 1009,1277 1098,1277 1188,1283 1277,1283 1367,1277 1457,1277 1546,1277 1636,1277 1725,1277 1815,1277 1904,1271 1994,1277 2083,1277 2173,1277 2263,1277 2352,1277 2442,1277 2531,1277 2621,1277 2710,1271 2800,1271 2890,1277 2979,1277 3069,1277 3158,1277 3248,1277 3337,1277 3427,1277 3517,1283 3606,1277 3696,1277 3785,1283 3875,1283 3964,1277"/>
                <TextEquiv>
                    <Unicode>Caillard: Jawohl, Prinzessin. Ich habe mich in der Stadt.. und auch</Unicode>
                </TextEquiv>
            </TextLine>
            <TextLine id="tr_1_tl_6" custom="readingOrder {index:5;}">
                <Coords points="1076,1508 1312,1432 1472,1480 2285,1440 2493,1500 2781,1432 2993,1516 2993,1368 2817,1328 1076,1348"/>
                <Baseline points="1098,1421 1188,1421 1277,1421 1367,1421 1457,1427 1546,1427 1636,1427 1725,1427 1815,1427 1904,1427 1994,1421 2083,1421 2173,1421 2263,1427 2352,1421 2442,1427 2531,1421 2621,1421 2710,1421 2800,1421 2890,1427 2979,1427 2997,1421"/>
                <TextEquiv>
                    <Unicode>sin wenig auf den Bastein herumgetrieben.</Unicode>
                </TextEquiv>
            </TextLine>
            <TextLine id="tr_1_tl_7" custom="readingOrder {index:6;}">
                <Coords points="848,1685 1953,1580 2185,1681 2485,1588 3189,1669 3953,1605 3949,1508 3173,1452 844,1480"/>
                <Baseline points="871,1582 919,1576 1009,1570 1098,1576 1188,1570 1277,1570 1367,1570 1457,1576 1546,1570 1636,1570 1725,1570 1815,1570 1904,1570 1994,1570 2083,1570 2173,1576 2263,1576 2352,1576 2442,1570 2531,1576 2621,1570 2710,1570 2800,1570 2890,1576 2979,1570 3069,1570 3158,1576 3248,1576 3337,1576 3427,1576 3517,1576 3606,1576 3696,1576 3785,1576 3875,1576 3964,1570"/>
                <TextEquiv>
                    <Unicode>Desolteux: Bewahrheitet es sich, dass man sich diesmal zur Vertei-</Unicode>
                </TextEquiv>
            </TextLine>
            <TextLine id="tr_1_tl_8" custom="readingOrder {index:7;}">
                <Coords points="1080,1785 1677,1757 2205,1809 2333,1769 2497,1821 2497,1645 2373,1605 2193,1673 1949,1584 1781,1661 1681,1600 1588,1641 1232,1621 1080,1681"/>
                <Baseline points="1104,1713 1194,1719 1283,1719 1373,1719 1462,1719 1552,1719 1642,1719 1731,1719 1821,1719 1910,1713 2000,1719 2089,1719 2179,1719 2269,1719 2358,1719 2448,1725 2507,1719"/>
                <TextEquiv>
                    <Unicode>digung der Stadt bereit macht?</Unicode>
                </TextEquiv>
            </TextLine>
            <TextLine id="tr_1_tl_9" custom="readingOrder {index:8;}">
                <Coords points="844,1925 4041,1949 4041,1817 3805,1777 844,1797"/>
                <Baseline points="865,1886 955,1874 1044,1874 1134,1874 1224,1869 1313,1869 1403,1869 1492,1869 1582,1869 1671,1869 1761,1869 1851,1869 1940,1869 2030,1869 2119,1869 2209,1869 2298,1869 2388,1869 2478,1869 2567,1869 2657,1874 2746,1874 2836,1874 2925,1874 3015,1874 3105,1874 3194,1869 3284,1874 3373,1874 3463,1874 3552,1874 3642,1874 3732,1874 3821,1874 3911,1880 4000,1886 4048,1886"/>
                <TextEquiv>
                    <Unicode>Caillard: Man möchte es beinah glauben. Die Leute erhöhen die Wehre,</Unicode>
                </TextEquiv>
            </TextLine>
            <TextLine id="tr_1_tl_10" custom="readingOrder {index:9;}">
                <Coords points="1088,2081 3109,2037 3653,2121 3853,2053 3853,1969 3541,1933 1088,1949"/>
                <Baseline points="1110,2036 1176,2030 1265,2024 1355,2018 1445,2018 1534,2018 1624,2012 1713,2018 1803,2018 1892,2018 1982,2018 2072,2018 2161,2018 2251,2018 2340,2024 2430,2018 2519,2018 2609,2018 2699,2018 2788,2018 2878,2018 2967,2024 3057,2024 3146,2024 3236,2024 3326,2024 3415,2024 3505,2024 3594,2024 3684,2030 3773,2030 3863,2024"/>
                <TextEquiv>
                    <Unicode>sie schneiden Schiesscharten ein, die Zugbrücken werden re-</Unicode>
                </TextEquiv>
            </TextLine>
            <TextLine id="tr_1_tl_11" custom="readingOrder {index:10;}">
                <Coords points="1040,2245 1388,2189 1528,2229 1689,2177 2085,2229 2377,2181 2377,2061 2285,2045 2081,2121 1985,2069 1781,2117 1336,2077 1040,2109"/>
                <Baseline points="1062,2203 1134,2185 1224,2173 1313,2167 1403,2167 1492,2167 1582,2167 1671,2167 1761,2167 1851,2167 1940,2167 2030,2173 2119,2167 2209,2161 2298,2161 2388,2185"/>
                <TextEquiv>
                    <Unicode>pariert, ein paar Häuser in</Unicode>
                </TextEquiv>
            </TextLine>
            <TextLine id="tr_1_tl_12" custom="readingOrder {index:11;}">
                <Coords points="2365,2225 2473,2269 2553,2209 2889,2177 3317,2253 3701,2201 3905,2245 3905,2113 3573,2129 3297,2065 3189,2121 2877,2069 2769,2117 2569,2065 2365,2105"/>
                <Baseline points="2388,2185 2484,2173 2573,2167 2663,2167 2752,2167 2842,2167 2931,2167 3021,2173 3111,2173 3200,2173 3290,2173 3379,2173 3469,2179 3558,2179 3648,2185 3738,2185 3827,2185 3917,2179"/>
                <TextEquiv>
                    <Unicode>den Gräben sind ausammerissen</Unicode>
                </TextEquiv>
            </TextLine>
            <TextLine id="tr_1_tl_13" custom="readingOrder {index:12;}">
                <Coords points="2157,2273 2177,2281 2261,2253 2269,2257 2301,2241 2309,2241 2325,2269 2333,2265 2349,2273 2377,2185 2349,2177 2297,2189 2265,2173 2253,2181 2249,2173 2221,2177 2193,2165"/>
                <Baseline points="2185,2251 2203,2251 2292,2227 2388,2185"/>
                <TextEquiv>
                    <Unicode>schon</Unicode>
                </TextEquiv>
            </TextLine>
            <TextLine id="tr_1_tl_14" custom="readingOrder {index:13;}">
                <Coords points="1012,2353 3881,2365 3881,2261 3697,2209 1012,2261"/>
                <Baseline points="1033,2334 1116,2322 1206,2316 1295,2310 1385,2310 1474,2316 1564,2316 1654,2316 1743,2322 1833,2322 1922,2316 2012,2316 2101,2322 2191,2322 2281,2322 2370,2322 2460,2322 2549,2322 2639,2322 2728,2322 2818,2322 2908,2322 2997,2328 3087,2322 3176,2328 3266,2328 3355,2328 3445,2328 3535,2328 3624,2328 3714,2328 3803,2328 3893,2328"/>
                <TextEquiv>
                    <Unicode>werden, man sieht auch ziemlich viel Bürger in uniform herum-</Unicode>
                </TextEquiv>
            </TextLine>
            <TextLine id="tr_1_tl_15" custom="readingOrder {index:14;}">
                <Coords points="1068,2497 1673,2581 1933,2481 2345,2549 3857,2485 3773,2397 3233,2449 2993,2365 1068,2421"/>
                <Baseline points="1092,2472 1182,2466 1271,2466 1361,2466 1451,2466 1540,2466 1630,2466 1719,2466 1809,2472 1898,2466 1988,2472 2078,2472 2167,2472 2257,2472 2346,2472 2436,2472 2525,2472 2615,2472 2705,2478 2794,2478 2884,2478 2973,2478 3063,2478 3152,2478 3242,2478 3332,2478 3421,2478 3511,2484 3600,2484 3690,2484 3779,2478 3869,2472"/>
                <TextEquiv>
                    <Unicode>stolzieren. Über mir scheint sie tun das alles mehr aus Ge¬</Unicode>
                </TextEquiv>
            </TextLine>
            <TextLine id="tr_1_tl_16" custom="readingOrder {index:15;}">
                <Coords points="1080,2665 3989,2649 3985,2557 3777,2525 1076,2561"/>
                <Baseline points="1098,2621 1188,2615 1277,2615 1367,2621 1457,2615 1546,2621 1636,2621 1725,2615 1815,2615 1904,2621 1994,2621 2083,2621 2173,2621 2263,2621 2352,2621 2442,2621 2531,2621 2621,2621 2710,2621 2800,2627 2890,2621 2979,2621 3069,2627 3158,2627 3248,2627 3337,2627 3427,2633 3517,2633 3606,2639 3696,2639 3785,2633 3875,2633 3964,2633 4000,2627"/>
                <TextEquiv>
                    <Unicode>schäftigkeit, vielleicht um ihr Gewissen zu beruhigen, als weil</Unicode>
                </TextEquiv>
            </TextLine>
            <TextLine id="tr_1_tl_17" custom="readingOrder {index:16;}">
                <Coords points="1056,2789 3857,2821 3805,2685 1348,2653 1056,2737"/>
                <Baseline points="1080,2764 1170,2764 1259,2764 1349,2764 1439,2770 1528,2770 1618,2770 1707,2770 1797,2770 1886,2764 1976,2770 2066,2770 2155,2770 2245,2776 2334,2776 2424,2776 2513,2770 2603,2776 2693,2776 2782,2776 2872,2776 2961,2776 3051,2776 3140,2776 3230,2776 3320,2782 3409,2782 3499,2782 3588,2782 3678,2782 3767,2782 3857,2782 3869,2782"/>
                <TextEquiv>
                    <Unicode>sie die Sache für ernst halten. Sie sind so guter Dinge, als</Unicode>
                </TextEquiv>
            </TextLine>
            <TextLine id="tr_1_tl_18" custom="readingOrder {index:17;}">
                <Coords points="1076,2945 2497,2941 2821,3033 3933,2953 3765,2833 1076,2805"/>
                <Baseline points="1098,2919 1188,2919 1277,2919 1367,2919 1457,2919 1546,2919 1636,2919 1725,2919 1815,2919 1904,2919 1994,2919 2083,2919 2173,2919 2263,2919 2352,2925 2442,2925 2531,2925 2621,2925 2710,2925 2800,2925 2890,2925 2979,2925 3069,2925 3158,2925 3248,2931 3337,2925 3427,2931 3517,2931 3606,2931 3696,2931 3785,2937 3875,2931 3941,2937"/>
                <TextEquiv>
                    <Unicode>wenn es sich um die Vorbereitungen zu einem Fest handelte: Es</Unicode>
                </TextEquiv>
            </TextLine>
            <TextLine id="tr_1_tl_19" custom="readingOrder {index:18;}">
                <Coords points="1052,3105 3853,3101 3853,3005 3509,2969 1052,3005"/>
                <Baseline points="1074,3063 1164,3069 1253,3069 1343,3069 1433,3063 1522,3069 1612,3069 1701,3075 1791,3075 1880,3075 1970,3075 2060,3075 2149,3075 2239,3069 2328,3075 2418,3075 2507,3075 2597,3075 2687,3075 2776,3075 2866,3075 2955,3075 3045,3075 3134,3075 3224,3081 3314,3081 3403,3081 3493,3081 3582,3081 3672,3087 3761,3081 3851,3081 3863,3087"/>
                <TextEquiv>
                    <Unicode>heisst auch, dass ein Teil der Bürgerschaft eine Bittschrift</Unicode>
                </TextEquiv>
            </TextLine>
        </TextRegion>
        <TextRegion id="tr_2" custom="readingOrder {index:1;}">
            <Coords points="806,3168 4006,3168 4006,4924 806,4924"/>
            <TextLine id="tr_2_tl_1" custom="readingOrder {index:0;}">
                <Coords points="1056,3261 3809,3285 3833,3113 3285,3185 2909,3117 2653,3205 2029,3089 1056,3185"/>
                <Baseline points="1080,3218 1170,3218 1259,3218 1349,3218 1439,3218 1528,3218 1618,3218 1707,3218 1797,3218 1886,3218 1976,3224 2066,3224 2155,3224 2245,3224 2334,3230 2424,3230 2513,3230 2603,3230 2693,3230 2782,3230 2872,3230 2961,3230 3051,3230 3140,3230 3230,3230 3320,3236 3409,3236 3499,3236 3588,3236 3678,3236 3767,3236 3845,3224"/>
                <TextEquiv>
                    <Unicode>an den Kaiser Franz gerichtet hat, die Stadt nicht den Fähr-</Unicode>
                </TextEquiv>
            </TextLine>
            <TextLine id="tr_2_tl_2" custom="readingOrder {index:1;}">
                <Coords points="1052,3373 1416,3485 1853,3377 2133,3473 2669,3393 3721,3449 3721,3325 3429,3289 1052,3293"/>
                <Baseline points="1074,3361 1164,3367 1253,3367 1343,3367 1433,3367 1522,3373 1612,3373 1701,3373 1791,3373 1880,3373 1970,3373 2060,3373 2149,3373 2239,3373 2328,3373 2418,3373 2507,3379 2597,3385 2687,3379 2776,3379 2866,3379 2955,3379 3045,3379 3134,3379 3224,3379 3314,3385 3403,3385 3493,3385 3582,3385 3672,3385 3732,3385"/>
                <TextEquiv>
                    <Unicode>lichkeiten einer Belagerung auszusetzen. Erzherzog Rainer</Unicode>
                </TextEquiv>
            </TextLine>
            <TextLine id="tr_2_tl_3" custom="readingOrder {index:2;}">
                <Coords points="1064,3565 1849,3629 2141,3541 3605,3541 3941,3629 3941,3477 3697,3445 1064,3473"/>
                <Baseline points="1086,3517 1176,3517 1265,3517 1355,3523 1445,3517 1534,3523 1624,3523 1713,3523 1803,3529 1892,3529 1982,3529 2072,3523 2161,3523 2251,3529 2340,3529 2430,3529 2519,3529 2609,3529 2699,3529 2788,3529 2878,3535 2967,3535 3057,3535 3146,3535 3236,3535 3326,3535 3415,3541 3505,3541 3594,3541 3684,3541 3773,3541 3863,3541 3947,3541"/>
                <TextEquiv>
                    <Unicode>selbst soll es befürworten. Erzherzog Max hingegen ist für dem</Unicode>
                </TextEquiv>
            </TextLine>
            <TextLine id="tr_2_tl_4" custom="readingOrder {index:3;}">
                <Coords points="1056,3741 1188,3693 1272,3737 1328,3701 1372,3737 1424,3729 1468,3757 1520,3725 1564,3745 1621,3737 1621,3641 1560,3609 1404,3617 1372,3589 1276,3625 1244,3597 1056,3577"/>
                <Baseline points="1080,3666 1170,3672 1259,3672 1349,3672 1439,3672 1528,3672 1618,3678 1630,3678"/>
                <TextEquiv>
                    <Unicode>Widerstand.</Unicode>
                </TextEquiv>
            </TextLine>
            <TextLine id="tr_2_tl_5" custom="readingOrder {index:4;}">
                <Coords points="824,3893 3941,3877 3881,3745 2185,3765 1805,3593 1568,3745 820,3733"/>
                <Baseline points="841,3833 931,3821 1021,3821 1110,3821 1200,3821 1289,3821 1379,3815 1468,3821 1558,3821 1648,3827 1737,3827 1827,3827 1916,3827 2006,3833 2095,3833 2185,3827 2275,3827 2364,3827 2454,3833 2543,3833 2633,3833 2722,3839 2812,3839 2902,3839 2991,3839 3081,3839 3170,3839 3260,3839 3349,3839 3439,3839 3529,3839 3618,3845 3708,3845 3797,3845 3887,3845 3947,3845"/>
                <TextEquiv>
                    <Unicode>Desolteux: Und daran, dass das französische Heer noch aufzuhalten</Unicode>
                </TextEquiv>
            </TextLine>
            <TextLine id="tr_2_tl_6" custom="readingOrder {index:5;}">
                <Coords points="1056,3989 1320,4073 1544,3985 1833,4045 2209,3993 2853,4025 2853,3857 2533,3925 2385,3877 1548,3909 1460,3845 1284,3925 1056,3861"/>
                <Baseline points="1080,3970 1170,3970 1259,3970 1349,3970 1439,3970 1528,3970 1618,3970 1707,3976 1797,3976 1886,3976 1976,3976 2066,3976 2155,3976 2245,3982 2334,3976 2424,3982 2513,3982 2603,3982 2693,3982 2782,3988 2860,3988"/>
                <TextEquiv>
                    <Unicode>sein könnte, daran denken wohl wenige.</Unicode>
                </TextEquiv>
            </TextLine>
            <TextLine id="tr_2_tl_7" custom="readingOrder {index:6;}">
                <Coords points="808,4209 1264,4125 3733,4205 3877,4113 3725,4025 804,4053"/>
                <Baseline points="830,4138 919,4126 1009,4126 1098,4120 1188,4120 1277,4126 1367,4126 1457,4126 1546,4126 1636,4126 1725,4126 1815,4132 1904,4132 1994,4126 2083,4132 2173,4132 2263,4132 2352,4132 2442,4132 2531,4138 2621,4138 2710,4138 2800,4138 2890,4138 2979,4138 3069,4138 3158,4138 3248,4144 3337,4144 3427,4144 3517,4150 3606,4150 3696,4150 3785,4150 3875,4156 3887,4150"/>
                <TextEquiv>
                    <Unicode>Caillard:/ Ich glaube niemand. Wenn sie auch den Erzherzog Karl...</Unicode>
                </TextEquiv>
            </TextLine>
            <TextLine id="tr_2_tl_8" custom="readingOrder {index:7;}">
                <Coords points="1040,4305 3397,4357 3869,4309 3869,4165 3213,4241 1040,4189"/>
                <Baseline points="1062,4275 1152,4269 1242,4269 1331,4269 1421,4275 1510,4275 1600,4275 1689,4275 1779,4281 1869,4275 1958,4281 2048,4281 2137,4281 2227,4281 2316,4281 2406,4281 2496,4281 2585,4287 2675,4287 2764,4287 2854,4287 2943,4293 3033,4293 3123,4293 3212,4293 3302,4293 3391,4293 3481,4299 3570,4299 3660,4299 3749,4299 3839,4293 3881,4299"/>
                <TextEquiv>
                    <Unicode>trotz Ingolstadt und Eckmühl für einen grossen Feldherrn hal-</Unicode>
                </TextEquiv>
            </TextLine>
            <TextLine id="tr_2_tl_9" custom="readingOrder {index:8;}">
                <Coords points="1032,4465 3629,4505 3629,4377 3357,4345 1032,4321"/>
                <Baseline points="1056,4418 1146,4424 1236,4430 1325,4424 1415,4424 1504,4424 1594,4430 1683,4430 1773,4430 1863,4430 1952,4430 2042,4430 2131,4430 2221,4430 2310,4430 2400,4436 2490,4436 2579,4436 2669,4436 2758,4436 2848,4436 2937,4436 3027,4442 3117,4442 3206,4442 3296,4442 3385,4442 3475,4442 3564,4442 3636,4448"/>
                <TextEquiv>
                    <Unicode>ten Und um gleich alles zu berichten, Ausweisungen an</Unicode>
                </TextEquiv>
            </TextLine>
            <TextLine id="tr_2_tl_10" custom="readingOrder {index:9;}">
                <Coords points="1028,4621 1677,4589 2429,4729 2689,4593 3793,4673 3793,4521 3653,4497 1028,4469"/>
                <Baseline points="1050,4568 1140,4574 1230,4574 1319,4574 1409,4574 1498,4580 1588,4580 1677,4580 1767,4580 1857,4580 1946,4580 2036,4580 2125,4580 2215,4580 2304,4585 2394,4585 2484,4585 2573,4585 2663,4591 2752,4591 2842,4591 2931,4591 3021,4591 3111,4591 3200,4597 3290,4597 3379,4597 3469,4603 3558,4603 3648,4597 3738,4603 3803,4609"/>
                <TextEquiv>
                    <Unicode>die in Wien anwesenden Fremden sind bereits in grosser Zahl</Unicode>
                </TextEquiv>
            </TextLine>
            <TextLine id="tr_2_tl_11" custom="readingOrder {index:10;}">
                <Coords points="1044,4773 1100,4769 1140,4793 1176,4781 1228,4814 1292,4769 1368,4757 1400,4761 1456,4810 1500,4806 1500,4669 1420,4661 1360,4633 1288,4673 1264,4661 1236,4673 1136,4641 1112,4617 1044,4625"/>
                <Baseline points="1068,4717 1158,4723 1248,4723 1337,4717 1427,4723 1510,4723"/>
                <TextEquiv>
                    <Unicode>ergangen.</Unicode>
                </TextEquiv>
            </TextLine>
            <TextLine id="tr_2_tl_12" custom="readingOrder {index:11;}">
                <Coords points="784,4970 1905,4906 3009,5034 3197,4902 3537,5006 4001,4942 4001,4761 3009,4834 1989,4689 1288,4826 784,4709"/>
                <Baseline points="806,4896 895,4884 985,4884 1074,4878 1164,4878 1253,4878 1343,4878 1433,4878 1522,4878 1612,4884 1701,4884 1791,4884 1880,4884 1970,4884 2060,4890 2149,4890 2239,4890 2328,4890 2418,4890 2507,4890 2597,4890 2687,4896 2776,4896 2866,4896 2955,4896 3045,4902 3134,4902 3224,4902 3314,4902 3403,4902 3493,4908 3582,4908 3672,4908 3761,4908 3851,4914 3941,4908 4006,4914"/>
                <TextEquiv>
                    <Unicode>Desolteux: So ist es wieder einmal an der Zeit, die Koffer zu packen.</Unicode>
                </TextEquiv>
            </TextLine>
        </TextRegion>
    </Page>
</PcGts>
