3779 5416
476 634 3349 920 so schwör ich xxx, wo immer ich ihn begene, wo iener die Mögle
511 835 1539 1044 lichkeit sich bietet,
1586 870 3407 1102 Ich würde Napolson töten. Vater und Oheim
553 986 1601 1191 verlor ich durch ihn.
278 1168 3349 1400 Frau Klaehr: Ich hab es klängst verziehn, willst zu länger hassen
541 1330 932 1504 als ich?
286 1439 3380 1678 Medardus: Und nach wie vor erkenn ich ihn als den Feind meines Land
499 1590 1620 1825 des und meines Kaisers.
607 1748 1717 1980 Auch dies ist nicht mehr
275 1748 538 1945 Rappa
1775 1721 3311 2011 wahr. Denn eben ist der Friede un-
522 1922 1783 2123 terzeichnet worden. Napoleo
1837 1945 3345 2146 ist nicht mehr Ihres Kaisers und
514 2065 3299 2305 Ihres Landes Feind und wenn sie auf Ihrem Plan beharren sind
503 2220 3427 2413 Sie kein Befreier Ihres Vaterlandes mehr - sondern ein Hochver¬
503 2386 820 2545 räter.
248 2444 3357 2700 Medardus: Als Bürger dieses Lands mag ich vielleicht Hochverrüter
499 2703 3268 2885 sein. Aber zuerst und zu unerst bin ich doch Medardus Klahr
491 2843 3253 3059 und ich weiss, dass nicht eher Ruh auf Erden sein wird, als
483 2970 3392 3214 Bonaparte aus der Velt verschwindet. Und darum bleibts bei mei-
480 3156 3291 3376 ner Absicht, ob es mir nun gegönnt wäre, sie auszuführen oder
472 3264 801 3438 nicht.
236 3376 3318 3655 Rapp:  bies ist eine Ansicht wie eine andre. Doch glaub ich weder,
468 3620 3303 3798 dass es Ihnen gegeben ist die Sendung Napoleons auf Erden zu
472 3748 3369 3956 begreifen, noch scheint mir dies die Stunde sich darüber zu un-
472 3906 3338 4119 terhalten. Besinnen Sie sich ein letztes Mal, Medardus Klaehr,
449 4011 3222 4235 Ich bin beauftragt, den Kaiser Ihr Vort zu überbringen, dass
460 4235 3314 4475 Sie ihm nicht mehr nach dem Leben trachten, hier geben Sie es
456 4347 2050 4560 mir in die Mand, und Sie sind frei.
797 4521 1423 4707 Medardus...
1114 4622 2019 4881 (Die Glocken beginne
456 4811 2379 5070 lt: Friede, Medardus!... Das Leben vartet!
1682 5074 1880 5372 274.
