4472 5560
1030 715 2884 997 es, der eben mit Deinem Bruder wegging.
740 914 1654 1130 Agathe: Etzelt -
1255 951 2967 1143 Ja, Ehelt. Sein Blick jetzt! Der ist die gut:
752 1076 4093 1251 Franz: Bedenk es, Agathe. Du dürftest leben,, „Du dürftest am Ende
1030 1188 3939 1417 glücklich sein... Er zöge, - ja er zö ge Dein, unser Kind auf -
1022 1355 2144 1583 als wär es sein eigenes
735 1471 3914 1753 Agathe: Franz, Franz... Das wir diese heilighohe Stunde mit so kläg-
1026 1704 3910 1828 lichen Worten entweihn. Lass uns jetzt keiner andern Menschen
1022 1832 3806 2028 mehr denken. Jetzt gibt es nur mehr zwei auf der Welt, Dich
1026 1969 1479 2144 und mich.
735 2044 3017 2335 Franz: Agathe, nur mehr wir beide auf der Welt.
735 2273 3523 2451 Agathe: Lass uns denken, Franz, wie glückselig wir waren.
740 2451 3935 2634 Franz: Gewiss waren noch niemals Menschen so selig wie wir. Und wie
1026 2564 3872 2784 selig sind wir, da uns xxxx auch der Tod nicht trennen wird,
1014 2734 2123 2925 nur neu vereinigen.
1791 2867 3345 3091 (Sie schaun einander beseligt an)
681 3017 3694 3212 (Eschenbacher: (zu Frau Klachr): Mir ist wahrhaftig als wär es
1010 3216 3461 3345 höchste Zeit, dass die Zwei in Ehren sich verbinden.
723 3320 2830 3548 Frau Klaehr: Du bist doch immer der AltE:)
711 3528 3764 3665 Franz: Erinnerst Du Dich noch, Liebste, der stillen Auen, nah am
1006 3640 3964 3839 Fluss, wo wir zum ersten Mal gewusst haben, dass wir für einan-
1010 3814 3877 3964 der geschaffen sind - dass keiner leben kann ohne den andern?
715 3897 2132 4159 Agathe: Ob ich mich erinnere?
715 4101 3922 4280 Franz: Dort wollen wir es auch zum letztenmale wissen. Und dann...
993 4251 3910 4508 Agathe, - dann...uns tragen lassen und uns8 sinken lasten tief,
997 4438 1267 4612 tief.
698 4554 2348 4766 Agathe (schauert): Weit, weit....
686 4687 3839 4890 Franz: Es wird ein wunderschöner Spaziergang sein. Denke doch, die
993 4882 3835 5057 dunkeln Strassen zuerst, dann die lange stille Allee, wo wir
2273 5082 2464 5331 29
