3848 5368
448 526 970 734 nouveau
432 676 1807 884 Vicomt: Was wollen Sie hier?
412 825 2195 1033 Desolteux: Er ist irrsinnig, offenbar.
408 974 3468 1194 Herzog: Man entferne diesen Menschen! Was will er hiert Wie konnte
679 1100 1681 1284 man ihn hereinlassen?
837 1229 1155 1343 men.
134 1218 3291 1441 Marguerte: soll ich vielleicht selbst... (Zu den Dienern) Packt ih¬
683 1402 2164 1618 doch, in den Narrenturm mit ihm.
412 1551 1359 1760 Medardus: Helene!...
522 1712 856 1815 la myssée
420 1626 3150 1979 Viconté (packt ihn an der Brust). Sie wagen
1571 1850 2086 1936 Den Gegen
420 1917 2192 2093 Laffraye, Dagusan (halten ihn zurück).
420 1991 3405 2227 Helene: Man lasse ihn los! Fort von ihm! sag ich. Medardus Klaehr,
687 2168 3374 2372 kommen Sie zur Besinnung! (Tritt vor ihn hin) Ja, ich bin
695 2325 3507 2506 die Schwester des unglücklichen Jünglings, der mit Ihrer Schwe-
683 2470 3507 2663 ster in den Tod gegangen ist. Auf dem Grab unserer Geschwister
676 2600 3315 2777 haben wir uns zum erstenmal gesehn. Erinnern Sie sich nur,
672 2769 3287 2977 Medardus Klaehr. Sie wollten mir verbieten Blumen auf das
2380 2895 2800 2993 Marne
687 2930 3276 3103 Grab zu legen.. war es nicht so? Der Visante kam dazu und
683 3063 3452 3264 genötigt sich mit Ihnen zu schlagen. Sie wurden verwundet und
672 3205 3511 3397 lagen krank. Nicht wahr, Medardus Klaehrt Nun scheint es, dass
672 3389 3358 3590 Fieberträume seltsamer Art Sie noch in die Tage Ihres Gem
676 3499 3315 3688 nesens verfolgen. Scheuchen Sie sie fort, Medardus Klaehr,
672 3645 3291 3837 nehmen Sie alle Kraft zusammen. Keine Klage und kein Zorn
664 3810 3468 4057 weckt die Toten wieder auf... Tragen Sie das schwere Leid, wie
695 3943 2580 4155 ich es trage - und gehn Sie in Frieden! -
389 4100 1595 4340 Medardus (bleibt stehn).
401 4261 2117 4489 Diener (wollen ihn wieder ergreifen).
605 4391 2902 4650 ne! Lasst ab von ihm. Er bedarf keines Geleites...
389 4466 562 4662 Hel
805 4564 1736 4776 ###al, Medardus Klachr.
2203 4689 2431 4925 er seit
2847 4740 3024 4933 als
