3576 5496
115 690 1503 920 erger. (kommt): Guten Morgen.
95 813 2339 1075 rau Föderl: Was ist denn mit dem Eschenbacher.
83 884 3271 1225 erger: Böse G'schicht, böse  G'schieht. Verbotene Landkarten haben's
266 1138 3005 1332 bei ihm g'funden, jetzt wird ihm der Prozess g'macht. Kann
270 1304 1419 1495 schlimm für ihn ausgehn.
91 1427 1423 1681 rau Föderl: Wo ist er denn?
83 1566 3005 1792 erger: Unter strengster Bewachung, natürlich, Da drinn, in der
270 1725 3124 1975 Gardekasern. Heisst, wenn er noch dort ist, man kann ja nicht
266 1919 634 2133 wissen.
95 2002 2407 2284 Herr Föderl: Wie kommt er denn zu den Landkarten?
103 2220 3176 2399 erger: Ja, das is... ich hab keine Ahnung. Wahrscheinlich von frü-
1404 2323 1677 2415 immer
266 2351 3128 2542 her her. Er hat sich ja sehr für die Geographie interessiert.
123 2498 821 2748 tzelt (kommt).
99 2668 1895 2887 Herger: Na, wissens was neues, Etzelt?
99 2795 2629 3025 stzelt: Seit einer Stunde ist der Medardus dort drinn.
103 2994 1221 3176 Berger: In der Kaserne?
111 3136 3116 3346 tzelt: Ja. Aber heraus kommt er nicht. Vielleicht haben sie ihn
266 3275 519 3362 and
274 3263 1348 3454 doeh in Haft behalten.
115 3410 1772 3644 rau Föderl: Den Medardusklecht
111 3485 3212 3763 Berger: Ja - warum ist er denn hineingangen in die Kasern? Das ist
325 3763 642 3953 doch -
143 3866 3124 4104 itzelt: Er hat um jeden Preis den Eschenbacher sprechen wollem.
2966 3965 3259 4215 schehn
309 4048 2534 4171 Endlich haben sie ihn hineingelassen, aber was
325 4175 1951 4385 ist, das kann man ja nicht wissen.
698 4322 1308 4401 prudem
143 4306 579 4445 Fr. Fowil
135 4330 1610 4544 erger: Und die Frau Klaehr.
151 4433 3164 4722 Itzelt: Die ist gestern Mittag fort von Haus und nicht zurückge-
329 4679 694 4865 kommen.
147 4699 2724 5024 Frau Föderl: Ja, um Gotteswillen, wo ist denn die hin?
1562 5028 1848 5269 209 -
