3755 5560
718 726 3261 1010 ist ganz abgebrannt und beim Palfy brennts noch... Ja,
718 890 2989 1114 eine Nacht (Bei uns sind auch alle Fensterscheiden
439 1034 3229 1289 Eschenbacher: Ein Glück, dass so schönes Vetter ist, wird sich
698 1221 2020 1393 Herr Berger nicht verkühlen.
427 1325 3005 1664 Wachshuber (der mit sichtbarer Ungeduld dem suchenden ###
675 1517 1880 1724 schaut, lacht): Hahaha!
415 1628 2347 1872 ###schenbacher (sieht ihn verächtlich an):)
371 1828 3381 2055 Etzelt (bringt jetzt den atlas, der aus einzelnen Blättern beste)
686 1988 3305 2203 und beginnt auf dem Ladentisch vor dem ungeduldigen Vachsten
659 2131 2842 2351 ber, die Blätter zu zählen und zu prüfen.)
379 2231 3588 2483 (Frau Klaehr (zu Berger): Weiss man, wie viel Menschen Leben die Nacht
659 2407 1289 2602 gekostet hat?
371 2534 3373 2810 Berger: Nicht gar so viel, was man so hört. Na, die meisten, die
651 2718 3401 2942 auf der Strasse nichts zu tun gehabt haben, waren ja doch in
647 2882 3424 3105 den Kellern, wies Ernst geworden ist.
635 2969 3440 3273 Bürgermilitär so wenig geschehn ist, das zeigt doch, dass der
643 3161 1229 3325 da droben...
347 3285 1808 3524 Eschenbacher: Und so weiter...
347 3444 1764 3656 Etzelt: Nur der arme bürgetti.
343 3588 3401 3872 Berger: da freilich, der hat den Heldentod sterben müssen, der arme
591 3792 3229 3951 Bargetti. Drei Kinder sind geblieben, verwitwet war er ja
1241 3872 1465 3975 Zugd
2275 3907 2455 4007 werden.
575 3879 3277 4175 schon lang. Uebrigens verhaltet war noch keine Durchsuchung bei Ihnen
583 4067 1201 4207 Herr Etzelt?
319 4195 3173 4454 Etzelt: Warum denn grad bei Wuns? Er will oben den atlas in Pös¬
946 4510 1301 4674 Aber wog
1936 4418 2910 4750 Dann gleich so mit. (Nät.
551 4642 1453 4877 Atlas mühselig, xxx
2067 4690 2355 4909 Tasche
631 4813 1541 5049 emwickelt den Band.)
