3884 5983
368 871 1232 1073 wieder aufgehört.
358 1000 2468 1232 2: Und es soll gar nichts besondres gewesen
371 1163 1930 1368 kleine Störung beim Brückenbau.
132 1284 2857 1520 Mtselt: Ja, das genügt unsern Ansprüchen nicht mehr. Unter
378 1517 2815 1684 Schlacht mit dratsigtausend Gefallenen macht uns de
375 1607 2395 1805 Krieg keinen Spass, was Herr Berger
121 1739 2892 2062 berger. Ah, Herr Etzelt, das ist nicht schlecht. Es scheint
371 1933 3017 2187 treten die Erbschaft von unserm armen Eschenbacher an¬
125 2069 2728 2294 Frau Föderl: Also was is denn mit dem Reich gewesen?
111 2249 441 2451 Berger:
469 2260 2978 2433 Also vorgestern reiten sie alle auf der Chaussee von
354 2423 3065 2628 Mariahilf nach Schönbrunn, der Napolson mit seiner suite.
340 2558 3023 2760 und es ist ein fürchterlicher Staub, und der Kaiser winkt
351 2669 2975 2878 seinen Begleitern, dass sie ein Stück zurückbleiben sollte
340 2867 2947 3069 Aber das Pferd vom Reich, es muss hartmäulig gewesen sei
330 2982 3027 3211 das lasst sich nicht halten und schiesst an den Marschälle
340 3121 3093 3353 vorbei grad auf den Kaiser zu und rennt ihn am. Und da soll
330 3305 3121 3496 der so erschrocken sein, dass er mit seinem Schimmel einfach
312 3437 2930 3621 davon gerast ist. - Na ja, man kann sich denken, was ihn
323 3627 3044 3780 dem Moment für Gedanken durch den Kopf geschossen sein mögte.
83 3766 2798 4016 Frau Klaehr: Freilich hat er nicht gleich auf den Einfall
323 3895 3013 4152 können, dass das Ross klüger war als der Reiter, (Aber er
316 4065 2815 4287 sich geschwind beruhigt haben. Er weiss is, dass der
312 4204 2260 4436 teste Fürst unter seinen Untertanen nicht
340 4363 2517 4558 als er, der Pyram unter den Menschen, die er w
632 4495 1329 4728 mit matt des ganzen
635 4797 1336 5047 mit befreiende
847 4971 1305 5217 uftig, er:
