3816 5512
381 346 3475 658 Etzelt: Doch.. es wird kein Ausfall anbefohlen werden heute Nacht...
385 593 3302 816 Medardus: Das scheint mir selber... und keiner morgen auf
385 758 2167 954 Etzelt: Und wer weiss — ob morgen —?
400 912 3414 1074 Medardus: so müsste man sich eben auf eigne Faust den Ausgang nähern...
2852 1047 3287 1197 niche
377 1043 1374 1235 Etzelt: Medardus! -
393 1162 3456 1389 Medardus: xyz länger als bis morgen kann ich nicht warten. Ich hab
666 1359 3437 1501 noch ein Wort mit dem Herrn Marquis zu reden - oder mit kei-
666 1501 2244 1655 nem Menschen auf der Welt mehr...
878 1613 1828 1794 In Frid nicht bei dir
389 1636 789 1847 Etzelt:
1209 1663 2040 1867 Medardus?
1990 1655 3610 1909 s'il glaube, es and dage in maind
389 1844 3410 2001 Medardus: Keine Angst, Etzelt!..Es wird vielleicht gar nichts-be-
585 1924 2363 2032 Teile keine sonderli he sollteit notre notis
677 1994 3433 2159 sonders###ennöten sein. Denn, wenn meine Ahnung nicht trügt,
666 2128 3487 2332 so sind vor Sonnenaufgang alle Tore offen.. und der Weg hinüber
681 2271 1820 2471 ist frei, frei für alle!
797 2409 3210 2556 Medardus - das ist's, was Du ahnst '? Das, was du er¬
396 2440 739 2602 Etzelt:
747 2536 3025 2656 Uwe glaubet uer nort, einen werk der Karte nachzustimmen.
677 2629 3033 2794 sehnst? - ) In solche Tiefen führt nicht der Hass...
650 2744 1132 2906 Medardus!
