3720 5320
470 474 2712 795 Deines sinnlos hingewordeten Vaters denken...
189 755 2873 920 Medardus: Auch unsre Agathe ward hingemordet ohne Sinn.
181 912 3375 1121 Frau Klachr: Was willst Du deren nach, Medardus? Du hast Dich doch
848 1016 1330 1121 Marquis
474 1093 2792 1257 mit dem Vicomte geschlagen - nun ist es abgetan.
177 1181 3403 1434 Medardus: Nein, Mutter, das ist es nicht... Und wenn er selbst tot
1153 1330 1559 1430 Margareur
470 1370 2772 1579 wäre, der Herr Viconte, wär es damit abgetan?...
185 1527 2274 1828 Anna (vegerechts, winkt Frau Klaehr heran).
217 1756 1792 1953 Frau Klaehr: Vas gibts, Annerl?
205 1860 3355 2113 Anna: Es ist ver da. Eine Dame ist da, die sich nach Medardus Be-
486 2013 1370 2238 finden erkundigt.
217 2190 2061 2427 Frau Klaehr: Sag, es geht ihm besser.
221 2374 3451 2623 Medardus: Mir war, als hört ich früher die Klingel gehn? Wer kam?
153 2511 2270 2712 Frau Klaehr: Sag, dass es gut geht, Anna.
209 2623 3403 2917 Medardus: Nicht so geschwind. Ver ist dat... Anna! Wollt Ihr, dass
490 2832 1193 2981 ich selbst...
193 2921 2382 3158 Frau Klahhr: Villst Du nicht liegen bleiben?
205 3130 3435 3395 Anna: Es ist eine Dame da, Medardus, die sich nach Deinem Befinden
494 3254 988 3443 erkundigt.
205 3363 3363 3648 Medardus: Nonnte sie ihren Namen? Sagte sie, woher sie kommt? Will
759 3543 1217 3644 nicht a.
490 3600 1703 3784 sie mich selbst sprechen?
498 3684 3451 3977 (zögernd): Sie fragte wohl, ob Sie Dich sehen dürfte, Medardus,
189 3684 450 3953 Anna
470 3909 836 4050 aber...
177 3977 1740 4230 Medardus: Ruf sie herein, Anna.
173 4154 1940 4387 Anna (sieht Frau Klaehr fragend an).
177 4279 3146 4532 Frau Klachr (zu Anna leise): Ist es nicht an Ende Elisabeth?
165 4508 3230 4713 Anna: O nein. Sie trägt wohl einen Schleier, aber Elisabeth hätt
462 4632 1081 4825 ich erkannt.
165 4765 1109 5042 Medardus: Also....
