3624 5336
814 551 1713 822 Etzelt. Medardus.
92 711 3170 1082 zeit: Ich will auch xxx wieder hinunter, nach dem Geschäft sehn.
283 1006 1222 1218 Leb wohl, Medardus.
92 1050 3254 1369 jedardus (heiter): Vas blickst Du mich so von der Seite an, Etzelt'
1829 1258 2092 1357 nicts
283 1282 3218 1533 Es gibt nichts Verdächtiges und irgend Geheimnisvolles an mir.
299 1469 3214 1657 Ich bin daheim auf Erden und ein so simpler Nachbar wie irgend
303 1597 3022 1825 wer. Glaub mir, Etzelt, es gab für brave Menschen, wie Du
311 1801 2986 1968 einer bist, nie gelegenere Zeit Dich mit mir zu verstehn.
435 1940 3238 2112 Ich versteh Dich vielleicht besser als je, aber es gab eine
80 1936 387 2172 tzelt:
307 2084 2224 2276 Zeit, da ich Dich mehr liebte, Medardus.
104 2216 3310 2463 Gedardus: War es nicht damals, da Du mich in Schuldnerhast gahintrei
315 2372 3350 2563 ben sahst und meine gejagten Sinne Gespenster vor mir herwarfen,
323 2491 3106 2739 in den hellen Tag warfen.  Sonderbarer Mensch, dem in seiner
323 2667 3062 2855 Freundschaft nur wohl wird, wenn Unbill oder Sorge sie auf
331 2739 3306 3046 schlimme Proben stellen. Aber ich denke, Du musst nur ein wenig
327 2962 3166 3186 Geduld haben, Etzelt, denn was jetzt ist, kann nicht dauern.
307 3110 3042 3354 (Ich bin so leicht und freh, — das kann nicht dauern! Das
323 3246 3298 3521 Gestern ist so ferne wie der Tag, da die Welt erschaffen wurde,
315 3438 3110 3713 das Morgen ferne wie der Tod, - so ruh ich in meinem Glück.
323 3589 1864 3841 Das kann nicht dauern, Etzelt! -
1010 3917 2272 4196 Tschenbacher (tritt ein).
116 4212 3206 4408 schenbacher: Guten Morgen, ich habe eine Neuigkeit zu vermelden,
291 4336 2667 4571 (für die - die's etwa nicht vorher gewusst hätten.
108 4488 2823 4735 fitzelt: Eine gute scheint's ja nicht zu sein. Was giht's?
116 4579 3322 4863 schenbacher: Nicht schlechter als hundert andre den Tischlermeister
311 4851 1365 5055 haben sie erschossen.
