3736 5480
221 583 997 859 Helme: Ihn.
244 705 3307 1017 Medardus (liest weiter):.. Dann ist alles gut; das übrige gibt
497 970 3255 1131 sich von selbst... Aber schiebt es nicht zu lange auf. Sonst
1513 1060 3429 1167 “was soll vier diesen Brief? A ist doch wokken
2156 1040 3523 1249 dieser Brief... an die F.
485 1068 2018 1293 könnt es zu spät werden.
1734 1206 2053 1305 Marpins
2282 1202 2546 1293 Valm
623 1218 788 1312 Ain
252 1226 3330 1431 Helene: Nicht an mich... An den Vicante von Derry, meinen Gatten
272 1379 2869 1584 Medardus: Und in Deinen Händen... Ver bracht ihn Dir...?
2932 1391 3508 1588 Meyer ging
1340 1509 1714 1604 charpier
272 1561 3389 1770 Helene: Laffraye, des vivnte bester Freund. Heut Nacht. In der-
504 1655 3445 1864 selben Stunde versehend es wieder...Venn ich an Wunder glaubte
579 1825 1040 1927 kleine
1931 1813 2148 1935 wieder
528 1852 3263 2069 - so glaubt ich er käme lebendig dahin zurück, woher er ge-
508 1959 2459 2227 kommen. Aber ich glaube nicht an hundert.
288 2160 2014 2381 Medardus: Ver schrieb diesen Brief?
276 2250 3291 2495 Helene: Kennt ich Laffraye nicht, so hielt ichs für die tellste
493 2408 3259 2637 der Lügen:  Foucher schrieb ihn an meinen Gatten...Foucher..
532 2625 1951 2814 der Polizeiminister von Paris.
288 2743 3460 2968 Medardus: Warum mir dieses Blatt...Is ist nicht für mich bestimmt..
264 2913 3378 3110 Helene: Für Einen, den zu wählen mir freistand - Und gibt es Einen
556 3054 3374 3259 in dieser Stadt.. der ihn mit den rechten Augen zu lesen ver-
552 3173 3299 3413 stünde, so bist Dus - Medardus! Und sahat Du ja einen Brief
568 3354 2538 3567 in der rechten Stunde... so ist es dieser.
319 3531 3315 3724 Medardus: Er kümmert mich nicht... Ich versteh ihn nicht. Es ist
552 3634 3196 3866 eines Schurken Brief - will mir scheinen. (Aeill gehe)
749 3807 1620 3945 eyreift sein in Anno
300 3819 3374 4044 Helene: Du hast recht, Medardusl - Wie es in diesem Brief gesagt
552 3973 3259 4178 ist...riecht’s nach der dürren Plantasie eines Feiglings..
544 4091 3421 4347 Zwölf entschlossene Männer...Ein wahrhaft  Entschlossener möch-
536 4284 3240 4528 te nicht mit elf andern sich in einen Ruhm teilen, den er
575 4458 2030 4682 sich allein verdienen könnte...
2645 4568 3259 4745 Arzt...
327 4588 2097 4840 Medardus: —...Wen gelüstete nach eine
552 4698 3374 4938 Nimm Deinen Brief wieder.... (Er will getan, bleibt aber
587 4864 3157 5175 gleich) nach ihren ersten trosten me festgeben
