3640 5176
346 285 3165 679 Also kann 3 (zu Frau Berger) - Adieu, Frau Klsehr... ich muss
334 553 3190 785 noch auf eine halbe Stund ins G'schäft, (und dann nachschaun,
358 724 2169 976 ob siehe die Nassager Fielleicht bequem
354 899 2234 1123 Und dann geh ich hinaus nach Meidling.
480 1029 2978 1306 Verwissen gut denn in Meidling zu tun Herr Bergert
81 1168 3092 1428 Berger: Grosse parad' heut, Napoleon hält sie persönlich ab. Hof
334 1343 2840 1579 fentlich seh' ich ihn einmal ordentlich in der Näh.
90 1493 2388 1745 Frau Klaehr: Das wird wohl schwer möglich sein.
98 1640 3243 1904 Berger: Warum denn? Es ist nicht gar so streng mit der Absperrung.
370 1790 3210 2010 In Schönbrunn draussen, da stehn die Leut bis ganz knapp am
370 1998 3283 2161 Wagen, wenn er einsteigt, und bis auf die Treppe hinauf drän-
374 2108 3153 2331 gen sie sich, wenn er herunterkommt... Und bei der letzten
366 2250 3178 2506 Parade, drei Tag vor Aspern, war überhaupt kein Cordon. Nur
342 2392 3157 2677 nach Wien herein traut er sich halt nicht. Ich glaub immer,
350 2584 2030 2812 muss ihm wer was geweissagt haben.
77 2714 3349 2946 Frau Klaehr: muss er sich nicht für gefeit halten? Ist es nicht das
1119 2868 1774 2986 ohne gleichen.
382 2864 3129 3096 grösste wunder/ dass dieser Mensch, den so viele hussen...
378 3015 2376 3255 dap er noch an Leben ist?
114 3186 3247 3414 Frau Berger: Aber um Gotteswillen, Frau Klaehr... wenn man Sie da
358 3345 895 3572 drin hört!
110 3483 3227 3739 Berger: Ah, der Major, das ist ein Ehrenmann. Der zeigt niemanden
378 3670 3104 3857 nicht an. sonst würde der Medardus nicht so gemütlich als
382 3821 2238 4004 Zivilist spazieren xxxn. Habe die Ehre.
98 3963 3251 4170 Frau Klaehr: Ich geh mit yhnen. (Zu Medardus) Der major wird bald
362 4101 3279 4341 weggehn, er lasst dich bitten, ihn bei seinem Kameraden abzu-
354 4293 688 4459 lösen.
663 4378 1094 4647 (Frau Klau)
