4392 5496
1192 598 1619 781 erhoben).
945 720 3824 922 Frau Grinzinger (zu Frau Föderl): Haben Sie was verstanden?
941 891 3192 1066 Frau Föderl: Von Verzeihung hat er was g'sagt.
941 1025 3774 1219 Leopoldine: Jetzt is aus, Berta, jetzt i aus! - (Sie weint)
952 1177 2358 1375 Frau Winkler: Komm, mein Kind!
1150 1386 3778 1569 (Auch Eilsabeth und Marie befanden sich in der Menges.)
1596 1504 3329 1672 (Die Leute entfernen sich allmählich)
1158 1661 3824 1870 (Herzog, Herzogin, Assalagny, Desolteux, Caillard, die
1802 1805 3173 2019 Lakaien auf der einen Seite.)
906 1992 2163 2221 Frau Klaehr: Medardus...
918 2148 2876 2339 Bergetti: Ihre Mutter ruft Sie, Medardus.
914 2320 3432 2495 Frau Klaehr: Willst Du mich nicht nach Hause führen?
918 2457 2278 2647 Eschenbacher: Komm, Medardus.
918 2605 2548 2788 Medardus: Lass mich hier, Mutter.
918 2784 3957 2990 Frau Klaehr (sieht ihn an, dann zu Etzelt): Bleiben Sie bei ihm,
1135 2918 1501 3058 Etzelt?
887 3062 1661 3283 Etzelt (nickt).
1120 3226 3736 3428 (Frau Klaehr, die Bergers, Eschenbacher, Bargetti ab.)
1939 3618 2799 3809 Etzelt. Medardus.
887 3813 1878 3973 Etzelt: Medardus...
880 3938 3455 4148 Medardus (ohne ihn anzusehn): Was willst Du, Etzelt?
880 4106 2754 4304 Etzelt: Ich wollte, Du könntest weinen.
887 4281 3915 4460 Medardus: Tränen sind tückisch, sie lösen steinerne Verzweiflung
1097 4312 4167 4685 in wahmmütige Trauer auf und schwemmen den Vorsatz der Rache/ren
1085 4567 1782 4727 mit sich fort.
865 4696 3904 4906 Etzelt: Treibe Deinen Schmerz nicht ins Irre. Nimm ihn lieber mit
1078 4898 4033 5127 Dir auf Beinen vorgesetzten Weg als stummen und edeln Gefährten.
2148 5047 2354 5248 65 -
