3672 5448
476 534 3184 849 noch nicht da. Aber die Gäste unten waren schon alle versandten
487 772 3210 977 melt. Prächtig gekleidet, Damen und Herren. Aber unsre Frau
483 900 3312 1153 Vicomtesse ganz in schwarz und ohne Schmuck..war die Schönste
483 1120 3144 1288 von allen. Weit vorne, sass sie neben einem General, glaub'
487 1222 3268 1405 ich. Der Kaiser lies lange auf sich warten. Einer neben mir,
479 1365 3133 1588 sagte, er würde vielleicht gar nicht erscheinen. Es wären
468 1504 3250 1724 nämlich Gesandte aus dem österreichischen Hauptquartier gekom-
725 1669 2324 1760 mit denen or in reinen Rahuet berieck
479 1676 3184 1900 men, und die sollten bei ihm sein... Da plötzlich wurde es
483 1859 3312 2024 still, totenstill, alle erheben sich mit einem Mal und er war
494 1987 3320 2192 da. Bei Gott, ich wusste nicht, wo er hereingekommen war, ob
494 2163 3331 2372 von rechts, ob von links, - auf einmal war er da, setzte sich
505 2317 3283 2481 vorne hin, ganz allein auf einen Armsessel unter den ein Top-
461 2500 3404 2679 pich gebreitet war und gleich verlöschten alle Lichter, nur die
494 2588 3228 2804 an den Musikpulten, die brannten weiter. Und dann kamen die
476 2752 3228 2939 Singer und die Sängerinnen und Jemand spielte auch auf dem
476 2924 3301 3089 Klavier etwas vor, aber wenn Sie mich fragen, ich weiss nicht
498 3107 3012 3268 wie sie aussahen und ob sie ihre Sache gut machten oder
494 3228 3283 3418 schlecht. Denn ich sah immer nur ihn. Ganz regungslos sass er
479 3360 3239 3561 da. Denken Sie, er applaudierte auch nicht ein einziges Mal.
2452 3495 2862 3590 das Concer
479 3510 3239 3744 So tat es auch kein anderer im Saal. Und als es zu Ende war,
476 3737 3221 3898 stand er auf. Da brannten plötzlich alle Lichter wieder und
479 3865 3224 4008 nun sah ich auch sein Gesicht. Nein, was ist das für ein Ge-
1116 3967 1702 4077 hat dieser Mann
494 4030 3265 4176 sicht und was sind das Tür Augen. (8 + hielt ich mir immer
2203 4110 2514 4205 name.
410 4169 3005 4337 die Hände vor die Stirz um nur gleich Ats Augen verdacht.
479 4319 2654 4480 können, wenn er etwa zu mir heraufschen Fortsachen
2430 4363 2734 4531 drachte
2866 4465 3327 4652 den dem
461 4440 2716 4666 mie so furchtbare Augen-gesehen. Und als mit nahmen
2452 4505 2822 4681 in all
450 4608 3235 4802 Damen und Herren sprach, sah ich wohl, wie jeder vor diesem
458 4721 3199 4974 drohenden Augen zitterte und sich nur in nicht nehm, daß es
1632 4952 1929 5186 - 233 -
