3672 5432
1136 1088 1951 1365 VORSPIEL,
1148 1329 1875 1453 x * * - * * * ̃  =  = *  =
984 1405 2064 1670 Erste Szene.
141 1678 3212 1943 Zimmer im Hause der Buchhändlerswitwe Franziska Klaehr. Geräumig,
153 1883 3353 2116 bürgerlich, behaglich. Im Hintergrund etwas erhöhter Erker mit ausge-
141 2032 3236 2272 bauchtem Fenster. Blick auf Basteien und Türme der Vorstadt. Türe
149 2208 3280 2429 ins Vorzimmer rechts vorm. Andre Tür links Mitte. links hinten in
145 2349 3284 2558 der Ecke Ofen mit Figur. Zwischen Ofen und Türe Kommode mit Spiegel
141 2477 3300 2694 darüber. Rechte Wand: Spinett, anschliessend Stellage mit Noten und
141 2678 3312 2859 Büchern. Hintere Wand rechts und links vom Erker, je ein hoher Wand-
116 2802 514 2975 schrank.
116 2931 3236 3180 In der Mitte des Zimmers grosser Tisch, Stühle rings herum; im Er-
108 3132 2064 3365 ker Tischchen, ein Sessel. - Gegen Abend.
88 3393 3128 3802 Agathe Klaehr (18 Jahre alt, ernstes, etwas blasses Antlitz, im
305 3658 2465 3850 Erker beschäftigt ein Taschentuch zu säumen).
96 3806 3320 4003 Anna Berger (um ein Jahr jünger, kleiner, recht lebhaft, tritt ein,
321 3947 927 4139 von rechts).
92 4095 1377 4264 Anna: Guten Abend, Agathe.
76 4192 2734 4493 Agathe: Bist Bus, Anna? Ich freue mich, dass Du kommst.
92 4384 2686 4577 Anna: Es ist schönes Wetter draussen, Ganz warm beinah.
80 4557 3228 4774 Agathe: Ich hab das Fenster offen gehabt bis jetzt. Rück den Stuhl
277 4718 3051 4987 zu mir, ich bin bald fertig. Kommst du von Haus? Wie gehta
1514 4979 1775 5187 - 4 -
