3811 5416
551 337 3211 772 Elselt. für letztes that ?  Will es ihr nicht
683 548 3257 861 aber wieder, noch im Tod, gelingen? In ihrem
686 726 3208 1046 Arblick war dein großer Entschluss wieder
696 944 3181 1261 vergessen - zu Unterht also schuldigst du
785 1072 3188 1419 dich an - der Lauf der Dinge weist es.
808 1231 3445 1554 du ianst deiner That nicht werth gewesen.
716 1373 3184 1703 Med. Am Ende doit -! Ich werde für né
838 1723 3211 2099 Fr. Re. Das wirst die nicht, Uedardis! Er
832 1742 1320 1907 sterben!
901 1888 3241 2221 derfst es nicht! M'hast es ja in deuer
937 2066 3257 2429 Hand! Der General wird zum Rhehren -
904 2214 3439 2594 Excell. Und Bonaparte wird sich die gelegen¬
940 2402 3244 2739 heit nicht eilgeben lassen, Gnade
980 2713 1660 2944 zu üben.
954 2785 2531 3155 Mad. Allin votefeil!
964 2963 3194 3359 Tr. kl. Redenke, chedarntis, dis list
1148 3138 2765 3514 alles - u as ich noch habe!
