3784 5320
412 576 3352 992 Dagusan: Unsere Abreise ist unmöglich. Der Posten beim nächsten
678 819 1803 1062 Zollhaus verhaftet uns.
1999 909 3273 1125 Frischen zwei Schlachter
408 941 3348 1247 Asslagny: Wenn man denkt, dass Bonaparte zu solchen Spässen noch
686 1133 3116 1368 Zeit und Lauhe bleibt. so möchte man ihn beinah bewurr
506 1137 694 1313 that
408 1231 2787 1505 Vicomre (zu Laffraye): Der Kaiser...weiss von mir!
392 1427 3026 1639 Herzog: Lasst mich allein... Werft Euch alle dem Kaiser zu
1764 1572 2266 1748 Valvisi
655 1576 2042 1811 Es ist zu Ende mit den Bericht
376 1697 3367 2027 Helene: Vater... (stärker) Vater! Nichts ist zu Ende! Ein schlechte
2630 1901 3034 1995 do if I
651 1882 3403 2172 Komödiant war da - im Auftrag eines bessern. Nichts hat sich
1305 2015 1701 2117 marquis
647 2038 3285 2293 verändert... Der Vieemte wird reisen, wie es bestimmt war.
404 2042 604 2223 as
349 2125 2532 2403 ###: Um Sie nie wieder zu sehen, Helene -,
349 2313 3375 2540 Helene: Und wenn Sie hier blieben -? Ich schwöre Ihnen, dass Sie
623 2509 3418 2779 diese Fangerspitzen niemals berühren werden - wenn Sie morgen
608 2607 1709 2807 nicht auf dem Wege sind.
361 2775 3210 3003 Dagusan: Ich bitte um die Erlaubnis mich zurückzuziehen, Herr
208 2940 3359 3214 Marquis xxx, um den Vorschlag Seiner Majestät des Kaisers ruhi-
647 3101 2619 3297 ger Betrachtung zu unterziehen. (Er geht.)
427 3112 662 3269 Elars
361 3207 721 3399 kleine
776 3234 3504 3528 (mit Geste, er halte auch ihn nicht, zu Laffraye): Laffrage.
2129 3406 2481 3485 Magni
325 3383 3422 3599 Laffraye: Sie haben nicht das Recht, Herr-Vicante, in solcher Stunde
612 3552 3446 3783 mich eines Schwures zu entbinden, den ich freiwillig geleistet
2136 3685 2509 3791 marquis.
596 3630 3356 3975 habe. - Wohin Sie auch gehen, Herr Viremte, mein Weg ist der
612 3814 870 3979 Ihre.
408 3842 576 4022 all
325 3908 1364 4159 Vicom###: Desolteux -!
2266 4026 2775 4234 hoyen
302 4104 3371 4406 Desolteux: Warum diese fragende Miene, Herr Wärmte -? Ich heisse
564 4285 1090 4441 Desolteux!
349 4269 561 4484 in
647 4410 3261 4657 Ich danke Buch, meine Freunde. - Unser Entschluss bleibt
294 4445 490 4637 Vic
545 4610 3112 4822 aufrecht.. Vor morgen drcht uns keinerlei Gefahr... wir habe
564 4731 3018 4986 Zeit zu überlegen.. und lebendig soll er uns nicht haben
