3800 5544
636 586 3360 887 gegen den Prater zu gerückt. Er hat dem General Orelly, wie ja
640 807 3531 1017 schon vorher bestimmt war, das Kommando über die Stadt gegeben.
305 937 2058 1125 Frau Klaehr: Vas bedeutet das alles?
314 1125 3284 1305 Bargetti: Wenn nicht ein Wunder geschieht - den Anfang vom Ende.
318 1238 2033 1456 Frau Klaehr: Und was wäre das Wunder?
866 1364 1096 1477 Dat
318 1414 3418 1640 Bargetti: Wenn der Erzherzog Karl im Laufe der nächsten Stunde ein-
636 1535 1088 1728 trifft...
305 1674 3477 1929 Eschenbacher oder während der vorigen Minuten unten am Tor mit eini-
2468 1853 2975 1941 We ynte
653 1908 3502 2130 gen herbeigeeilten Gardisten sprach, eilt die Stufen zur Bastei
640 2021 2037 2222 hinan, rasch zu Bargetti hin).
310 2146 3380 2335 Eschenbacher: Weisst Du, was passiert ist, Bargetti! Den Trompeter
623 2305 1632 2535 haben sie erschlagen.
297 2477 1402 2694 Bargetti: Wen...wer...
305 2640 3673 2841 Eschenbacher: Den Trompeter, der mit dem Abgesandten vom Marschall Lauwe
640 2791 3334 3025 vor einer halben Stunde hier durchs Tor geritten ist, haben
623 2962 2385 3125 sie vom Pferd gerissen und erschlagen.
305 3083 2017 3288 Bargetti: Ja, um Gotteswillen, wer...
289 3272 3393 3414 Eschenbacher: Gesindel. Die Hauptschuldigen werden nicht herauszube-
628 3376 2247 3606 kommen sein. Der Adjutant selbst...
280 3581 1347 3757 Bargetti: St. Mars...
289 3665 3468 3941 Eschenbacher: Ja, St. Mars heisst###der ist ihnen entkommen. Beim
1356 3820 2272 3924 of mine preuadiere.
611 3857 3251 4071 Kärntnertor hat ihn Nach wahrscheinlich herausgehaun,
628 4000 2443 4209 bis dorthin hat ihn der Pöbel verfolgte.
1644 4125 2033 4230 du vie.
251 4171 3318 4410 Bargetti: Und ist die Botschaft an den Erwherzog oder vielmehr an
615 4297 2163 4535 den General Orelly gelangt.
255 4485 3293 4673 Eschenbacher: Von all dem weiss nachts... Es hätte auch nicht
628 4598 3230 4836 viel zu bedeuten, da sie sich ja an der Donau, jedenfalls
615 4790 1724 5029 schon herumschlagen...
1590 5087 1866 5280 137
