4472 5544
1041 584 3739 827 Lebewohl zu sagen. Na, schon reisefertig und kampfbereit?
767 743 2523 966 Medardus: So leidlich, Herr Berger
771 906 3970 1093 Berger: Und ausserdem haben wir uns noch erlaubt, für die Beschwer-
1049 1065 3918 1236 den des Marsches und die Strapazen des Felddienstes hier eine
1061 1208 3783 1415 Kleinigkeit beizusteuern. Hier. Es ist ein vortrefflicher
1061 1347 3890 1566 Kräuterschnaps. (Ueberreicht ihm die Flasche) Und hier, Mut-
1053 1522 3819 1697 ter gib her, eben frisch angekommen, die beste italienische
1049 1653 3855 1852 Salami. Herr Wachshuber hat sie uns persönlich wärmstens an-
1061 1812 3950 1995 empfohlen. Hält sich wochenlang. Er lässt übrigens alles mög
1061 1995 3056 2142 liche Gute wünschen, der Herr Wachshuber...
779 2118 3914 2309 Eschenbacher: Der Wachshuber? Was Medardus, bei so einer Gelegen-
1049 2265 3330 2472 heit merkt man erst, wo man überall Freunde hat.
783 2396 3950 2666 Medardus: Danke, danke bestens. Wie ich das noch unterbringen soll,
1061 2579 2348 2778 weiss ich wahrhaftig nicht.
779 2730 2269 2941 Frau Berger: Wird schon gehen.
791 2877 3878 3096 Frau Klaehr: Vielleicht was gefällig? Ein Glas Wein, Herr Berger?
771 3028 2221 3227 Berger: Da sag ich nicht nein.
779 3219 3020 3382 Agathe (schenkt ihm und seiner Frau Wein ein).
791 3322 3847 3513 Berger: Ein Gedräng ist auf den Strassen. Mit Müh und Not, dass
1073 3485 4017 3664 wir uns durchgewunden haben. Was, Mutter? Vor einer Stund sind
1061 3628 3938 3827 die Gottesheimdragoner eingeritten beim Neutor. Um neun gehts
1061 3791 3990 4002 wieder heraus durchs Kärntnertor. Die Offiziere machen Rast in
1053 3950 2039 4164 der Stadt Frankfurt.
779 4145 3918 4312 Eschenbacher: Darf man fragen, was sie dort zum Nachtmahl kriegen?
779 4284 3974 4443 Berger (auf den Scherz eingehend): Ja, alles kann man nicht wissen,
1053 4423 3779 4586 Meister Eschenbacher, haha... Na es wird ja ernst. In ein
1073 4554 3990 4761 paar Tagen ist überhaupt das ganze Militär aus der Stadt fort.
1073 4721 3247 4943 Und die Bürgerschaft übernimmt die Wachposten.
2237 5027 2492 5166 22 -
