<?xml version="1.0" encoding="UTF-8" standalone="yes"?>
<PcGts xmlns="http://schema.primaresearch.org/PAGE/gts/pagecontent/2013-07-15" xmlns:xsi="http://www.w3.org/2001/XMLSchema-instance" xsi:schemaLocation="http://schema.primaresearch.org/PAGE/gts/pagecontent/2013-07-15 http://schema.primaresearch.org/PAGE/gts/pagecontent/2013-07-15/pagecontent.xsd">
    <Metadata>
        <Creator>prov=READ-COOP:name=TrHtr:version=2.1.0:model_id=51170:date=15_08_2023_09:59</Creator>
        <Created>2023-05-10T15:10:33.427+02:00</Created>
        <LastChange>2023-08-15T09:59:53.081+02:00</LastChange>
        <TranskribusMetadata docId="1429033" pageId="55435128" pageNr="42" tsid="132846205" status="IN_PROGRESS" userId="64420" imgUrl="https://files.transkribus.eu/Get?id=CSBEFESHRHSLLBFEAYPZMZCB&amp;fileType=view" xmlUrl="https://files.transkribus.eu/Get?id=ILZQPKSTDEBCJDKWJPPTFCUG" imageId="44709118"/>
    </Metadata>
    <Page imageFilename="1429033_0042.jpg" imageWidth="4456" imageHeight="5464">
        <ReadingOrder>
            <OrderedGroup id="ro_1711799898596" caption="Regions reading order">
                <RegionRefIndexed index="0" regionRef="tr_1"/>
                <RegionRefIndexed index="1" regionRef="tr_3"/>
                <RegionRefIndexed index="2" regionRef="tr_2"/>
            </OrderedGroup>
        </ReadingOrder>
        <TextRegion id="tr_1" custom="readingOrder {index:0;}">
            <Coords points="1021,666 4203,666 4203,2201 1021,2201"/>
            <TextLine id="tr_1_tl_1" custom="readingOrder {index:0;}">
                <Coords points="2716,752 2747,760 2794,728 2844,744 2895,725 2949,748 3073,752 3065,585 3034,581 2945,523 2887,562 2848,539 2821,554 2798,539 2705,531"/>
                <Baseline points="2734,716 2824,716 2914,722 3003,728 3081,728"/>
                <TextEquiv>
                    <Unicode>mitten.</Unicode>
                </TextEquiv>
            </TextLine>
            <TextLine id="tr_1_tl_2" custom="readingOrder {index:1;}">
                <Coords points="1221,810 4197,895 4189,577 3050,760 2275,601 1992,713 1221,725"/>
                <Baseline points="1242,770 1331,770 1421,770 1510,776 1600,776 1689,776 1779,782 1869,782 1958,782 2048,782 2137,782 2227,788 2316,788 2406,794 2496,794 2585,794 2675,800 2764,800 2854,800 2943,806 3033,806 3123,806 3212,806 3302,806 3391,812 3481,812 3571,812 3660,818 3750,818 3839,818 3929,824 4018,824 4108,824 4198,824 4203,824"/>
                <TextEquiv>
                    <Unicode>Oder einen Arm? Oder eine Kugel durch die Stirn? Du hast</Unicode>
                </TextEquiv>
            </TextLine>
            <TextLine id="tr_1_tl_3" custom="readingOrder {index:2;}">
                <Coords points="1209,976 4154,1023 4150,880 3437,825 3015,918 2821,818 1205,864"/>
                <Baseline points="1230,919 1319,925 1409,925 1498,931 1588,931 1678,931 1767,931 1857,931 1946,937 2036,937 2125,937 2215,943 2305,943 2394,943 2484,949 2573,949 2663,949 2752,955 2842,955 2932,961 3021,961 3111,961 3200,961 3290,967 3379,967 3469,961 3559,967 3648,967 3738,967 3827,973 3917,973 4006,973 4096,973 4162,973"/>
                <TextEquiv>
                    <Unicode>Lust dazuliegen mit blutenden Wunden -, schäumende Pferde über</Unicode>
                </TextEquiv>
            </TextLine>
            <TextLine id="tr_1_tl_4" custom="readingOrder {index:3;}">
                <Coords points="1213,1135 4131,1178 4127,1054 3573,984 2960,1073 1209,973"/>
                <Baseline points="1236,1080 1325,1074 1415,1080 1504,1080 1594,1080 1683,1080 1773,1086 1863,1086 1952,1086 2042,1092 2131,1092 2221,1092 2311,1092 2400,1092 2490,1098 2579,1098 2669,1104 2758,1104 2848,1104 2938,1110 3027,1116 3117,1110 3206,1110 3296,1110 3385,1110 3475,1116 3565,1116 3654,1116 3744,1122 3833,1122 3923,1122 4012,1122 4102,1122 4138,1122"/>
                <TextEquiv>
                    <Unicode>Dich sprengen und Dir mit den Hufen in die Gedärme treten</Unicode>
                </TextEquiv>
            </TextLine>
            <TextLine id="tr_1_tl_5" custom="readingOrder {index:4;}">
                <Coords points="1209,1306 1504,1302 1624,1240 2131,1337 2310,1302 2310,1166 2278,1155 2108,1170 1922,1128 1879,1166 1732,1120 1647,1166 1453,1116 1209,1147"/>
                <Baseline points="1230,1218 1319,1224 1409,1230 1498,1230 1588,1230 1678,1236 1767,1236 1857,1236 1946,1236 2036,1236 2125,1242 2215,1242 2305,1242 2316,1242"/>
                <TextEquiv>
                    <Unicode>zu lassen? Hast Lust zu</Unicode>
                </TextEquiv>
            </TextLine>
            <TextLine id="tr_1_tl_6" custom="readingOrder {index:5;}">
                <Coords points="2356,1298 3883,1286 4014,1333 4069,1321 4069,1224 3782,1151 3267,1228 3154,1155 2852,1205 2712,1139 2585,1186 2352,1143"/>
                <Baseline points="2376,1242 2466,1248 2555,1248 2645,1248 2734,1254 2824,1254 2914,1254 3003,1260 3093,1260 3182,1260 3272,1265 3362,1265 3451,1265 3541,1265 3630,1271 3720,1271 3809,1271 3899,1277 3989,1283 4078,1277 4084,1271"/>
                <TextEquiv>
                    <Unicode>stöhnen, zu dürsten, zU verzweifeln,</Unicode>
                </TextEquiv>
            </TextLine>
            <TextLine id="tr_1_tl_7" custom="readingOrder {index:6;}">
                <Coords points="1213,1403 4061,1472 4096,1325 1209,1306"/>
                <Baseline points="1236,1367 1325,1373 1415,1379 1504,1379 1594,1379 1683,1385 1773,1385 1863,1385 1952,1385 2042,1385 2131,1391 2221,1391 2311,1391 2322,1391 2334,1397 2424,1397 2514,1397 2603,1397 2693,1403 2782,1403 2872,1403 2961,1409 3051,1409 3141,1409 3230,1409 3320,1409 3409,1409 3499,1415 3588,1415 3678,1421 3768,1421 3857,1427 3947,1427 4036,1427 4102,1427"/>
                <TextEquiv>
                    <Unicode>und auf dem nächtlichen Leichenfeld zu warten bis einer heran-</Unicode>
                </TextEquiv>
            </TextLine>
            <TextLine id="tr_1_tl_8" custom="readingOrder {index:7;}">
                <Coords points="3228,1507 3259,1515 3282,1515 3294,1507 3325,1515 3336,1507 3344,1515 3394,1511 3410,1523 3429,1523 3429,1457 3394,1465 3348,1449 3336,1453 3329,1445 3282,1445 3267,1457 3255,1445 3228,1445"/>
                <Baseline points="3248,1492 3338,1492 3427,1498 3439,1498"/>
                <TextEquiv>
                    <Unicode>dans</Unicode>
                </TextEquiv>
            </TextLine>
            <TextLine id="tr_1_tl_9" custom="readingOrder {index:8;}">
                <Coords points="1197,1608 2709,1554 2844,1635 3127,1569 3693,1655 3879,1604 3879,1511 3263,1515 3119,1430 1430,1476 1194,1395"/>
                <Baseline points="1218,1522 1307,1522 1397,1522 1486,1528 1576,1528 1666,1534 1755,1534 1845,1534 1934,1528 2024,1534 2113,1534 2203,1540 2293,1540 2382,1540 2472,1546 2561,1546 2651,1546 2740,1552 2830,1552 2920,1552 3009,1558 3099,1558 3188,1558 3278,1558 3367,1564 3457,1564 3547,1570 3636,1570 3726,1570 3815,1570 3887,1570"/>
                <TextEquiv>
                    <Unicode>schleicht, der Dir die Taschen umdreht und xxx die</Unicode>
                </TextEquiv>
            </TextLine>
            <TextLine id="tr_1_tl_10" custom="readingOrder {index:9;}">
                <Coords points="1201,1732 1364,1697 1430,1752 1519,1713 1643,1771 1876,1701 2019,1744 2244,1705 2340,1744 2340,1635 2232,1593 1930,1585 1887,1628 1717,1631 1197,1604"/>
                <Baseline points="1224,1672 1313,1672 1403,1672 1492,1678 1582,1683 1672,1683 1761,1683 1851,1683 1940,1683 2030,1683 2119,1683 2209,1689 2299,1689 2346,1695"/>
                <TextEquiv>
                    <Unicode>Gurgel abschneidet? Oder</Unicode>
                </TextEquiv>
            </TextLine>
            <TextLine id="tr_1_tl_11" custom="readingOrder {index:10;}">
                <Coords points="2383,1736 3383,1802 4065,1755 4065,1639 3736,1674 3530,1596 3236,1635 2937,1569 2848,1635 2383,1631"/>
                <Baseline points="2406,1701 2496,1695 2585,1695 2675,1701 2764,1701 2854,1707 2943,1701 3033,1707 3123,1713 3212,1713 3302,1713 3391,1719 3481,1719 3571,1719 3660,1719 3750,1719 3839,1725 3929,1725 4018,1725 4072,1731"/>
                <TextEquiv>
                    <Unicode>juckts Dich gar  halb lebendig mit ein</Unicode>
                </TextEquiv>
            </TextLine>
            <TextLine id="tr_1_tl_12" custom="readingOrder {index:11;}">
                <Coords points="1201,1914 1461,1864 1546,1910 1988,1860 2232,1918 2325,1895 2325,1732 2112,1782 1957,1728 1841,1786 1782,1755 1647,1775 1546,1720 1457,1755 1201,1732"/>
                <Baseline points="1224,1833 1313,1833 1403,1827 1492,1827 1582,1833 1672,1833 1761,1833 1851,1833 1940,1833 2030,1839 2119,1839 2209,1845 2299,1845 2334,1851"/>
                <TextEquiv>
                    <Unicode>paar Toten in eine Grube</Unicode>
                </TextEquiv>
            </TextLine>
            <TextLine id="tr_1_tl_13" custom="readingOrder {index:12;}">
                <Coords points="2379,1872 2631,1930 2670,1887 2933,1879 3084,1972 3270,1953 3267,1720 3185,1775 2988,1802 2887,1767 2774,1821 2631,1759 2464,1798 2379,1767"/>
                <Baseline points="2400,1851 2490,1851 2579,1851 2669,1851 2758,1857 2848,1857 2938,1857 3027,1863 3117,1863 3206,1869 3278,1863"/>
                <TextEquiv>
                    <Unicode>geworfen zu werden?</Unicode>
                </TextEquiv>
            </TextLine>
            <TextLine id="tr_1_tl_14" custom="readingOrder {index:13;}">
                <Coords points="1004,2046 1639,2003 1949,2062 2306,2027 2402,2085 2515,2019 2802,2027 2798,1903 2581,1934 2464,1864 2193,1938 1879,1872 1817,1922 1453,1860 1000,1903"/>
                <Baseline points="1021,1970 1110,1976 1200,1976 1289,1976 1379,1976 1469,1976 1558,1982 1648,1988 1737,1988 1827,1988 1916,1988 2006,1988 2096,1988 2185,1994 2275,1994 2364,2000 2454,1994 2543,2000 2633,2000 2723,2006 2806,2006"/>
                <TextEquiv>
                    <Unicode>Rabenau: Was spricht der al te Soldat?</Unicode>
                </TextEquiv>
            </TextLine>
            <TextLine id="tr_1_tl_15" custom="readingOrder {index:14;}">
                <Coords points="1004,2216 3061,2170 3693,2271 4100,2197 4100,2100 1000,2058"/>
                <Baseline points="1021,2131 1110,2125 1200,2125 1289,2125 1379,2131 1469,2131 1558,2131 1648,2137 1737,2137 1827,2137 1916,2137 2006,2143 2096,2143 2185,2143 2275,2149 2364,2149 2454,2149 2543,2149 2633,2155 2723,2155 2812,2155 2902,2161 2991,2161 3081,2167 3170,2167 3260,2167 3350,2173 3439,2173 3529,2179 3618,2179 3708,2185 3797,2191 3887,2191 3977,2191 4066,2185 4108,2179"/>
                <TextEquiv>
                    <Unicode>Plank: Ja, ein alter Soldat, das bin ich, wenn auch erst sechsund-</Unicode>
                </TextEquiv>
            </TextLine>
        </TextRegion>
        <TextRegion id="tr_3" custom="readingOrder {index:1;}">
            <Coords points="967,2225 4114,2225 4114,3718 967,3718"/>
            <TextLine id="tr_3_tl_1" custom="readingOrder {index:0;}">
                <Coords points="1190,2329 2530,2317 2771,2406 3340,2337 4057,2434 4053,2278 3918,2228 1186,2209"/>
                <Baseline points="1212,2275 1301,2281 1391,2287 1480,2287 1570,2287 1660,2287 1749,2293 1839,2293 1928,2293 2018,2293 2107,2299 2197,2299 2287,2299 2376,2305 2466,2305 2555,2311 2645,2311 2734,2311 2824,2316 2914,2316 3003,2316 3093,2322 3182,2322 3272,2322 3362,2322 3451,2328 3541,2328 3630,2334 3720,2334 3809,2340 3899,2346 3989,2352 4066,2358"/>
                <TextEquiv>
                    <Unicode>zwanzig. Ich hab mehr erlebt als ihr. Und soll ich Buch was 4</Unicode>
                </TextEquiv>
            </TextLine>
            <TextLine id="tr_3_tl_2" custom="readingOrder {index:1;}">
                <Coords points="1190,2476 2209,2453 2441,2554 3418,2476 4108,2592 4104,2422 3844,2379 1186,2337"/>
                <Baseline points="1212,2418 1301,2430 1391,2430 1480,2436 1570,2436 1660,2436 1749,2436 1839,2442 1928,2442 2018,2442 2107,2448 2197,2448 2287,2454 2376,2454 2466,2454 2555,2460 2645,2460 2734,2460 2824,2466 2914,2466 3003,2466 3093,2466 3182,2472 3272,2472 3362,2478 3451,2478 3541,2484 3630,2484 3720,2490 3809,2490 3899,2496 3989,2496 4078,2496 4114,2496"/>
                <TextEquiv>
                    <Unicode>vertraun? Wisst Ihr was all Euer Geschrei und all Eure Lusig¬</Unicode>
                </TextEquiv>
            </TextLine>
            <TextLine id="tr_3_tl_3" custom="readingOrder {index:2;}">
                <Coords points="1178,2650 1593,2592 2507,2709 2716,2623 3890,2716 3887,2573 3801,2554 1174,2492"/>
                <Baseline points="1194,2579 1283,2585 1373,2585 1463,2585 1552,2591 1642,2591 1731,2591 1821,2597 1910,2597 2000,2597 2090,2597 2179,2603 2269,2609 2358,2609 2448,2609 2537,2615 2627,2615 2717,2621 2806,2621 2896,2621 2985,2621 3075,2621 3164,2621 3254,2627 3344,2627 3433,2633 3523,2633 3612,2639 3702,2639 3791,2639 3881,2639 3899,2639"/>
                <TextEquiv>
                    <Unicode>keit und all Eure Begeisterung im Grunde ist? Verschlagene</Unicode>
                </TextEquiv>
            </TextLine>
            <TextLine id="tr_3_tl_4" custom="readingOrder {index:3;}">
                <Coords points="1166,2786 2112,2829 2240,2778 2344,2825 2898,2782 2895,2705 2778,2728 2650,2635 2503,2716 2023,2620 1511,2701 1360,2639 1162,2662"/>
                <Baseline points="1188,2729 1277,2740 1367,2740 1457,2740 1546,2746 1636,2746 1725,2746 1815,2746 1904,2752 1994,2752 2084,2752 2173,2752 2263,2758 2352,2758 2442,2764 2531,2764 2621,2770 2711,2770 2800,2764 2890,2770 2908,2764"/>
                <TextEquiv>
                    <Unicode>Angst, nichts weiter, Höllenangst -</Unicode>
                </TextEquiv>
            </TextLine>
            <TextLine id="tr_3_tl_5" custom="readingOrder {index:4;}">
                <Coords points="2089,2995 2124,2995 2162,3019 2232,2964 2278,2968 2302,2988 2395,2953 2480,2964 2476,2825 2430,2829 2387,2802 2294,2821 2240,2782 2112,2829 2081,2825"/>
                <Baseline points="2107,2914 2197,2908 2287,2908 2376,2914 2466,2920 2490,2920"/>
                <TextEquiv>
                    <Unicode>(Unruhe)</Unicode>
                </TextEquiv>
            </TextLine>
            <TextLine id="tr_3_tl_6" custom="readingOrder {index:5;}">
                <Coords points="976,3100 1228,3077 1283,3116 1511,3050 1713,3050 1980,3108 1976,2856 1442,2968 1395,2937 1112,2968 973,2937"/>
                <Baseline points="997,3033 1086,3033 1176,3039 1265,3039 1355,3039 1445,3039 1534,3045 1624,3045 1713,3045 1803,3045 1892,3051 1982,3051 1988,3051"/>
                <TextEquiv>
                    <Unicode>Baumann: Ist er toll?</Unicode>
                </TextEquiv>
            </TextLine>
            <TextLine id="tr_3_tl_7" custom="readingOrder {index:6;}">
                <Coords points="965,3220 2774,3247 2771,3112 2565,3081 2453,3146 1732,3116 1670,3166 961,3092"/>
                <Baseline points="985,3188 1074,3182 1164,3188 1254,3188 1343,3188 1433,3194 1522,3194 1612,3194 1701,3200 1791,3200 1881,3200 1970,3206 2060,3206 2149,3206 2239,3212 2328,3212 2418,3218 2508,3218 2597,3224 2687,3224 2776,3224 2782,3224"/>
                <TextEquiv>
                    <Unicode>Plank: Angst, Ihr alle habt Angst!...</Unicode>
                </TextEquiv>
            </TextLine>
            <TextLine id="tr_3_tl_8" custom="readingOrder {index:7;}">
                <Coords points="965,3406 2565,3371 3069,3437 3255,3402 3255,3336 961,3224"/>
                <Baseline points="985,3338 1074,3338 1164,3338 1254,3338 1343,3344 1433,3344 1522,3344 1612,3350 1701,3350 1791,3350 1881,3356 1970,3356 2060,3356 2149,3362 2239,3362 2328,3362 2418,3367 2508,3367 2597,3373 2687,3373 2776,3373 2866,3373 2955,3379 3045,3385 3135,3385 3224,3385 3266,3391"/>
                <TextEquiv>
                    <Unicode>Rabenau: Sprich für Dich allein, alter Soldat...</Unicode>
                </TextEquiv>
            </TextLine>
            <TextLine id="tr_3_tl_9" custom="readingOrder {index:8;}">
                <Coords points="965,3546 2844,3561 2840,3445 2612,3410 2275,3476 2019,3394 1410,3453 965,3398"/>
                <Baseline points="985,3493 1074,3487 1164,3493 1254,3493 1343,3499 1433,3499 1522,3499 1612,3499 1701,3499 1791,3505 1881,3505 1970,3511 2060,3511 2149,3511 2239,3517 2328,3517 2418,3523 2508,3523 2597,3523 2687,3529 2776,3529 2854,3535"/>
                <TextEquiv>
                    <Unicode>Baumann: Oder noch besser, halts Paul.</Unicode>
                </TextEquiv>
            </TextLine>
            <TextLine id="tr_3_tl_10" custom="readingOrder {index:9;}">
                <Coords points="946,3720 3991,3732 3987,3565 3751,3534 2499,3612 942,3530"/>
                <Baseline points="967,3648 1056,3642 1146,3642 1236,3648 1325,3648 1415,3648 1504,3648 1594,3648 1683,3654 1773,3654 1863,3660 1952,3660 2042,3660 2131,3666 2221,3666 2311,3672 2400,3672 2490,3672 2579,3678 2669,3678 2758,3678 2848,3684 2938,3684 3027,3684 3117,3690 3206,3690 3296,3696 3385,3696 3475,3696 3565,3702 3654,3702 3744,3708 3833,3708 3923,3708 4000,3708"/>
                <TextEquiv>
                    <Unicode>Plank: Nein, reden will ich! Und Ihr sollt mich hören. Ich habe</Unicode>
                </TextEquiv>
            </TextLine>
        </TextRegion>
        <TextRegion id="tr_2" custom="readingOrder {index:2;}">
            <Coords points="931,3741 4072,3741 4072,5211 931,5211"/>
            <TextLine id="tr_2_tl_1" custom="readingOrder {index:0;}">
                <Coords points="1128,3840 3972,3902 3945,3794 3290,3736 1124,3697"/>
                <Baseline points="1146,3791 1236,3797 1325,3797 1415,3803 1504,3803 1594,3803 1683,3809 1773,3809 1863,3809 1952,3815 2042,3815 2131,3821 2221,3821 2311,3821 2400,3827 2490,3827 2579,3827 2669,3833 2758,3833 2848,3833 2938,3833 3027,3839 3117,3839 3206,3839 3296,3839 3385,3845 3475,3845 3565,3851 3654,3851 3744,3857 3833,3863 3923,3869 3977,3875"/>
                <TextEquiv>
                    <Unicode>Angst, - ich, der Friedrich Plank... Wo wäre denn die courage,</Unicode>
                </TextEquiv>
            </TextLine>
            <TextLine id="tr_2_tl_2" custom="readingOrder {index:1;}">
                <Coords points="1135,4034 2104,3968 2639,4076 3038,3995 3987,4084 4061,3972 3608,3871 3205,3949 2744,3852 1132,3836"/>
                <Baseline points="1152,3941 1242,3947 1331,3947 1421,3953 1510,3953 1600,3959 1689,3959 1779,3965 1869,3965 1958,3971 2048,3971 2137,3971 2227,3971 2316,3977 2406,3977 2496,3977 2585,3983 2675,3983 2764,3983 2854,3983 2943,3989 3033,3989 3123,3989 3212,3994 3302,3994 3391,4000 3481,4006 3571,4006 3660,4012 3750,4006 3839,4012 3929,4012 4018,4012 4072,4012"/>
                <TextEquiv>
                    <Unicode>wenn man nicht Angst hätte. (Gelächter) Mir schlottern die Ge-</Unicode>
                </TextEquiv>
            </TextLine>
            <TextLine id="tr_2_tl_3" custom="readingOrder {index:2;}">
                <Coords points="1128,4162 3984,4208 3980,4046 1124,4030"/>
                <Baseline points="1146,4096 1236,4096 1325,4102 1415,4102 1504,4108 1594,4108 1683,4114 1773,4114 1863,4120 1952,4120 2042,4120 2131,4126 2221,4126 2311,4126 2400,4126 2490,4132 2579,4138 2669,4138 2758,4138 2848,4138 2938,4144 3027,4144 3117,4144 3206,4150 3296,4150 3385,4150 3475,4156 3565,4162 3654,4162 3744,4168 3833,4168 3923,4168 3994,4168"/>
                <TextEquiv>
                    <Unicode>beine, kalter Schweiss tritt mir auf Stim und Haar, in einen</Unicode>
                </TextEquiv>
            </TextLine>
            <TextLine id="tr_2_tl_4" custom="readingOrder {index:3;}">
                <Coords points="1108,4266 3704,4390 3701,4262 3371,4200 1108,4170"/>
                <Baseline points="1128,4245 1218,4251 1307,4251 1397,4257 1486,4257 1576,4257 1666,4263 1755,4263 1845,4269 1934,4269 2024,4275 2113,4275 2203,4281 2293,4281 2382,4281 2472,4287 2561,4287 2651,4293 2740,4293 2830,4293 2920,4299 3009,4299 3099,4299 3188,4299 3278,4305 3367,4305 3457,4305 3547,4311 3636,4317 3714,4323"/>
                <TextEquiv>
                    <Unicode>Keller möcht ich mich verkriechen, in ein Mauseloch...</Unicode>
                </TextEquiv>
            </TextLine>
            <TextLine id="tr_2_tl_5" custom="readingOrder {index:4;}">
                <Coords points="914,4476 2174,4445 2650,4507 3011,4464 3007,4313 2546,4383 2337,4317 2127,4359 2027,4286 1748,4359 1550,4278 1294,4356 907,4262"/>
                <Baseline points="931,4418 1021,4407 1110,4401 1200,4407 1289,4407 1379,4413 1469,4413 1558,4413 1648,4418 1737,4418 1827,4424 1916,4430 2006,4430 2096,4430 2185,4436 2275,4430 2364,4436 2454,4436 2543,4436 2633,4442 2723,4442 2812,4448 2902,4448 2991,4448 3021,4454"/>
                <TextEquiv>
                    <Unicode>Baumann, Rabenau, Bernbrug: Ist er verrückt?</Unicode>
                </TextEquiv>
            </TextLine>
            <TextLine id="tr_2_tl_6" custom="readingOrder {index:5;}">
                <Coords points="926,4646 3642,4693 3991,4654 3987,4425 922,4476"/>
                <Baseline points="943,4556 1033,4550 1122,4550 1212,4550 1301,4556 1391,4556 1480,4562 1570,4562 1660,4568 1749,4568 1839,4574 1928,4574 2018,4580 2107,4580 2197,4580 2287,4586 2376,4586 2466,4586 2555,4592 2645,4592 2734,4592 2824,4598 2914,4604 3003,4604 3093,4604 3182,4610 3272,4610 3362,4610 3451,4616 3541,4616 3630,4622 3720,4622 3809,4627 3899,4627 3989,4633 4000,4633"/>
                <TextEquiv>
                    <Unicode>Kribbling: Lasst ihn, er will Euch gruseln machen...merkt Ihr denn</Unicode>
                </TextEquiv>
            </TextLine>
            <TextLine id="tr_2_tl_7" custom="readingOrder {index:6;}">
                <Coords points="1108,4747 1166,4747 1182,4728 1259,4743 1286,4724 1345,4731 1372,4720 1387,4731 1414,4708 1434,4708 1434,4607 1391,4615 1372,4634 1298,4623 1279,4638 1224,4623 1155,4646 1108,4631"/>
                <Baseline points="1128,4705 1218,4705 1307,4711 1397,4711 1445,4711"/>
                <TextEquiv>
                    <Unicode>nicht?</Unicode>
                </TextEquiv>
            </TextLine>
            <TextLine id="tr_2_tl_8" custom="readingOrder {index:7;}">
                <Coords points="914,4929 4026,5010 4018,4824 3728,4786 3367,4867 2410,4743 911,4774"/>
                <Baseline points="931,4866 1021,4860 1110,4860 1200,4860 1289,4866 1355,4866 1373,4866 1463,4866 1552,4872 1642,4872 1731,4872 1821,4878 1910,4884 2000,4884 2090,4890 2179,4890 2269,4890 2358,4896 2448,4896 2537,4896 2627,4902 2717,4902 2806,4902 2896,4908 2985,4908 3075,4914 3164,4920 3254,4926 3344,4926 3433,4926 3523,4932 3612,4932 3702,4938 3791,4938 3881,4938 3971,4938 4030,4944"/>
                <TextEquiv>
                    <Unicode>Baumann: Lasst uns ein Loch Graben für den Kerl, er mag sich drin</Unicode>
                </TextEquiv>
            </TextLine>
            <TextLine id="tr_2_tl_9" custom="readingOrder {index:8;}">
                <Coords points="2437,5208 2499,5208 2511,5220 2534,5220 2550,5204 2565,5204 2608,5235 2635,5235 2635,5076 2616,5076 2600,5061 2577,5072 2565,5068 2523,5103 2437,5111"/>
                <Baseline points="2460,5201 2549,5195 2639,5201 2645,5201"/>
                <TextEquiv>
                    <Unicode>38 —</Unicode>
                </TextEquiv>
            </TextLine>
        </TextRegion>
    </Page>
</PcGts>
