4344 5480
1026 578 3922 848 Herrn von Collin- und das ich so frei war in Musik zu setzen.
812 804 1797 1010 Einige: Hoch Collin!
812 941 2060 1167 Andre: Hoch Schellbacher!
808 1111 3934 1272 Schellbacher: Ich werde intonieren, und Ihr meine teuren Kameraden
1034 1244 2565 1470 stimmt im gegebenen Momente ein.
800 1405 2783 1611 Einige: Bravo Schellenbacher, lass hören.
808 1579 3833 1793 Schellbacher (beginnt): Jetzt ist es zeit.. (Kr. unterbricht sich)
1882 1700 3195 1898 "der Bräutigam". (er singt)
1026 1721 1830 1902 Es ist betittelt
1826 1890 3494 2064 Jetzt ist es Zeit, die Trommel ruft,
1821 2019 3142 2201 Lieb Mädel, lass mich ziehn.
1830 2157 3267 2367 Die Fahne flattert in der Luft,
1817 2330 2956 2504 Muss zu den Männern hin.
1022 2456 3271 2633 (Die Andern wiederholen die zwei letzten zeilen.)
800 2621 1450 2835 Shellbacher:
1809 2641 3481 2819 Muss fort als Wehrmann in das Feld,
1809 2763 3045 2956 Es ist beschworne pflicht,
1813 2920 3619 3122 Und wer nun Wort und Schwur nicht hält,
1805 3106 3134 3251 Der bleibt ein feiger wicht.
1038 3199 3296 3445 (Die Andern wiederholen die letzten zwei Zeilen.)
759 3316 1446 3594 Schallbacher:
1817 3376 3292 3594 Was weinst Du Dir die Augen aus,
1793 3498 3215 3691 Machst mir das Her###se schwer,
1769 3659 3433 3893 Bald dränge Dir der Feind ins Haus,
1781 3865 3134 4055 Eilt ich nun nicht zur Wehr.
1733 3978 2746 4204 (Die Andern wie oben.)
719 4120 1466 4362 Shellbacher:
1785 4172 3368 4346 So lass mich ziehn, am Siegesmahl
1797 4269 4010 4467 Soll unsre Hochzeit sein (Gelächter von Einigen)
1632 4414 3267 4608 Bei Pauken und Trompetenschall,
1781 4576 3082 4810 Will ich Dich, Liebe frein.
1729 4754 2706 4980 (Die Andern wie oben)
622 4867 3869 5153 2) dies und die folgenden wieder in H v. Collin Chauckchelieder
2088 5089 2355 5254 - 35 —
