4168 5480
957 574 3273 813 ihn sehr. Auch Ihnen tut das Herz weh, Prinzessin.
702 765 3667 953 Helene: Ja, das Herz tut mir weh, denn ich steh an seinem Grab.
945 921 3711 1088 Aber wie ich ihn leben sah, hat meinem Herzen noch schlimmer
945 1040 3731 1208 weh getan. Oftmals, da wir beide noch Kinder waren und mitei-
953 1180 3679 1371 nander spielten, hab ich mir ihn als Jüngling geträumt. Und
945 1339 3679 1531 weisst Du, wie ich ihn vor mir sah? Den Degen Iocker in der
945 1479 3811 1670 Scheide, lachen, wenn Frauen zu seinen Füssen weinten, und mit
945 1618 3683 1810 leuchtenden Augen in seine grosse Zukunft schaun. - Und wie
933 1814 3779 1949 kläglich hat es sich erfüllt! Seine Freude war abends im Mond-
945 1949 3671 2101 schein spazieren zu wandeln, sanfte Melodien zu spielen auf
941 2073 3588 2272 dem Spinett - und am Ende wird er närrisch über das erste
933 2268 3679 2424 hübsche Gesicht, das ihm begegnet und vergisst seiner hohen
1579 2404 3209 2587 - Wenn er sie jemals geglaubt hat...
937 2416 1363 2599 Sendung
706 2547 2639 2727 Nerina: Gnädigste Prinzessin, man sagt...
702 2695 2133 2890 Helene: Was sagt man, Nerina?
702 2838 3707 3038 Nerina: Das junge Geschöpf wäre von dem Prinzen in der Hoffnung
941 3006 1431 3161 gewesen.
690 3157 3887 3368 Helene: Und was weiter? Es laufen mehr Kinder herum, die ihren Vater
941 3340 3671 3484 nicht kennen und sind mehr Weiber ins Wasser gegangen, ohne
941 3460 2184 3647 ihre Liebhaber mitzunehmen.
690 3600 2599 3779 Nerina: Gewiss, hat er sie sehr geliebt.
690 3759 1917 3926 Helene: Das ist es eben,
690 3922 1068 4094 Nerina:
1136 3895 3564 4086 Prinzessin, wenn Gefühle in unserer Macht ständen...
1148 4062 3596 4273 Ja, Du weisst was davon zu erzählen...Stille, Nerina,
690 4050 1112 4269 Helene:
929 4190 3635 4385 keine nicht... Ich habe sein Grab gesehn zum ersten und zum
909 4349 3799 4580 letztenmal - nun wollen wir gehn - (sie nimmt Blumen aus ihrem
921 4528 3540 4684 Gürtel) Ruh in Frieden, lieber armer, törichter Bruder.
913 4648 2567 4899 (Lässt die Blumen aufs Grab sinken.)
2037 4887 2256 5130 67 -
