3835 5464
452 346 2424 512 Etselt. Unseliger, was kommt dich an?
463 440 3440 711 Fr. Rl. Was soll dies Geständnis, bekandnis? Von allen Menschen
576 677 3549 843 auf Erden ist Binaparte der letzte den du Wahrheit schuldest!
583 775 3101 948 Nun kamst dis dich ja im deinen Kopf geredet haben!
452 858 3410 1084 Ehell. Und hättest dich wahrlich mit darin geredet. Wen
512 1076 3376 1227 belaget die bedarntis? Den General? Auch? Uns Beide?
486 1171 1449 1381 Fr. kl. Ehelt -!
463 1321 3489 1506 Med. Reinen! Du sahst mich gestern in Schlophof, Etzelt; und
493 1498 3354 1660 bener als ich selbst erkäutert, die, was mich wie einen
486 1596 3286 1795 Verlorenen umherjagte: ich war meiner that nicht werth
482 1735 3323 1961 weil andres in nur braute, als der Wille, ni ni vollbringen
470 1871 3286 2119 Fr. Rl. Ausstes -: Versteh ich dich -? Die Liebe zu der Un¬
523 2051 1671 2236 glücklichen, die die -
482 2119 3489 2360 led. Vielleicht, Wetter, war es mehr! Hass, Buniederius
452 2315 3143 2574 Schussicht flacherter in trüben Glüter im ihr Bild in
444 2450 3436 2740 meiner Seele. Doch als ich aus deinen hund vernaben
452 2631 3199 2883 thelt, daß ne die nur so puchtber und so gross
467 2860 3290 3052 erschreuen war - wie sie sich nun seinesen - ihrer
482 2943 3267 3199 Secretärs untien und des Kaisers Geliebte geworden,
474 3128 3297 3365 da sauk ihr Bild in nichts eisamen, die Glüter
474 3293 3346 3527 verloschen gah – und in einsamer Helle flammte
489 3440 3429 3692 der große Entschluss mir nieder auf. Ich war wieder
474 3640 3316 3888 nein, sein ersten hal war ich ganz ich selbst, meine
482 3801 3395 4118 That was rein, ich durfte né vollbringen – ciod so
523 3978 3327 4257 wollt ich auch. — Ihm hab ich ernarlet — Ehelt
493 4219 3316 4426 Mutter, glaubt es vier - ita - es aan die letzte
497 4392 3226 4603 Gelegenheit, die sich bot, und ich nur bereit:
523 4565 3417 4739 Da trat mit einem Male sie mir entgegen, sie
2254 4686 2714 4818 Narren
534 4724 3113 4938 die mich immer nieder zum Frauen meiner
565 4927 3203 5126 schicksals gemacht hatte - und michte mich
595 5051 1968 5352 un letzten Mal dazu
