4472 5464
729 598 4047 808 Eschenbacher: Haben Sie sich vielleicht auch gemeldet auf den neuesten
1006 771 1376 936 Auf ruf?
725 832 3866 1109 Berger: O keineswegs. Ich kann mein Geschäft nicht im Stich lassen.
1006 1026 3825 1257 Zum Umernandstehn und zur Soldatenspielerei bin ich nicht zu
997 1220 1323 1393 haben.
734 1372 3227 1545 Frau Klaehr: Es wird vielleicht keine Spielerei sein.
729 1521 3825 1714 Berger: Dann wird das Vaterland auch auf mich zählen können. Wenn
997 1657 3787 1867 die Franzosen wirklich vor den Thoren stehn wird der Johann
989 1822 2938 2015 Nepomuk Berger wissen, was er zu tun hat.
729 1949 3825 2184 Medardus: Na hoffentlich tritt diese äusserste Notwendigkeit nicht
1018 2098 1657 2320 an Sie heran.
725 2258 3965 2469 Berger: Möcht ich nicht so strikte behaupten, junger Held. Jedenfalls
1010 2403 3787 2572 ist heute der Bürgermeister und einige Herren vom Magistrat
1006 2584 3961 2778 zum Generalkommando beschieden, woselbst über die Verteidigungs
1006 2728 2102 2930 anstalten beraten wird.
717 2885 2683 3079 Eschenbacher: Woher wissen Sie denn das?
717 3037 3866 3235 Berger: Diplomatische Beziehungen, Meister Eschenbacher, haha, ich
1018 3182 3890 3404 weiss noch viel mehr. Morgen früh werden Sie schon lesen. Neu-
1006 3334 2337 3548 ester Bericht von der Armee.
713 3478 1768 3680 Frau Klaehr: Was denn?
701 3635 2675 3808 Eschenbacher: Ingolstadt war kein Sieg -
2460 3771 2683 3866 das
705 3763 3808 3973 Berger: Sie wissen schon? Das heisst, wissenschon recht viele.
981 3952 3895 4084 Aber auch bei Eckmühl war ein kleines Gefecht, das ist gleich-
981 4125 3853 4249 falls nicht glücklich ausgefallen, leider, lelder. Ja, Medar-
973 4233 2926 4418 dus, wir werden viel gut zu machen haben.
680 4364 2926 4570 Frau Klaehr: Lustig ist das ja im Grunde nicht.
2007 4542 2209 4632 send
993 4488 3899 4760 (Während dieser Szene ist Herr Berger, Frau Berger und Eschen-
993 4711 3899 4896 bacher am Tisch gesessen. Agathe sah zuweilen zum Fenster hin
2110 4908 2403 5213 - 23 —
