3512 5471
331 460 2558 779 (Der mit der Hellebarde bedroht ihn scherzhaft.
129 635 2942 954 dachshuber: Was fallt den Ihnen ein? Ein Morgenstern und eine
357 848 3106 1057 barde, das ist ein ungleicher Kampf. Da komm ich nicht auf!
338 1015 1939 1262 Habe die Ehre, meine Herren. (ab)
118 1152 2760 1425 stzelt: Das dumme Volkl Vird ihnen auch das zum Spass...
125 1319 1756 1543 Medardus: Vas hat das zu bedeuten?
114 1456 3049 1714 stselt: Seit heute morgens steht das Zeughaus offen, Vaffen wert
354 1669 3106 1813 unter das Volk verteilt, die Franzosen rücken unaufhaltsam
354 1771 3136 1973 näher. Wenn nicht alles trügt, Medardus, wirst Du bald spüre
376 1954 3254 2171 dass in dieser aufgewühlten Welt, Dein kleines Abenteuer nicht
373 2110 1285 2304 eben viel bedeutet.
125 2178 3185 2494 Hedardus: Ein kleines Abenteuert! Weisst Du, woher ich komme? Aus
430 2391 988 2497 der Armen.
365 2406 2266 2596 dem Schlafzimmer der Prinzessin Helene.
129 2551 1376 2786 stzelt: Der..Prinzesain...
103 2649 3125 2927 Medardus: Du denkst, ich lügel Es ist die Vahrheit, Etzelt! Und
373 2862 3189 3041 weisst Du, warum Du denkst, dass ich lüge? Weil auch Dir die
365 2965 3337 3212 Hochachtung vor der adeligen Sippe im Blut steckt! Keinen Augen
384 3140 3341 3452 blick würdest Du Dich wundern, wenn ich Dir ersählte, ich stahl
300 3311 2178 3531 mich eben von der Kammerjungfer fort.
80 3414 3090 3672 Etzelt: Schweiz-dech! Vas gehts mich an? Es war nicht Deine Art
376 3626 2011 3828 sonst, dergleichen auszuschwätzen.
91 3756 3014 3976 Medardus: Diesmal soll es meine Art sein- Lass mich nur reden
365 3923 2140 4151 ist ja doch nur eine xxxe vorübung.
95 4083 2053 4269 Etzelt: Du bist nicht bei Dir, Medardus.
308 4242 2725 4463 rdus: Hast Du vergessen, was geschah? Agathe war ihm
384 4406 3098 4600 schlecht, Etzelt, und daran hat sie sterben müssen! Aber
376 4573 3087 4748 es kommt eine Stunde, da zahl ichs ihnen heim! Die Diener
361 4717 3140 4896 ruf ich zusammen und die Mägde und schrei es durch den Flux
