3816 5432
529 533 3288 691 und die Herzogin von Valois die Erlaubnis zur Rückkehr nach
174 552 513 891 a f f f
529 644 3234 849 Frankreich zu erbitten. J.Einer Dame, die in so hoher Gunst
521 814 3280 1003 bei ihm steht, wird der Kaiser der Franzosen diese Kleinig-
1918 961 3214 1165 die rechtmässigen Besitzen xxx
536 949 1752 1154 keit nicht verweigern...
239 1096 3342 1289 Herzogin: Ich bin eine Frau, Assalagny - und der Herzog ist blind
533 1273 3234 1432 und krank - und der Marquis ist weit... xxxnere Hoff¬
247 1408 3195 1625 Assalagny: Auch der Marquis wird sich in Umstände zu fügen ver-
533 1563 3114 1736 stehn, die ihm wahrscheinlich das Leben gerettet haben.
255 1698 3319 1964 Herzogin (immer mehr erschüttert): so also endet der hohe Traum
533 1895 2107 2084 des Herzogs von Valois! -
2940 1856 3164 2061 monte
266 2053 3207 2199 Assalagny (etwas erstaunt): Frau Herzogin - noch ist die Zeit
259 2199 494 2408 G.C.F.P.
533 2157 3299 2354 nicht fern, da Sie selbst den Herzog anflehten, einen Traum
552 2315 3326 2508 aufzugeben, der die Bürde, die xxxx Gefahr und die Heimatlo-
560 2477 2115 2674 sigkeit Ihres Daseins bedeutete.
266 2639 3253 2836 Herzogin: Und unseres Geschlechtes letzten und edelsten Besitz.
544 2782 3349 2979 Nun freilich ist er nichts andres mehr, als ein Spielball in
552 2940 3241 3137 den Händen von Aichim und Dirnen — ###
2508 3183 3295 3434 Dres Geschlechts.
259 3234 1231 3473 Helene (tritt auf).
2400 3373 3292 3600 vielball in den Hän-
478 3430 1073 3554 Nun freilich
702 3523 2520 3724 Meine Mutter! - (Sie eilt auf sie zu)
266 3508 629 3728 Helene:
2612 3558 2863 3701 our sui,
2940 3565 3237 3693 ie, xxx
259 3666 3349 3828 Herzogin (spricht weiter zu Assalagny) und Helene): So führt denn
1482 3801 1729 3878 Cultr
536 3824 3477 4025 zu Ende, was Ihr begonnen! Begleitet den Herzog nach Frankreich
563 3920 3403 4171 ...mietet Pöbelhaufen, dem Narrenkönig zu xxxjubeln auf seinem
552 4129 3427 4337 Weg...und setzt am Ende eine Messingkrone auf sein unglückse-
529 4295 3349 4495 liges; geschmähtes Haupt! Ich werde von all dem nichts mehr
529 4453 3230 4654 hören und nichts sehen... Ich bleibe hier, in meines toten
533 4611 3303 4812 Sohnes Nachbarschaft. Tiefer begraben als er sind die andern
1250 4773 1578 4970 Tochter
