3739 5512
2109 673 2448 804 ware
326 653 3276 955 Laffraye: Wenn er wirklich nichts andres ist, was sind dann wirt
1885 849 2126 955 were a
555 832 3337 1106 Uebrigens fürcht ich nicht für den Herzog, sondern für dem Vi-
73 1044 3350 1236 maquis comte. Sie wissen es. Oder glauben Sie, dass die Polizei Napo-
1816 1151 2138 1253 charge
534 1175 2787 1375 leons jemals die Spuren des Vicomte verloren hat?
294 1310 3317 1510 Dagusan: Seit Jahren lässt man ihn in Frieden; - mit gutem Grund.
526 1432 1391 1624 Er ist Privatmann.
812 1550 1746 1701 strais vielleicht.
302 1644 3125 1852 Laffraye: Aber seit einer Stunde ist er der Schwiegersohn des
526 1758 1775 1954 Herzogs von Berrs Valors
2758 1865 3040 2036 schen
294 1958 3280 2187 Dagusan: Was Napoleon unmöglich in diesem Augenblick wissen kann.
526 2081 2538 2293 Und heute Abend sind wir alle in Sicherheit.
277 2199 1914 2407 Laffraye: Sind Sie überzeugt davon?
294 2403 3244 2628 Dagusan: Ja. Renault ist ein Genie, sonst müsst er längst gehängt
526 2530 877 2693 sein. -
669 2827 1171 2974 Marvier
473 2889 2995 3170 Der Vieemte (aus dem Garten.) Laffraye und Dagusan.
306 3052 755 3207 larquis
269 3158 3227 3337 Vicomte: Guten Morgen, Laffraye. - Haben Sie Result heute schon
490 3309 1040 3472 gesprochen?
1726 3346 2142 3529 charpes
265 3484 3244 3660 Laffraye: Ich komme soeben, Herr Vicomte und bitte um Verzeihung,
486 3607 1036 3770 dass ich...
351 3701 747 3835 fragner
269 3766 3186 3945 Vicomté (unterbricht ihn): Es ist gut, Laffraye, Sie waren wohl
486 3929 1118 4084 in der Stadt?
1167 3945 1628 4145 Marpins
228 4035 3219 4292 Laffnaye: Nein, Herr Vicomte. Ich glaube übrigens nicht, dass die
473 4215 1656 4415 Tore schon geöffnet sind.
335 4288 800 4468 Maquis
233 4345 3305 4537 Sie werden sich wohl bald auftun müssen, für den Einmarsch
461 4582 3191 4741 der französischen Regimenter. Dieser neue Triumph Bonapartes
449 4680 3138 4896 macht seine kleinen Unglücksfälle in Spanien alle wett. Ich
441 4814 3158 5071 glaube, meine Freunde, dass wir, wenn wir nach Frankreich ge-
1730 5076 2020 5304 154 -
