3592 5224
1931 125 3203 448 M. Pfelder
1216 190 1773 408 Wird
376 145 937 468 Wm
468 452 832 703 ..
359 674 3275 864 zu schlechte Münze wird, bis es zum zahlen kommt. So schlecht,
1074 788 1264 884 wurde
884 804 1042 897 auch
380 816 2557 1018 dass Du Dich schämen müsstest, es hinzuwerfen!
141 836 3393 1216 Redardus: Itzelt, hilf mir! Ich bin verwandelt! Ich gehöre nicht mehr
368 1147 2229 1337 mir selbst, ich rase durch einen Traum!
145 1280 3235 1498 stzelt: Ich will Dir ein Wort hineinrufen, dass Du erwachst. Bona-
384 1418 3413 1591 parte ist auf dem Wege nach Vien., der, den Du am meisten gehasst,
388 1595 3481 1793 unter allen Menschen, die leben. Hörst Du mich, Medardus.... Bincken
149 1729 2787 1971 Hedardus: Einen Schall hör ich,.Etzelt...einen Schal...
1010 1870 2181 2120 Medardus und Etzelt ab.)
400 2068 3227 2314 (Es kommen wieder Leute mit Vaffen, die meisten gehen im Hinten,
388 2266 3162 2456 grund über den Platz, einige kommen durch die enge Strasse.
388 2403 2698 2617 (Aus der Gartenpforte treten zwei Diener heraus.)
101 2548 2221 2791 Erster Diener: Ja, was gibts denn2###
121 2742 3271 2977 Zweiter Diener: Schau, was die für Waffen tragen. Was ist denn das
396 2912 1260 3069 für ein Regiment?
105 3005 2492 3243 Erster Diener: Das sind keine regulären Soldaten.
868 3170 2516 3393 (Nerina tritt aus der Gartentüre.)
860 3284 3308 3594 Guten Morgen, Fräulein Nerina. Schaun Sie sich diese
121 3328 796 3558 Erster Diener:
412 3510 1506 3671 sonderbaren Figuren an.
113 3627 2383 3837 Zweiter Diener: Die kommen ja vom Zeughaus her.
113 3796 3279 3974 Erster Diener: Es heisst, sie lassen jetzt auch die Gefangenen aus
994 3926 1296 4043 genns
408 3942 2019 4144 nur damit sie mehr Soldaten haben.
133 4059 3304 4309 Zweiter Diener: Es wär gut, wenn die Franzosen schon endlich kämen,
674 4212 1757 4326 evens plus médecieux
404 4277 1494 4479 da gäbe mehr ordnung ###
2225 4253 2896 4479 so ein Strolch
121 4426 3154 4604 Erster Diener: Ich glaub doch, dass gestern einer versucht hat,
1959 4531 2157 4624 up
400 4576 3284 4802 sich in den Garten zu schleichen. Er hat sich batt wieder über
388 4717 1587 4943 die Mauer davon gemacht.
