3828 5929
278 956 1424 1135 um ein Uhr in der Nacht
1409 925 1801 1154 geschehn.
430 1070 1424 1180 sans vermeubles, suivies,
122 1070 2383 1355 radl: Sie haben halt Angst gehabt, dass es doch
324 1302 2783 1466 te, wenn das Begräbnis bei herzlichtem Tag stattgefunden.
324 1435 2722 1622 Darum darf ja auch nicht gesprochen werden am Grab
141 1523 495 1763 Baye
522 1553 2890 1820 Ja, seit Aspern sind sie ein bissel dasig geworden
247 1717 940 1923 Herrschaften.
122 1820 396 1972 chreuble
225 1854 1858 2071 Ihre gut lassens an uns aus...
2037 1873 2741 2098 ferei kwamer
103 2018 2909 2254 iderl: Ja, das ist wahr. Bei uns logieren drei Offiziere von
289 2151 2951 2383 Oud inetischen Regiment. Das sind so weit ganz bescheidene
88 2330 2977 2559 liebenswürdige Herren gewesen. Jetzt kann man ihnen nicht
76 2463 255 2604 even
301 2513 3038 2650 mehr recht machen. Kaum dass sie einen noch grüssen. Ich kei-
282 2654 2962 2882 doch Meinerseel nichts dafür, dass wir bei Aspern gesiegt
293 2810 621 2974 haben.
88 2917 1135 3164 Dumau Föderl:/ Dumukopf.
69 3069 2616 3313 höderl: Du, das möcht ich mir verbieten - an Friedhof.
99 3217 3153 3438 redl: Aber ist das nicht merkwürdig, dass sich seit Aspern nichts
286 3408 3183 3610 rührt. Ich kann das gar nicht begreifen, warum wir unsern Sieg
225 3537 3153 3808 nicht ausnützen. Untergessen erholt sich der Napolson wieder.
225 3689 2917 3922 es kommen ja immer wieder neue Truppen angerückt, und wir
259 3861 1477 4021 verlieren die beste Zeit.
80 3994 308 4192 shreuen
407 4017 3099 4264 der: Ja, es ist schaff, dass Sie nicht im Kriegsrat sitzen.
628 4162 2056 4360 cherzog Karl wird schon wissen und
