3763 5544
1782 579 2346 851 Auszug
1087 647 1634 859 ZWEITZ
1039 823 1638 951 ¬ ̃ ʀ ʒ  ==============
1926 807 2382 951 enno.......
1095 1035 2194 1323 Erste Szene.
152 1315 3137 1563 Zimmer bei Klaehrs wie in ersten Bild des Vorspiels. In Brker A
148 1551 3065 1730 Berger vor dem Körbchen mit den Nähsachen. Vorn im Zimmer Frau
144 1698 2086 1954 die eben von Frau Klaehr Abschied nimmt.
144 1950 3277 2162 Frau Berger: Also meine liebe Frau Klaehr, jetzt müssen wir doch
440 2166 3217 2346 leider weggehn. Gott tröste Sie! Gott triste Sie! Man kann
432 2242 3449 2526 halt nichts andres sagen. (Zu Anna) Annerl...wir müssen gehn,
456 2454 1351 2669 es ist Essenszeit.
144 2542 3357 2809 Anna: Ich werd ja doch keinen Bissen herunterbringen, Mutter. Lass
448 2761 2733 2985 mich lieber hier, wenns die Frau Klaehr erlaubt.
164 2909 2062 3145 Frau Klaehr: So lang du willst, Annerl.
1399 3005 2378 3141 also neder einmal
152 3085 2797 3305 Frau Berger: So soll ich ganz allein bei Tisch sitzen?
168 3233 1491 3449 Frau Klaehr: Und Ihr Mann?
164 3377 3229 3605 Frau Berger: Dass der zur rechten Zeit zu Haus sein sollte, das
827 3517 1630 3629 glaub ich nicht
448 3533 3209 3748 ist mir nicht recht wahrscheinlich, wenn er überhaupt kon-
440 3677 3413 3876 Die Stadt ist so voll von Neuigkeiten, Er könnte an End irgend
168 3764 787 3992 eine nenighert
492 3840 3241 4028 ras um eine halbe Stunde später erfahren als wer anderer; -
448 3984 3421 4196 das tät er nicht verschmerzen. Schon wie wir vom Friedhof heim
448 4164 3353 4364 sind, beim Burgter hat er sich verzogen. Also willst wirklich
444 4304 1343 4464 dableiben, Annerl?
551 4364 2050 4532 schon nicht doch veran. bei Ver¬
1455 4488 2897 4696 verweint, so kann ich je gar:
344 4488 1303 4708 Ich bin ja auch!
444 4616 1051 4867 die Strasse.
