3736 5416
1956 416 2302 636 fulest
479 405 3209 774 die andern nicht werden xxx und ganz zum Schluss opraun er zu
479 676 3228 970 mit der Frau Vacomt###geb., - länger, viel langer xxx mit den
499 837 892 1037 anderns
204 970 1634 1190 Assalagny: Sie zitterte auch?
192 1143 3224 1367 Nerina: O nein, sie nicht. Sie war ganz blass, aber sie zitterte
483 1324 3291 1516 nicht. Und sie blieb ganz regungslos stehn, wahrlich wie ver-
471 1430 3350 1693 zaubert.. als er sich von ihr abgewandt hatte und den Saal ver-
487 1618 3244 1834 liess. Und denken sie, Doktor Assalagny, da merkte ich, dass
2003 1756 2243 1885 starr
475 1763 3382 1952 in ihren Augen ganz derselbe drohende Glanz war, wie in denen
475 1924 3338 2180 des Kaisers. Als wenn sie Geschwister wären. Ist es nicht son-
487 2046 848 2227 derbart
1614 2137 2502 2372 beelt sich roeben
200 2270 2514 2549 Diener (rasch): Die Herzogin kommt in den Garten.
778 2415 1363 2565 erhebtrich
786 2506 982 2627 Wie?
200 2478 715 2667 Assalagny:
742 2518 1661 2679 Es ist, wie ich sage
192 2635 3346 2812 Diener: Die Herzogin hat eben ihr Zimmer verlassen und kommt in dem
463 2737 1210 2969 Gartenheimth
189 2804 2510 3083 Assalagny: Die Hersegin? was hat das zu bedeuten?
185 3063 2427 3291 Nerina: Zum erstenmal wieder seit drei Monaten?
185 3240 2294 3429 Zweiter Diener (kommt rasch): Die Herzogin!
181 3338 2600 3566 Assalagny: Geht. Geht. Ich werde sie hier erwarten.
456 3535 3240 3774 (Die andern bleiben stehen bis die Herzogin kommt. Dann ver-
467 3696 2341 3935 beugen sie sich tief vor ihr und gehen.)
1606 4045 2066 4363 Herzogin.
1021 4128 1430 4391 Assalag
1406 4289 2345 4587 verbeugt sich tief).
169 4308 1284 4603 Assalagny (ihr entgegen)
1610 4521 2455 4772 in tiefer Trauer):
165 4528 1547 4768 Herzogin (aus dem Gartensaal
444 4713 1029 4909 schehen, von
157 4866 844 5086 Assalegnyt Dito
