3803 5384
452 456 3273 837 (In diesem Augenblick öffnet sich oben die Tür. Die Garden
452 742 3206 1060 präsentieren. Alle im Hof haben die Blicke nach der Tür ge¬
431 878 915 1094 richtet.)
3165 862 3364 1052 -
1400 915 3509 1243 der Herrys. So dürft ich ja wieder.
149 990 572 1222 stimmen:
621 1027 1839 1255 Da kommen sie... Da sind
1856 1102 2084 1222 sie.
1852 1172 2088 1284 G.C.F.P.
2067 1127 3397 1350 Könnten Mächte e/ darum - daran
439 1181 3099 1442 (Aus der Türe treten die Abgesandten: Fürst Lichtenstein,
418 1400 3144 1657 Graf Bubna, General Meyer, und gehn über die Treppe rechts
2933 1321 3289 1537 von dem
398 1520 2382 1732 hinab. Während sie über die Stiege gehn):
116 1611 3364 2009 Stimmen: Der Grosse ist der Fürst Lichtenstein.. Und der...? Der all¬
385 1777 1823 1984 Bubna –? Der General Meyer!...
87 1889 3306 2266 Eine vereinzelte Stimme: Frieden! xxxreingesehn... Das beweist gar
91 2088 489 2287 stimmen:
539 2109 3496 2394 Ruhe!...Frieden!... (Anwachsend) Friedent... ###sicht gemacht.
3244 2146 3517 2295 en lisant
79 2245 3409 2490 Eine Stimme: Es lebe unser Kaiser Franz! —
79 2415 3094 2659 Stimmen: Es lebe unser Kaiser! Friede! Wir wollen Frieden!...Es
344 2606 3177 2850 lebe Kaiser Franz!... Hoch der Kaiser Napoleon - Frieden!...
348 2693 915 2900 Frieden!...
356 2883 3144 3169 (Die Abgesandten entfernen sich rechts, viele drängen ihnen
327 3016 766 3244 nach.)
2457 3115 3227 3368 Pfiziere, Würden-
352 3202 3057 3496 (Medardus und Etzelt standen vorn; Etzelt bewegt, Medardus
331 3335 1487 3587 beinah unbeteiligt.)
3065 3347 3297 3542 P.S.
17 3451 381 3683 Etzelt
2879 3505 3310 3683 der Trep-
468 3480 3090 3766 Hörst Du's, Medardus? Frieden rufen sie! Er ist nahl Die
315 3687 3070 3956 Tage der Ordnung kehren wieder - wir wollen sie nach Gebühr
323 3857 2949 4060 empfangen und auch Ordnung machen in uns selbst. - Da Du
1268 3952 1541 4056 part
170 3993 2991 4254 Dich endlich erkannt, Iass Dein letztes Abenteuer gewesen
1172 4114 1578 4229 endlich.
294 4171 2987 4341 sein - - Nimm Dich nur, wie Du geschaffen bist/- Medardus.
2390 4300 2949 4424 immer
282 4296 3016 4495 Deine Mutter wird wohl zufrieden sein, und Einer, der Dein
592 4399 978 4528 geneven
265 4408 2949 4669 Freund ist, nicht minder! Es ist an der Zeit heimzukehren
2999 4474 3181 4673 des
265 4565 1127 4747 Medardus!  die
1442 4590 2647 4818 gemischt hat, die früher der
244 4635 3264 4950 Berger (herbei) Wissen, Merz, Lgert, Ehebl.
348 4859 3161 5083 habiten und sind geschäftigt der Rathskeiten Lach¬
286 4967 2572 5273 Eheelf. Wie in der Wertstuhr
