3747 5576
493 634 2648 943 stiege, der Gatte folgt grimmig und verstört.)
164 880 3266 1091 Ein Bettler (zu der Gruppe rechts): Bitt schön, ein Almosen. Ich
497 1033 3325 1275 bin von Aspern. Mein Haus und Hof ist abgebrannt. Fünf Kinder
465 1181 2777 1400 hab' ich zu Haus, die schlafen in einer Schupfen.
1220 1349 2147 1553 (Er wird beschenkt.)
133 1451 3262 1737 Bradl: Hab selber nichts... Das ist schon nicht mehr zum aushalten,
473 1682 3340 1913 mit der Bettelei..Es ist ja schon ein wahrer Geschäftssweig..
485 1784 1780 1999 Die Hälfte sind Schwindler.
536 1983 3278 2159 (ist aben hekzuget(eten): Oh, in Aspern da siehts gar trau-
145 1932 462 2179 Berger
1967 2104 2163 2198 re gère
481 2132 3321 2339 rig aus...Ich hab mir gestern angeschaut..die gaas Gegend...
137 2261 508 2445 Einige:
559 2300 3012 2488 Ah... In Aspern waren' S'? - Ich war auch neulich dort.
129 2417 3254 2605 Berger: Schutt und Asche überall, nackte Mauern und 9- keine ganze
450 2593 3285 2765 Fensterscheiben und die Felder zertreten, da wachst in Jahren
450 2742 3188 2949 kein Halm mehr... Und das interessanteste und... das ergrei-
450 2906 3266 3059 fendste - da sind die aufgeworfenen kleinen und grossen Erd-
462 3027 2730 3262 hügel, wo unsre braven Soldaten drunter liegen...
117 3156 1780 3407 Schreubler: Und die andern auch...
121 3360 434 3548 Weber:
497 3387 2136 3555 Sind auch brav gewesen die andern.
110 3508 2452 3708 Bradl: Und wären manche lieber bei uns gewesen...
51 3677 3188 3896 Frau Föderl: Ich begreif nur nicht, dass Sie sich so was trauftes
426 3821 3113 4021 noch auschaun gehn, Herr Berger. Dass Sie zu so was aufge-
426 3966 3266 4150 legt sind! Wo doch Ihr armes Töchterl erst vor vierzehn Tagen
438 4126 1130 4322 gestorben ist.
516 4279 3160 4471 drad darum, grad darun. Ich versicher Ihnen, Frau Föderl,
110 4271 477 4494 Berger:
426 4412 3262 4580 das is eher ein Trost. Schauns, ich denk mir halt immer, mein
1717 4557 2664 4670 von den unglückselnen
426 4584 3289 4807 armes Annerl, das ist nicht auch ein Opfer-des Kriegs-Es-Muss.
419 4776 3012 4959 ihr sehen so bestimmt gewesen sein. Denn hat sies nötig
419 4897 3356 5175 g'habt? Aber wann sich ein junges Mädel was in den Kopf setzt...
