3779 5496
529 525 3487 872 (Die Leute, die den Abgesandten nachdrängten, kommen allmählich
518 728 1016 946 zurück.)
1603 774 2249 961 selt. Habe die
2366 794 3144 1020 Jzre, Herr Etzelt.
241 903 3304 1148 Stimmen: Haben Sie den Bubna angeschaut -? Der Lichtenstein hat
553 1074 3459 1327 ganz zufrieden ausgesehn.. Glauben Sie -? Das beweist nichts-
237 1214 3261 1451 Es wird nichts sein - Oh ja - Vielleicht ist schon unter-
381 1327 3374 1603 schrieben - Die Bedingungen!..Es ist ja furchtbart... Gruss
494 1549 3362 1806 Der Lichtenstein...! Wird geschossen, wenn der Friede unter¬
483 1658 3288 1926 zeichnet ist -? Natürlich! - Alle Glocken läuten - Damals
486 1813 1152 2031 wars auch so!
1483 1841 2545 2023 macher, so, da und da...
483 1969 3409 2237 (Indes begannen die Gäste zu erscheinen: Offiziere, Würden-
463 2140 3335 2370 träger, einige mit ihren Frauen. Die Gardisten schaffen Raum
463 2276 3331 2580 für sie, insbesonders an der Treppe, wo immer Leute aus der
179 2448 2872 2669 ###ergerMenge den Versuch machen, die Stufen zu besteigen.)
195 2568 397 2747 G.C.F.
416 2607 3171 2833 (Einige von den "Erscheinenden werden mit Zurufen begrüsst
163 2739 1128 2953 und danken.)
2167 2806 2841 3024 angeseigt hat!
171 2891 2171 3179 Medardus (ist in der Menge verschwunden).
2222 2961 2592 3109 recht...
175 3047 1424 3265 Wachshubert Polizei, Garde
642 3210 977 3366 G.F.P
1105 3187 1595 3374 isten haben
171 3230 1922 3494 Wachshuber (ist von links gekommen).
160 3475 2101 3708 Etzelt (gewahrt ihn und geht auf ihn zu)
2222 3490 3214 3775 Übereicht die Situ-
136 3673 3230 3911 Etzelt: Oh, Herr Wachshuber, sieht man Sie endlich wieder einmal!
132 3852 2428 4039 Wachshuber: Der Herr Etzelt - oh! Hab die Ehre!
3043 3899 3214 4055 rare
136 4004 3265 4234 Etzelt! Ich hab gemeint Sie sind abgereist, Herr Wachshuber - weil
136 4140 3195 4378 Wachausie in der letzten Zeit so ganz unsichtbar geworden sind.
2164 4308 2432 4475 re
409 4292 2230 4494 (Andre drängen näher, darunter Berger.)
490 4455 2498 4666 Ah, der Herr Wachshuber! Schahn... Mit der
113 4627 3226 4837 Stimmen: Der Wachshuber! - Wert - der Wachshuber - der den Eschen-
117 4775 3152 4950 Wachsbacher angezeigt hat? - Ah! Der ists? - Was macht denn der
545 4926 1416 5113 gen. Mir kann niemand
2343 4942 2907 5121 gehört das De
1510 5047 1735 5312 -261
