3688 5320
414 469 2920 724 von der Kapitulation her ein Kriegsgefangener sind...
143 613 3294 899 Medardus: Grad mich - von den paar Tausenden gerade mich? Ah nein,
422 788 3183 1011 mir geschieht nichts.. da können sie ganz ruhig sein, Herr
422 995 812 1210 Berger.
143 1030 2940 1317 Frau Berger: Das Annerl lasst Sie schön grüssen, Medardus.
2145 1225 2590 1325 weiam
123 1265 3231 1496 =Medardus: Dank xxx. Das arme Kind, an diesen wunderschönen sondern, so
426 1424 3247 1647 mertage - unter Kranken und sterbenden, in so düsterer Umge-
450 1572 2272 1810 bung, - mit so gräselicher Arbeit...
179 1707 3374 1981 Berger: Ich sags auch: hat sies nötig?... Uebrigens von dem schönen
2813 1814 3314 1930 erst'schen.
454 1858 816 1973 I imperte
450 1838 3255 2049 Wetter haben wir alle nicht viel. Mit Landpartien hat sichs
151 2017 808 2220 nichts in den
462 1969 3330 2244 aufgekört... Weiter als bis Hütteldorf dürfen wir ja gar nicht
446 2176 3338 2395 heraus... Meine Herrschaften, wir sind im Grund doch alle Ge-
450 2351 3302 2503 fangene... Jetzt soll gar noch eine neue Zwangsanleihe einge-
462 2475 3294 2662 hoben werden. Ich frage nur woher mir werde noch alle betteln
454 2622 3159 2825 gehn, sag ich Ihnen, Frau Klaehr! Und was man so vom Land
454 2761 3477 3012 draussen hört. plündern tun sie und Häuser anzünden V... Was hat
466 2944 1743 3227 man da vom schönen Wetter
191 3199 3374 3597 Etzelt (herein): Guten Morgen. - Eben höre ich, dass sie den Peter
485 3489 2566 3736 Tell freigelassen haben, noch gestern abend.
187 3672 1369 3847 Berger: Ist es möglich?
199 3728 2347 4023 Frau Klaehr: Und den französischen Offizier?
191 3979 1966 4178 Etzelt: Den selbstverständlich auch.
203 4042 3366 4297 Berger: Ich sags ja, der gute Ville zur Gerechtigkeit ist nicht zu
489 4229 3378 4452 verkennen... Und der Respekt... Sie fangen xxx zu spüren###it
847 4373 1568 4508 wissen sie halt.
458 4412 3207 4635 Aspern mit wemstes zu tun haben!... Ja man muss durch Elis¬
442 4580 3195 4739 Asnam... Ja, der Erzherzog Karl- das ist schon einer...
466 4687 3052 4973 even man mir nicht, worauf er jetzt wert?
1782 4846 1969 5069 57 —
