4424 5448
994 556 3918 821 Jedes Menschenkind nach Belieben verfügen. Auch ohne eines Bru-
970 741 2504 970 ders oder eines Pfarrers Segen.
809 890 3918 1168 Medardus: Etzelt, Du sprichst von meiner Schwester. Lass Dich von
1007 1051 3406 1256 Deiner verdammten Philosophie nicht zu weit locken.
821 1196 3926 1417 Etzelt: Besser zu weit als auf einen krummen Weg. Dass heute noch
1003 1329 3918 1558 so törichte Sorgen in Dir wühlen, ich hätte es nicht erwartet.
999 1510 4006 1675 Tu sie ab von Dir, Medardus. Mir ist, als müsste Einem, der eben
1019 1651 3865 1856 auszieht, das Vaterland zu retten, grösseres am Herzen liegen.
825 1772 3990 2053 Medardus: Wohin entschlüpfst Du mir? Willet Du mir sagen, Du Zweif-
1011 1985 4050 2126 ler und Philosoph, dass Dir eben das als etwas Grosses erscheint?
1031 2122 3829 2363 Ich glaub es Dir nicht. Ich glaube, im tiefsten Deiner Seele
1011 2271 2589 2484 lachst Du über mich und uns alle.
833 2396 3994 2621 Etzelt: Du irrst. Ich bewundere Euch. Nicht die bewundere ich, Me-
3096 2524 3563 2637 geleitet
1019 2609 3914 2786 dardus, die vorangehn von leuchtenden Blicken gefolgt, und von
1023 2750 3922 2899 der winkenden Unsterblichkeit gerufen, - vor jenen andern neig
1035 2891 3914 3056 ich mein Haupt, Medardus, den Hunderttausenden, von denen auch
1023 3044 3958 3213 Du Einer bist und von denen jeder bereit ist, namenlos mit tau-
1043 3161 3970 3362 sen andern Namenlosen, in ein frühes Grab zu sinken, - oder aus
1023 3362 4022 3479 Müh, Gefahr und Pein, schlecht belohnt, in die ruhmlose Dämmerung
1035 3450 4010 3660 des Alltags heimzuschleichen. Einen Frühling säen, von dem keine
1035 3632 3966 3821 Blüten Euch zieren, und dessen Duft vielleicht nur über Eure Grä-
1031 3817 3008 3950 ber streichen wird, das scheint mir gross.
1047 3905 3994 4167 (Vor den Fenstern draussen beginnt Unruhe, Fakellicht fällt in
1031 4111 1872 4296 den Hintergrund.)
3297 4103 4139 4304 The Große, die di in
841 4203 4075 4449 Medardus: so nimm Deine Bewunderung zurück, Etzelt. 80 gross bin ich
1236 4368 2106 4497 ist mitnicht eigen,
1031 4417 4030 4622 nicht, wie Du meinst. Wer sagte Dir, dass ich namenlos untergehn
1031 4574 3873 4755 will mit den Andern? Deine Worte leuchten mir greil in einen
1043 4658 4087 4944 Winkel meiner Seele, aus dem ichs bis zu diesem Augenblick selbst
2271 4912 2537 5150 — 47 -
