3528 5567
852 980 1895 1164 DRITTER Akt.
1044 1120 1895 1288 .....,  ==================
800 1416 1907 1695 Erste Szene.
120 1627 2987 1911 exentuelle Aufführung wird folgende Vereinfachung des Bühnen-
952 1851 1987 2071 bildes vorgeschlagen.
136 2011 2451 2279 Bastei zieht gerade über die Bühne, in einer Höhe
2583 2083 2899 2299 etwa
84 2239 2991 2423 3 Meter über dem Bühnenniveau. In der Mitte ist das Burgtor ge-
84 2379 3023 2563 acht, die obere Wölbung ist eben noch sichtbar. Gerade über dem
76 2499 2935 2663 auf der Bastei eine erhöhte Schanze. - Rechts vom Tor führt
64 2627 2943 2843 ne Stiege zur Bastei. Sie kommt aus der Tiefe, wo die Strasse
72 2771 3007 3015 dacht ist, etwa zwei, drei Stufen über dem Bühnenniveau, macht
764 2927 1116 3039 silvet
72 2947 2707 3131 e ein Knie und hier ist eine etwas erweiterte Plattform.
1947 3067 2243 3167 wieder
520 3027 3087 3311 Manche von den Vorgängen, die auf die Strasse verlegt
120 3251 3083 3491 sind, werden sich nun auf den Stufen, auf der Plattform, eventuell
96 3375 3315 3607 der Bastei selbst abspielen. Auf der Plattform hält eine hiefür
124 3563 596 3663 penadier
88 3511 3075 3807 gergarde Wachs. - Manche von den Vorgängen auf der D###stet, wor-
2287 3671 2627 3783 reluys
100 3719 300 3799 I am
108 3731 3079 3943 nun auf die erhöhte-Schanze über dem Burgtor, verlegt. Einzelne
2719 3831 3115 3971 richtbar
68 3919 2975 4039 von den Massenszenen werden sich weiter auf der Strasse unmittel-
60 3971 3079 4227 dar abspielen, doch so, dass die Stimmen, wie aus der Tiefe herauf-
52 4163 2699 4363 ringen. Die durch dieserleisten  Nühnenbild notwennt
1188 4331 1843 4571 ten von Fall zu
360 4347 1016 4559 Veränderungen.
