<?xml version="1.0" encoding="UTF-8" standalone="yes"?>
<PcGts xmlns="http://schema.primaresearch.org/PAGE/gts/pagecontent/2013-07-15" xmlns:xsi="http://www.w3.org/2001/XMLSchema-instance" xsi:schemaLocation="http://schema.primaresearch.org/PAGE/gts/pagecontent/2013-07-15 http://schema.primaresearch.org/PAGE/gts/pagecontent/2013-07-15/pagecontent.xsd">
    <Metadata>
        <Creator>prov=READ-COOP:name=TrHtr:version=2.1.0:model_id=51170:date=15_08_2023_10:00</Creator>
        <Created>2023-05-10T15:10:57.849+02:00</Created>
        <LastChange>2023-08-15T10:00:40.667+02:00</LastChange>
        <TranskribusMetadata docId="1429033" pageId="55435813" pageNr="183" tsid="132846360" status="IN_PROGRESS" userId="64420" imgUrl="https://files.transkribus.eu/Get?id=RXMIPKCUATLTFWCUJJSAWKAC&amp;fileType=view" xmlUrl="https://files.transkribus.eu/Get?id=DQDOIYGUJTSKHCFNJEJCEHUA" imageId="44709803"/>
    </Metadata>
    <Page imageFilename="1429033_0183.jpg" imageWidth="3832" imageHeight="5512">
        <ReadingOrder>
            <OrderedGroup id="ro_1711800297700" caption="Regions reading order">
                <RegionRefIndexed index="0" regionRef="tr_1"/>
                <RegionRefIndexed index="1" regionRef="tr_2"/>
            </OrderedGroup>
        </ReadingOrder>
        <TextRegion id="tr_1" custom="readingOrder {index:0;}">
            <Coords points="375,582 3447,582 3447,2783 375,2783"/>
            <TextLine id="tr_1_tl_1" custom="readingOrder {index:0;}">
                <Coords points="639,647 1137,712 1447,639 1776,766 2809,758 2951,677 3437,762 3433,589 3299,566 639,566"/>
                <Baseline points="662,638 751,632 841,632 930,632 1020,632 1109,638 1199,638 1288,638 1378,644 1467,644 1556,644 1646,644 1735,644 1825,650 1914,650 2004,650 2093,650 2183,656 2272,656 2362,656 2451,662 2541,656 2630,662 2720,662 2809,662 2899,662 2988,662 3078,662 3167,662 3257,668 3346,674 3436,674 3447,674"/>
                <TextEquiv>
                    <Unicode>datentod gewesen - magst Du ihn auch nur zu eigener Sühne ge-</Unicode>
                </TextEquiv>
            </TextLine>
            <TextLine id="tr_1_tl_2" custom="readingOrder {index:1;}">
                <Coords points="639,838 884,865 995,827 1060,869 1405,831 1462,869 1500,857 1500,754 1347,697 1275,735 1106,693 1007,735 942,700 831,704 754,655 674,708 635,697"/>
                <Baseline points="662,787 751,787 841,787 930,787 1020,793 1109,793 1199,793 1288,793 1378,799 1467,793 1509,793"/>
                <TextEquiv>
                    <Unicode>sucht haben.</Unicode>
                </TextEquiv>
            </TextLine>
            <TextLine id="tr_1_tl_3" custom="readingOrder {index:2;}">
                <Coords points="360,987 3437,1076 3433,903 3273,811 2859,896 2725,800 1849,892 356,831"/>
                <Baseline points="381,954 471,942 560,942 650,942 739,942 829,936 918,942 1008,942 1097,942 1187,942 1276,936 1366,942 1455,942 1545,942 1634,942 1723,942 1813,942 1902,948 1992,948 2081,948 2171,948 2260,948 2350,954 2439,954 2529,954 2618,954 2708,960 2797,960 2887,960 2976,966 3066,966 3155,966 3245,972 3334,966 3424,978 3442,972"/>
                <TextEquiv>
                    <Unicode>Medardus: Was - hätt ich zu sühnen, Etzelt?... Warum sollt ich den</Unicode>
                </TextEquiv>
            </TextLine>
            <TextLine id="tr_1_tl_4" custom="readingOrder {index:3;}">
                <Coords points="655,1141 712,1137 785,1171 911,1118 1018,1152 1206,1133 1202,1018 1033,1033 995,1010 953,1022 915,991 869,1007 792,991 746,1026 697,991 651,995"/>
                <Baseline points="674,1085 763,1085 853,1091 942,1091 1032,1091 1121,1091 1210,1091"/>
                <TextEquiv>
                    <Unicode>Tod suchen?</Unicode>
                </TextEquiv>
            </TextLine>
            <TextLine id="tr_1_tl_5" custom="readingOrder {index:4;}">
                <Coords points="352,1317 3391,1271 3265,1175 2281,1202 1841,1106 352,1164"/>
                <Baseline points="375,1270 459,1252 548,1240 638,1246 727,1246 817,1246 906,1246 996,1240 1085,1240 1175,1246 1264,1246 1354,1246 1443,1246 1533,1246 1622,1246 1712,1246 1801,1246 1891,1246 1980,1246 2069,1252 2159,1252 2248,1252 2338,1252 2427,1252 2517,1258 2606,1258 2696,1258 2785,1258 2875,1258 2964,1258 3054,1258 3143,1264 3233,1264 3322,1264 3400,1270"/>
                <TextEquiv>
                    <Unicode>Etzelt: Denkst Du, ich weiss nicht, Medardus, dass Du seit jener</Unicode>
                </TextEquiv>
            </TextLine>
            <TextLine id="tr_1_tl_6" custom="readingOrder {index:5;}">
                <Coords points="647,1443 3295,1443 3295,1328 647,1294"/>
                <Baseline points="668,1389 757,1395 847,1395 936,1389 1026,1389 1115,1395 1205,1389 1294,1395 1383,1395 1473,1395 1562,1395 1652,1395 1741,1401 1831,1401 1920,1401 2010,1401 2099,1401 2189,1401 2278,1401 2368,1401 2457,1401 2547,1407 2636,1401 2726,1407 2815,1407 2905,1407 2994,1407 3084,1407 3173,1413 3263,1413 3304,1419"/>
                <TextEquiv>
                    <Unicode>Nacht. da ich Dich aus einer gewissen Gartenpforte kommen</Unicode>
                </TextEquiv>
            </TextLine>
            <TextLine id="tr_1_tl_7" custom="readingOrder {index:6;}">
                <Coords points="639,1627 3242,1623 3242,1497 2836,1454 639,1462"/>
                <Baseline points="662,1550 751,1550 841,1550 930,1545 1020,1545 1109,1545 1199,1545 1288,1545 1378,1545 1467,1550 1556,1550 1646,1550 1735,1550 1825,1550 1914,1550 2004,1550 2093,1550 2183,1556 2272,1556 2362,1556 2451,1556 2541,1556 2630,1550 2720,1556 2809,1556 2899,1562 2988,1562 3078,1568 3167,1562 3251,1562"/>
                <TextEquiv>
                    <Unicode>sah, keine daheim warst. Es ist nicht schwer zu raten, wo</Unicode>
                </TextEquiv>
            </TextLine>
            <TextLine id="tr_1_tl_8" custom="readingOrder {index:7;}">
                <Coords points="639,1745 723,1738 861,1807 1121,1730 1255,1722 1305,1761 1393,1711 1550,1764 1696,1726 1696,1619 1474,1592 1428,1631 1317,1608 1229,1646 639,1627"/>
                <Baseline points="662,1694 751,1700 841,1700 930,1694 1020,1694 1109,1694 1199,1700 1288,1700 1378,1700 1467,1700 1556,1700 1646,1700 1706,1706"/>
                <TextEquiv>
                    <Unicode>Du sie verbracht hast.</Unicode>
                </TextEquiv>
            </TextLine>
            <TextLine id="tr_1_tl_9" custom="readingOrder {index:8;}">
                <Coords points="371,1941 3200,1910 3200,1780 2572,1730 371,1776"/>
                <Baseline points="393,1861 483,1861 572,1861 662,1855 751,1855 841,1855 930,1855 1020,1849 1109,1849 1199,1849 1288,1849 1378,1849 1467,1855 1556,1855 1646,1855 1735,1855 1825,1855 1914,1855 2004,1855 2093,1855 2183,1855 2272,1861 2362,1855 2451,1861 2541,1861 2630,1861 2720,1861 2809,1861 2899,1867 2988,1867 3078,1867 3167,1867 3209,1873"/>
                <TextEquiv>
                    <Unicode>Medardus: Du meinst die ich vergass meines Schwures - und darum</Unicode>
                </TextEquiv>
            </TextLine>
            <TextLine id="tr_1_tl_10" custom="readingOrder {index:9;}">
                <Coords points="655,2090 1807,2013 3253,2097 3349,2071 3349,1933 655,1941"/>
                <Baseline points="674,2010 763,2004 853,2004 942,2004 1032,2004 1121,2004 1210,2004 1300,2004 1389,2004 1479,2004 1568,2004 1658,2010 1747,2010 1837,2010 1926,2010 2016,2010 2105,2010 2195,2010 2284,2010 2374,2010 2463,2010 2553,2010 2642,2016 2732,2016 2821,2010 2911,2016 3000,2016 3090,2016 3179,2016 3269,2016 3358,2028"/>
                <TextEquiv>
                    <Unicode>sucht ich den Tod -! Du meinst in ihren Armen vergass</Unicode>
                </TextEquiv>
            </TextLine>
            <TextLine id="tr_1_tl_11" custom="readingOrder {index:10;}">
                <Coords points="1022,2101 1102,2109 1121,2097 1148,2113 1217,2097 1305,2101 1305,2040 1267,2048 1225,2017 1190,2036 1106,2025 1041,2063 1022,2063"/>
                <Baseline points="1043,2087 1133,2087 1222,2087 1312,2087"/>
                <TextEquiv>
                    <Unicode>seiner</Unicode>
                </TextEquiv>
            </TextLine>
            <TextLine id="tr_1_tl_12" custom="readingOrder {index:11;}">
                <Coords points="655,2178 3395,2243 3368,2055 655,2078"/>
                <Baseline points="674,2159 763,2159 853,2159 942,2153 1032,2159 1121,2159 1210,2159 1300,2159 1389,2159 1479,2159 1568,2159 1658,2159 1747,2159 1837,2159 1926,2159 2016,2159 2105,2159 2195,2165 2284,2165 2374,2165 2463,2165 2553,2165 2642,2165 2732,2165 2821,2165 2911,2165 3000,2165 3090,2165 3179,2165 3269,2171 3358,2171 3406,2183"/>
                <TextEquiv>
                    <Unicode>ich meinen Vorsatz -? Du meinst, ich sah sie wieder seit je-</Unicode>
                </TextEquiv>
            </TextLine>
            <TextLine id="tr_1_tl_13" custom="readingOrder {index:12;}">
                <Coords points="635,2331 3292,2350 3292,2254 2905,2274 2760,2189 635,2270"/>
                <Baseline points="656,2314 745,2314 835,2314 924,2314 1014,2314 1103,2314 1193,2320 1282,2320 1372,2314 1461,2320 1550,2320 1640,2314 1729,2314 1819,2314 1908,2314 1998,2308 2087,2308 2177,2314 2266,2314 2356,2314 2445,2314 2535,2314 2624,2314 2714,2308 2803,2314 2893,2320 2982,2320 3072,2320 3161,2320 3251,2314 3298,2320"/>
                <TextEquiv>
                    <Unicode>ner Nacht? Hät t ich sie wiedergesehn, Etzelt, so hätt</Unicode>
                </TextEquiv>
            </TextLine>
            <TextLine id="tr_1_tl_14" custom="readingOrder {index:13;}">
                <Coords points="1673,2415 2729,2385 2729,2327 1673,2339"/>
                <Baseline points="1694,2386 1753,2380 1843,2380 1932,2380 2022,2380 2111,2374 2201,2380 2290,2380 2380,2380 2469,2386 2559,2380 2648,2380 2738,2374"/>
                <TextEquiv>
                    <Unicode>Aber ich ist sie nicht sieren</Unicode>
                </TextEquiv>
            </TextLine>
            <TextLine id="tr_1_tl_15" custom="readingOrder {index:14;}">
                <Coords points="658,2496 2296,2564 2434,2492 3173,2507 3230,2404 2836,2331 1742,2423 662,2354"/>
                <Baseline points="680,2463 769,2469 859,2469 948,2463 1037,2469 1127,2469 1216,2469 1306,2469 1395,2469 1485,2463 1574,2463 1664,2469 1753,2469 1843,2469 1932,2463 2022,2463 2111,2463 2201,2469 2290,2463 2380,2463 2469,2463 2559,2463 2648,2463 2738,2463 2827,2463 2917,2463 3006,2463 3096,2463 3185,2463 3239,2463"/>
                <TextEquiv>
                    <Unicode>ich auch meinen Schwur gehalten! Aber die Pforte war ver-</Unicode>
                </TextEquiv>
            </TextLine>
            <TextLine id="tr_1_tl_16" custom="readingOrder {index:15;}">
                <Coords points="655,2675 2618,2629 3368,2710 3368,2507 655,2572"/>
                <Baseline points="674,2624 763,2618 853,2618 942,2618 1032,2618 1121,2618 1210,2618 1300,2618 1389,2618 1479,2618 1568,2618 1658,2618 1747,2618 1837,2618 1926,2618 2016,2618 2105,2618 2195,2618 2284,2618 2374,2618 2463,2618 2553,2618 2642,2618 2732,2618 2821,2618 2911,2618 3000,2618 3090,2618 3179,2618 3269,2618 3358,2624 3376,2630"/>
                <TextEquiv>
                    <Unicode>schlossen. - Diener streiften innen und aussen an der Mauer,</Unicode>
                </TextEquiv>
            </TextLine>
            <TextLine id="tr_1_tl_17" custom="readingOrder {index:16;}">
                <Coords points="635,2848 3215,2851 3215,2698 3012,2649 2476,2718 635,2679"/>
                <Baseline points="656,2773 745,2773 835,2773 924,2773 1014,2773 1103,2773 1193,2773 1282,2773 1372,2767 1461,2773 1550,2773 1640,2767 1729,2767 1819,2773 1908,2773 1998,2773 2087,2767 2177,2767 2266,2773 2356,2767 2445,2773 2535,2767 2624,2767 2714,2767 2803,2773 2893,2773 2982,2773 3072,2767 3161,2773 3221,2773"/>
                <TextEquiv>
                    <Unicode>und Hunde heulten durch den Garten. Sie hatte Furcht vor</Unicode>
                </TextEquiv>
            </TextLine>
        </TextRegion>
        <TextRegion id="tr_2" custom="readingOrder {index:1;}">
            <Coords points="340,2867 3418,2867 3418,4967 340,4967"/>
            <TextLine id="tr_2_tl_1" custom="readingOrder {index:0;}">
                <Coords points="635,2993 3058,3020 3284,2966 3284,2821 635,2848"/>
                <Baseline points="656,2928 745,2928 835,2928 924,2928 1014,2928 1103,2928 1193,2928 1282,2928 1372,2923 1461,2928 1550,2923 1640,2923 1729,2928 1819,2923 1908,2923 1998,2923 2087,2923 2177,2923 2266,2923 2356,2923 2445,2923 2535,2917 2624,2917 2714,2923 2803,2917 2893,2923 2982,2923 3072,2923 3161,2923 3251,2923 3292,2928"/>
                <TextEquiv>
                    <Unicode>mir, Etzelt - und liess mich nicht mehr ein! Es stand wohl</Unicode>
                </TextEquiv>
            </TextLine>
            <TextLine id="tr_2_tl_2" custom="readingOrder {index:1;}">
                <Coords points="647,3131 1833,3173 1983,3089 2419,3165 3265,3104 3265,2978 647,2993"/>
                <Baseline points="668,3084 674,3084 763,3084 853,3084 942,3084 1032,3084 1121,3084 1210,3084 1300,3078 1389,3084 1479,3078 1568,3084 1658,3084 1747,3078 1837,3084 1926,3078 2016,3078 2105,3078 2195,3078 2284,3072 2374,3072 2463,3072 2553,3072 2642,3072 2732,3072 2821,3072 2911,3072 3000,3072 3090,3072 3179,3072 3269,3072"/>
                <TextEquiv>
                    <Unicode>auf meiner Stirn zu lesen, wessen sie sich von mir zu ver-</Unicode>
                </TextEquiv>
            </TextLine>
            <TextLine id="tr_2_tl_3" custom="readingOrder {index:2;}">
                <Coords points="635,3311 3215,3284 3215,3135 3096,3116 1175,3192 635,3131"/>
                <Baseline points="656,3245 715,3239 805,3239 894,3239 984,3239 1073,3239 1163,3239 1252,3239 1342,3239 1431,3233 1521,3233 1610,3233 1700,3233 1789,3233 1879,3233 1968,3233 2058,3233 2147,3233 2237,3233 2326,3227 2415,3233 2505,3227 2594,3227 2684,3227 2773,3227 2863,3227 2952,3227 3042,3227 3131,3221 3221,3221"/>
                <TextEquiv>
                    <Unicode>sehn hatte - vielleicht haben es ihr gar meine Küsse ver-</Unicode>
                </TextEquiv>
            </TextLine>
            <TextLine id="tr_2_tl_4" custom="readingOrder {index:3;}">
                <Coords points="655,3441 3234,3460 3234,3307 2978,3269 655,3311"/>
                <Baseline points="674,3400 739,3394 829,3394 918,3394 1008,3394 1097,3394 1187,3394 1276,3394 1366,3388 1455,3388 1545,3388 1634,3388 1723,3388 1813,3388 1902,3382 1992,3388 2081,3388 2171,3382 2260,3382 2350,3382 2439,3382 2529,3376 2618,3376 2708,3376 2797,3376 2887,3376 2976,3382 3066,3382 3155,3376 3245,3382"/>
                <TextEquiv>
                    <Unicode>raten...Ich bin der Betrogene, der gemarrte, Etzelt - und</Unicode>
                </TextEquiv>
            </TextLine>
            <TextLine id="tr_2_tl_5" custom="readingOrder {index:4;}">
                <Coords points="651,3579 2982,3625 3326,3602 3330,3464 655,3472"/>
                <Baseline points="674,3555 739,3549 829,3555 918,3549 1008,3549 1097,3549 1187,3549 1276,3549 1366,3549 1455,3549 1545,3543 1634,3543 1723,3537 1813,3537 1902,3537 1992,3537 2081,3537 2171,3537 2260,3537 2350,3537 2439,3537 2529,3537 2618,3537 2708,3531 2797,3531 2887,3531 2976,3531 3066,3525 3155,3531 3245,3525 3334,3525"/>
                <TextEquiv>
                    <Unicode>morgen ist ihre Hochzeit! Morgen is t ihro Hchzeit und ich</Unicode>
                </TextEquiv>
            </TextLine>
            <TextLine id="tr_2_tl_6" custom="readingOrder {index:5;}">
                <Coords points="655,3747 3284,3724 3387,3705 3387,3583 655,3617"/>
                <Baseline points="674,3710 709,3704 799,3704 888,3704 978,3704 1067,3704 1157,3704 1246,3704 1336,3698 1425,3704 1515,3698 1604,3698 1694,3698 1783,3698 1873,3692 1962,3698 2052,3692 2141,3692 2231,3692 2320,3692 2410,3686 2499,3686 2588,3686 2678,3686 2767,3680 2857,3680 2946,3680 3036,3680 3125,3680 3215,3680 3304,3680 3394,3680"/>
                <TextEquiv>
                    <Unicode>bin hier so gut wie ein Gefangener...Erst, wenn ein Tor sich</Unicode>
                </TextEquiv>
            </TextLine>
            <TextLine id="tr_2_tl_7" custom="readingOrder {index:6;}">
                <Coords points="555,3946 2392,3850 3372,3935 3372,3774 3200,3732 559,3774"/>
                <Baseline points="578,3871 608,3865 697,3859 787,3859 876,3859 966,3859 1055,3859 1145,3859 1234,3859 1324,3853 1413,3853 1503,3853 1592,3847 1682,3853 1771,3853 1861,3847 1950,3847 2040,3847 2129,3841 2219,3841 2308,3841 2398,3835 2487,3835 2577,3835 2666,3835 2756,3835 2845,3835 2934,3829 3024,3829 3113,3829 3203,3835 3292,3835 3382,3829"/>
                <TextEquiv>
                    <Unicode>öffnet, hab ich den Weg hinüber wieder frei..hinüber und zu</Unicode>
                </TextEquiv>
            </TextLine>
            <TextLine id="tr_2_tl_8" custom="readingOrder {index:7;}">
                <Coords points="647,4092 1286,4030 1864,4076 1967,4019 2109,4103 2224,4042 2530,4072 2633,4046 2637,3912 651,3946"/>
                <Baseline points="668,4014 674,4014 763,4014 853,4014 942,4014 1032,4014 1121,4014 1210,4014 1300,4008 1389,4008 1479,4008 1568,4002 1658,4002 1747,4002 1837,4002 1926,3996 2016,3996 2105,3996 2195,3996 2284,3996 2374,3990 2463,3990 2553,3990 2642,3990"/>
                <TextEquiv>
                    <Unicode>ihr - Darum, Etzelt, hab ich mich gemeldet.</Unicode>
                </TextEquiv>
            </TextLine>
            <TextLine id="tr_2_tl_9" custom="readingOrder {index:8;}">
                <Coords points="352,4206 3368,4214 3414,3988 352,4107"/>
                <Baseline points="375,4175 465,4169 554,4169 644,4169 733,4169 823,4169 912,4169 1002,4163 1091,4163 1181,4163 1270,4157 1360,4157 1449,4157 1539,4151 1628,4151 1718,4151 1807,4145 1896,4145 1986,4145 2075,4145 2165,4145 2254,4145 2344,4139 2433,4139 2523,4145 2612,4145 2702,4139 2791,4134 2881,4134 2970,4134 3060,4134 3149,4134 3239,4134 3328,4139 3418,4145"/>
                <TextEquiv>
                    <Unicode>Etzelt (hat mit wachsendem Entsetzen zugehört): Und fühlet nicht,</Unicode>
                </TextEquiv>
            </TextLine>
            <TextLine id="tr_2_tl_10" custom="readingOrder {index:9;}">
                <Coords points="2626,4245 2675,4237 2687,4226 2718,4241 2740,4229 2760,4237 2790,4226 2832,4241 2859,4237 2859,4164 2840,4164 2825,4180 2802,4180 2763,4149 2740,4164 2710,4160 2691,4180 2668,4172 2652,4183 2626,4183"/>
                <Baseline points="2648,4217 2738,4217 2827,4217 2869,4217"/>
                <TextEquiv>
                    <Unicode>were</Unicode>
                </TextEquiv>
            </TextLine>
            <TextLine id="tr_2_tl_11" custom="readingOrder {index:10;}">
                <Coords points="647,4402 1964,4333 3008,4402 3284,4344 3284,4187 647,4264"/>
                <Baseline points="668,4318 697,4324 787,4324 876,4324 966,4318 1055,4318 1145,4318 1234,4318 1324,4318 1413,4312 1503,4312 1592,4312 1682,4312 1771,4306 1861,4306 1950,4301 2040,4301 2129,4301 2219,4301 2308,4301 2398,4301 2487,4295 2577,4295 2666,4295 2756,4289 2845,4295 2934,4295 3024,4289 3113,4289 3203,4289 3292,4301"/>
                <TextEquiv>
                    <Unicode>Medardus, dass was Du vorhast, nicht besser ist als Verrat</Unicode>
                </TextEquiv>
            </TextLine>
            <TextLine id="tr_2_tl_12" custom="readingOrder {index:11;}">
                <Coords points="639,4509 2407,4509 2530,4490 2530,4375 639,4394"/>
                <Baseline points="662,4485 751,4485 841,4479 930,4479 1020,4474 1109,4468 1199,4468 1288,4468 1378,4468 1467,4468 1556,4462 1646,4462 1735,4462 1825,4462 1914,4456 2004,4456 2093,4456 2183,4450 2272,4450 2362,4450 2451,4450 2541,4450"/>
                <TextEquiv>
                    <Unicode>an Deinem Vaterland und an Deiner Ehre -?</Unicode>
                </TextEquiv>
            </TextLine>
            <TextLine id="tr_2_tl_13" custom="readingOrder {index:12;}">
                <Coords points="341,4681 3039,4693 3292,4643 3299,4402 2871,4513 344,4551"/>
                <Baseline points="363,4635 441,4635 530,4635 620,4635 709,4635 799,4641 888,4635 978,4635 1067,4629 1157,4629 1246,4623 1336,4617 1425,4623 1515,4617 1604,4617 1694,4617 1783,4617 1873,4617 1962,4611 2052,4611 2141,4611 2231,4605 2320,4599 2410,4599 2499,4599 2588,4599 2678,4599 2767,4593 2857,4593 2946,4587 3036,4587 3125,4593 3215,4593 3304,4599"/>
                <TextEquiv>
                    <Unicode>Medardus: Nenn's wie Du willst. Ehre - Vaterland...leerer Klang</Unicode>
                </TextEquiv>
            </TextLine>
            <TextLine id="tr_2_tl_14" custom="readingOrder {index:13;}">
                <Coords points="635,4842 777,4884 922,4815 1087,4903 1588,4792 2637,4819 2721,4800 2725,4650 639,4719"/>
                <Baseline points="662,4796 674,4790 763,4790 853,4790 942,4790 1032,4784 1121,4784 1210,4784 1300,4778 1389,4778 1479,4778 1568,4772 1658,4772 1747,4772 1837,4772 1926,4766 2016,4766 2105,4760 2195,4760 2284,4754 2374,4754 2463,4754 2553,4748 2642,4748 2732,4754"/>
                <TextEquiv>
                    <Unicode>für mich - eh mein Vorsatz nicht erfüllt ist.</Unicode>
                </TextEquiv>
            </TextLine>
            <TextLine id="tr_2_tl_15" custom="readingOrder {index:14;}">
                <Coords points="318,4991 387,4980 433,5026 570,4995 601,5022 681,4960 811,5003 934,4960 1037,4999 1083,4960 1179,4968 1179,4880 1106,4865 1045,4892 976,4849 819,4849 681,4899 586,4857 440,4884 318,4842"/>
                <Baseline points="340,4957 381,4951 471,4951 560,4951 650,4957 739,4957 829,4951 918,4951 1008,4951 1097,4951 1187,4945"/>
                <TextEquiv>
                    <Unicode>Etzelt: Mag er be</Unicode>
                </TextEquiv>
            </TextLine>
        </TextRegion>
    </Page>
</PcGts>
