4488 5480
1016 592 3958 806 zu meinem Vergnügen auf den Friedhof laufen könnt? Noch am Mon-
1028 798 3791 965 tag war die Fräulen Agathe bei uns drin und hat Datteln und
1016 925 2573 1112 Feigen gekauft und Malagatrauben.
730 1108 2839 1290 Leopoldine: Ja, die hat sie so gern gegessen.
746 1262 3942 1433 Wachshuber: Alle jungen Fräuleins essen Malagatrauben gern. Das ist
1020 1401 2096 1564 eine eigene Bewandtnis.
719 1524 2719 1727 Frau Föderl: Haben Sie ihr was angemerkt?
730 1671 3787 1902 Wachshuber: Aber nicht das geringste. Ich mein nämlich, dass sie
1008 1834 3899 2009 sich was antun will, hab ich nicht gemerkt. (Leise) Was andres
989 1969 1298 2148 schon.
711 2124 2418 2334 Frau Winkler (sieht ihn streng an).
723 2283 3184 2461 Föderl: Es soll ja niemand eine Ahnung gehabt haben.
715 2449 3140 2640 Wachshuber: Kein Mensch! So eine Verstellungskunst.
719 2616 3557 2767 Frau Föderl: Man sollts so einem jungen Mädel nicht zutraun.
707 2759 3879 3009 Wachshuber: Zu Haus, vorm Fortgehn, habens g'sagt, sie machen einem
965 2882 1779 3077 Abendspaziergang.
683 3037 3033 3204 Föderl: Ein kurioser Spaziergang - in die Donau.
691 3196 3851 3386 Frau Föderl: Und is wahr, dass der eigene Bruder sie herausgefischt
957 3347 1171 3478 hat?
671 3506 3839 3724 Wachshuber: Genau so wirds wohl nicht g'wesen sein. Er ist halt zu-
953 3668 3752 3819 fällig unten g'wesen in der Praterau, beim blauen Wallfisch.
929 3779 3041 3982 Dort bringens die Ertrunkenen gewöhnlich hin.
643 3982 3688 4220 Schreubler (dicker, etwas heiserer Herr, der eben gekommen ist):
929 4157 3839 4351 Das ist ein angenehmes Wirtshaus, da möcht man Stammgast sein.
1453 4323 2751 4554 (Begrüssung mit den andern.)
655 4466 3581 4716 Wachshuber: In Damengesellschaft war er unten...wie es heisst.
623 4605 3017 4875 Frau Winkler: Ja, das weiss man vom jungen Kleahr.
631 4756 2211 5006 Frau Föderl: Ist er wirklich so?
2104 4998 2406 5328 - 55 —
