3731 5576
99 704 3131 971 Berger: Wissen schon, Herr Etzelt. - Ich frag
434 855 919 1058 Medartus.
111 1042 3195 1277 Etzelt: Das versten Ich erst recht steht... Was soll denn mit dem
438 1186 1170 1365 Medardus sein?
119 1337 3199 1512 Berger: Na hören Sie, Etzelt!? So was kann man schliesslich nicht
1759 1468 1981 1556 enzlich
454 1500 3084 1667 geheim kalten. Er ist doch totel überg'schnappt seit dem
1194 1623 1468 1711 same
442 1615 1822 1862 Unglück mit dem Eschenbacher.
3127 1687 3529 1930 firckbar
119 1771 477 2013 Ertzelt:
529 1842 3374 1997 Das ist mir wirklich nicht bekannt. Es hat ihn natürlich sehr
553 1918 995 2025 erschiller.
1150 1926 2849 2033 das ich aus Ende kein Wunde
442 1985 3386 2125 hergenennen, und ein ganierling war er is immer... Aber weiter...
64 2081 473 2351 Berger:/
525 2145 3187 2363 Ah, Sonderling! Die Frau Klachr hat sich erst neulich mit
438 2256 2065 2455 meiner Frau darüber ausgesprochen.
545 2399 3239 2634 Hm, wie das? Frau Klaehr?.Was wird sie denn gesagt haben?
103 2391 473 2646 Etzelt:
434 2606 3159 2785 Dass der Medardus recht einsilbig ist, und öfters nicht zu
438 2717 1826 2968 Haus. Das war aber immer so.
521 2861 3223 3103 Ah ja, er soll doch tagelang überhaupt nicht zu sehn sein.
88 2789 466 3072 Berger:
426 3036 3227 3223 Und wenn er daheim ist, kommt ihm stundenlang kein Wort über
426 3195 3207 3382 die Lippen. Aber was müssen Sie mir erst viel erzählen, ich
442 3338 2968 3561 bin ihm ja neulich begegnet und weiss, was ich weiss.
92 3513 450 3716 ktzelt:
521 3525 1667 3728 Na, was wissen Sie denn?
92 3649 3290 3855 Berger: Also ruf ihn beim Namen. Er starrt mich an, so als möcht
430 3828 3290 4026 er mich nicht kennen. Und geht weiter. Das war am Tag nachdem
414 3995 3398 4130 mein Annerl begraben worden ist. Beim Begräbnis war er auch ge¬
2208 4094 3541 4237 sie an ihm geheugen ist,
1217 4094 1930 4221 hat doch gennpt
692 4102 1038 4210 gennen
2714 4170 3227 4317 Nurz so¬
418 4174 2622 4345 nicht. xxx und sie wissen ja, wie die Annerl ihn
418 4261 3203 4480 schlossen hat. Und wie er nur aufsicht. Wenn nun meiss. wie
410 4464 2013 4675 er früher auf sich gehalten nöt!
72 4703 3099 4946 Uralter Herr (kommt allein, sehr aufgeräumt, manchmal auf seinen
402 4938 3286 5117 Stock gestützt, manchmal den Stock schlenkernd): Habe die Ehe
1536 5256 1846 5463 - 252 -
