4232 5480
1437 201 1681 418 11/1
701 651 3816 825 Frau Grinzinger: Und wenns tausendmal/von Adel sind, ich sag, sol-
941 782 3816 1027 che Leut sollt man einsperren. Sie sind halt doch nix besseres
926 976 1476 1174 als Mörder.
705 1112 3773 1290 Schreubler: Na, Frau Grinzinger, nicht gar so scharf. Ich hab mir
941 1243 2991 1464 sagen lassen, es gehn nicht alle ins Wasser.
701 1383 3517 1604 Frau Föderl: Man hätt's nicht müssen so weit kommen lassen.
701 1573 3684 1716 Wachshuber: Ja, schliesslich ein gewisser Unterschied muss auf-
934 1712 3699 1898 recht erhalten werden, da kann man sagen, was man will. Ein
914 1856 3816 2041 Prinz und eine Bürgerliche... es hätt nicht gut getan. Ich bitt
934 2034 3827 2251 Sie, Frau Föderl, Sie würden sichs auch überlegen, eh Sie Ihre
941 2185 1484 2336 Tochter....
701 2262 3641 2483 Frau Föderl: Ich hab/ keine Tochter, Gottseidank, nur Sorge und
934 2440 2115 2646 Schand hat man von ihnen.
701 2588 3606 2774 Der uralte Herr (lest): Amalie Zitterbart geb. 12. Aug. 1780
926 2750 3773 2929 gestorben 12. Aug. 1789. Achzig bis neunundachzig.. wie viel ist
926 2874 1666 3114 das, Greterl...
701 3025 1976 3273 Das kleine Mädchen: Neun...
713 3219 3618 3417 Der uralte Herr: Die is gar nur neun Jahr alt geworden. Siext,
941 3366 3688 3502 Greterl, brauchst Dir nix einzubilden. Das kann einer jeden
910 3525 3727 3665 passieren. Neun Jahr und an ihrem Geburtstag auch noch. Merk
914 3645 1743 3870 Dirs, Greterl!...
926 3854 3684 4052 Man verweist ihn zur Ruhe, da die Konkukte schon ganz nahe
879 4005 3165 4199 sind. Er verschwindet mit Greterl vom Friedhof.)
844 4335 3750 4513 — (Die beiden Kondukte kommen. Von rechts, der eine Sarg von
926 4513 3750 4656 sechs Trägern getragen, dahinter gehn der alte Herzog, gross
914 4679 3730 4846 und schlank, blind, geführt von Assalagny, seinem Arzt. Dann
922 4807 3893 5028 die Herzogin, weisshaarig, dann Desolteux, einfach; über vierzig,
1991 5032 2204 5206 61
