4440 5544
1105 654 3889 951 keiner Menschenseele begegnen werden und dann die geheimnis-
1118 857 1723 1053 volle Au....
813 935 3645 1215 Frau Klaehr: Was reitet dort für ein Regiment übers Glacis?
3133 1105 3438 1203 inder
813 1122 3926 1406 Eschenbacher: Das sind wohl die Gottesheimer, die zur Stadt Frank-
1105 1341 2528 1491 furt zur Nacht gegessen haben.
1735 1410 3239 1658 (Man hört Trommeln und Pfeifen.)
809 1585 4003 1857 Frau Klaehr: Weiss Gott wie es kommt. Alles wird mir zur guten Vor-
1126 1735 4092 1934 bedeutung. Der schöne Frühlingsabend, die Trommeln und Pfeifen.
1130 1922 4027 2073 Ich bin guten Muts für Medardus und für Agathe...und für unser
1113 2024 3942 2292 Land. Ja, mir ist wahrlich, als wären die Tage der Vergeltung
1126 2125 4092 2414 nahe. Ach dass du so starr bleibst, wenn ich davon rede, Bruder.
784 2369 4003 2536 Eschenbacher: Das Grosse zu hassen, ist mir nun einmal nicht gegeben,
1138 2511 3966 2702 auch wenn ich verspüre, dass es mich vernichten kann. Und die
1130 2637 3852 2841 Kleinen zu lieben, will mir nicht gelingen, auch wenn mein
1126 2800 2873 3003 Geschick mit dem ihren verbunden ist.
1215 2983 1808 3162 Es ist Zeit.
825 2954 1138 3182 Franz:
1223 3109 3926 3316 (schauert, dann erhebt sie sich plötzlich, Laut): So mild
853 3162 1183 3336 Agathe
1134 3312 3974 3450 ist die Luft. Gern möcht ich noch ein Weilchen ins Freie. Wie
1130 3438 3901 3613 denkst du, Mutter, - oben auf der Bastei noch ein Stündchen
1134 3613 1882 3767 spazieren gehn?
849 3739 2146 3950 Franz: Wie das schön wäre!
862 3865 4088 4100 Frau Klaehr: Ich bin müde. Und beinah möcht ich vermuten, dass Buch
1134 4011 4088 4234 an meiner Begleitung nicht sonderlich viel dürfte gelegen sein.
849 4182 4015 4458 Agathe (als machte sie einen scherz): Aber allein dürfen wir doch
1142 4381 1816 4539 wohl nicht....
845 4429 4027 4714 Frau Klashr: Nun geht nur geht. Aber nicht länger als ein halbes
1081 4677 1666 4824 Stündchen.
784 4767 4052 5059 Agathe: Ja, wir wollen drüben auf und ab spazieren, auf der Bastei.
2320 5137 2511 5267 30
