3688 5240
1539 455 1925 683 trangue
426 538 2854 856 Helene (zum Herzog): Der Eigente will Dir Lebewohl
426 762 1853 965 Herzog: Sie gehen - Bertrand!
625 874 838 965 A.
434 928 2933 1095 Vicomte: Herr Herzog - zu verlieren ist nichts, zu gew
1022 1044 2926 1246 Lé-Lesvollens à la Frage avait mis
419 1080 1380 1232 Herzog: Bertrand! -
549 1181 795 1272 Elray
412 1189 3302 1470 Vigemann. Leben Sie wohl, Helene... Nein, picht die Hand... nicht
679 1380 3284 1575 Fingerspitzen... Es wäre zu früh... Doch vergessen Sie nicht
676 1535 3352 1701 Helene.. auch Sie sind zum Empfang geladen... Was werden Sie
397 1698 3305 1882 Helene: Hingehen!.. Ich muss mir dieses Tier doch in der Nähe b
2164 1803 2587 1911 Marqué
679 1821 3150 2063 sehen... - Auf Wiedersehen, Herr Vierts - irgend ein###
683 1998 2113 2200 (Sie geht. Die Andern bleiben.)
