3715 5480
429 559 3079 866 Major Trembly bequem in Blouse, mit verbundenem Kopf aus
437 841 1086 1037 Nebenzimmer.)
163 1029 1940 1254 Trembly: Guten Morgen, Frau Klaehr.
167 1086 3255 1368 Frau Klaehr: Guten Morgen, Herr Major. Da steht Ihr Kaffee, aber
445 1315 3100 1568 (auf die Semmel) das ist alles, was sonst zu haben war.
163 1491 2483 1695 Dienstmädchen: Und so kommt man zu Haus...! (ab)
184 1617 3373 1858 Trembly (setzt sich an den Tisch): Wir wollen redlich teilen, Frau
461 1805 2181 2017 Klaehr. (Bricht die Semmel entzwei)
172 1932 3459 2156 Frau Klaehr: Ich danke. Vor allem will ich nach dem Herrn Rittmeister
474 2111 2687 2307 sehn, es ist wohl Zeit den Verband zu wechseln.
180 2254 3426 2495 Trembly: Bleiben sie lieber, Frau Klaehr. Mein armer Kamerad schlun-
470 2405 3349 2581 mert jetzt, sozusagen. Ich kenne diese Atemzüge. Er hat keine
441 2540 3398 2777 Stunde mehr zu leben. Lassen wir ihn ruhig hinüber schlummern.
1719 2683 2026 2781 emblye
825 2724 2528 2948 (verwundert über T v. Gelassenheit)
482 2724 992 2920 (Er trinkt)
184 2838 3267 3120 Frau Klaehr:/ Ich dachte, Sie wären sehr befreundet mit dem Herrn
474 3042 1082 3238 Rittmeister.
192 3185 3402 3377 Trembly: War ich auch. Man gewöhnt sich dran, seine Freunde sterben
474 3324 1723 3549 zu sehn, in unserem Beruf.
172 3504 3398 3679 Frau Klaehr: Wie viele Schlachten mögen Sie schon mitgemacht haben?
192 3622 3414 3806 Trembly: Wenn ich alle mitrechne, neunundzwanzig. Freilich kann ich
453 3814 3328 3969 mich verzählt haben. Aber so furchtbar wie diese letzte, hab
1237 3920 1634 4014 gereten
294 3916 3414 4104 ich noch keine mitgemacht, das ist wahr. Und bin doch bei Jena
453 4076 3373 4288 und Austerlitz dabei gewesen. Ihre Landsleute haben sich brav
466 4255 3271 4451 geschlagen - das muss man sagen. Wenn Napolson immer solche
474 4390 1703 4574 Gegner gefunden hätte....
180 4488 3312 4798 Frau Klaehr: Wär er wohl nicht der grosse Feldherr geworden, für
461 4696 2561 4966 den man ihn bis vor acht Tagen gehalten hat.
1674 4945 1985 5199 190 -
