3739 5560
152 561 2936 865 Veber: Und die Kontribution, die Komtribution! Was da wieder
2980 713 3176 869 für
489 821 2892 1073 steuern kommen werden. Wo wirs nur hernehmen sollen?
537 993 2808 1226 Ja, der Lichtenstein, der ist schon der Richtige!
144 961 481 1193 Bradl:
152 1109 2463 1358 Schreubler: Kennen Sie den Fürsten Lichtenstein?
140 1294 3292 1518 Bradl: Was brauch ich ihn dem kennen? Das is doch schon so bei uns
477 1446 3120 1674 Wenn man wen zu was aussucht, is es immer der Unrichtige.
140 1486 445 1670 Ruy
533 1610 3276 1878 Und jetzt kapriziert sich der Napolson gar noch drauf, dass
152 1626 485 1854 Webar:
493 1770 2139 1958 die Festungswerke gesprengt werden.
144 1870 3360 2139 Schreubler: Wir nicht schad drum. Wie sie uns schon genützt haben.
156 2099 3348 2267 Frau Föderl: Die Festungswerke sprengen?! Nein, das darf nicht sein.
132 2239 3272 2479 Bradl: Also die Frau Gemahlin ist dagegen... Ja wird sich schon nix
469 2387 1169 2603 machen lassen.
1202 2471 2347 2751 (Das Gespräch geht fort.)
2795 2531 3552 2836 (auj. der Basseius)
469 2751 3292 2920 (Von links der elegante Herr und die elegante Frau in Beglei-
461 2884 2359 3060 tung eines französischen Rittmeisters.)
140 3060 3192 3264 Die Dame: Um wieviel Uhr soll der Kaiser Napolson herunterkommen,
457 3248 1302 3416 Herr Rittmeister?
120 3380 2483 3584 Rittmeister: Für zwei Uhr ist die Revue angesagt.
120 3516 2980 3757 Die Dame: So viele Leute sind dal.. Man wird nichts sehen! -
116 3689 3192 3941 Rittmeister: Halten Sie sich nur in meiner Nähe, Madame, ich ver-
469 3885 3292 4029 spreche Ihnen, dass sie Seine Majestät ganz gut sehen werden.
445 4005 3276 4189 Und vorher ist noch die Auffahrt der Gäste, die zur Revue ge-
421 4133 3244 4365 laden sind, das wird Madame gewiss sehr interessieren. Viel-
445 4281 3392 4526 leicht erlaubt der Herr Gemahl, dass ich Madame den Arm reiche.
80 4474 1626 4702 Die Dame: O, er erlaubts schon.
112 4654 1858 4846 Der Herr: O bitte, o bitte e bitte.
128 4774 3252 5070 Rittmeister (reicht der Dame den Arm, führt sie näher heran an die
1722 5070 1978 5279 248 —
