3672 5480
171 623 2992 826 Anna: War doch sogar Eure Mutter leidlich zufrieden mit ihm.
171 791 3117 1025 Agathe: Wenn er nicht gerade andres trieb, was weder der Mutter
343 974 1313 1149 recht war, noch Dir.
140 1064 2794 1317 Anna: Denkst Du an Elisabeth?... Das ist längst vorbei...
144 1239 1882 1457 Agathe: Ja, das ist freilich vorbei.
2295 1278 3117 1504 weist die nicht?
129 1383 3253 1621 Anna: Sie hat sich auch recht geschwind getröstet.). Sie war seiner
331 1586 935 1769 nie wert....
129 1753 3136 1948 Agathe: Nun lass es gut sein, Anna. Es wird dem Medardus nichts
343 1886 2423 2073 übles geschehn draussen im Feld, ich fühls!
129 2007 2346 2178 Anna: Beruf es nicht, Agathe, beruf es-nicht. -
2981 2077 3499 2272 int wollaidt
129 2147 3222 2416 Agathe (ernst): Und wenn es anders kommt...Annerl.? ist és denn
319 2295 3152 2478 das Schlimmste, jung dahin zu gehn, und für ein ich das Hohes, Rei-
335 2474 3253 2681 liges? Und wissen wir denn, Anna, Du und ich, was uns bestimmt
335 2618 3160 2801 sein mag... und andern, die uns lieb sind' -? Wie leicht kanns
335 2766 3175 2946 geschehn, dass ich oder Du oder sonst wer, der sich so recht
323 2942 3320 3094 geborgen fühlt und in guter Hut, eher von hinnen muss, als man-
319 3117 2030 3281 che von denen, die morgen ausziehen.
105 3218 335 3468 Anna
413 3249 2973 3448 Was ist denn das für ein sonderbares Reden, Agathe? Du
308 3378 3059 3561 machst mir ja angst! Was gibts denn Agathe, sag doch. Ists
1434 3518 1784 3620 wichel
319 3542 3012 3725 was mit dem Franz?... Du redst gar nicht von ihm, schon so
319 3690 3140 3885 viele Tage lang. Und seit Wochen hab ich ihn bei euch nimmer
319 3842 3207 4044 gesehn. Ich wollte Dich nicht fragen, aber da Du Dich so selt
304 3962 1414 4188 sam vernehmen lässt.
94 4130 3152 4352 Agathe: Wie sollte er hieher kommen? Unser Haus ist ihm verboten,
312 4294 3203 4527 Du weisste, bis er nicht als Verber erscheint, in seiner hoch-
284 4450 1656 4656 geborenen Eltern Begleitung.
78 4625 3140 4812 Anna: Aber ihr seht einander doch insgeheim? Du wirst mirs doch
288 4761 2661 5011 nicht ableugnen. Sag doch, was hat er dir angetan?
1562 4964 1777 5147 7 —
