3656 5448
386 556 1215 840 Vater und Mutter?
162 797 3332 1041 Anna (hat einen der Stühle näher zu Agathe gerückt und setzt sich):
390 982 3242 1187 Vom Vater sehn wir schier nichts den ganzen Tag. Der ist mehr
379 1152 2504 1317 auf der Strasse als zu Haus oder im Geschäft.
162 1286 3100 1495 Agathe (lächelnd): Es ist eine gute Zeit für ihn! Neuigkeiten
359 1428 1238 1613 Stunde für Stunde.
442 1514 3127 1747 Und welche! Die Leute stehn zusammen und reissen einander
146 1566 383 1798 Anna:
2007 1704 3234 1798 Nun heisst es doch nieder,
367 1723 3305 1928 die Zeitungsblätter aus der Hand. Manche glauben allen Ernstes,
2165 1861 2895 1964 voir de theren¬
359 1901 3202 2090 dass wir die Franzosen in vier Wochen wieder haben werden.
134 1992 3076 2319 Agathe (in der Absicht zu scherzen):... Wenn es dem Medardus
355 2189 1956 2378 nicht gelingt, sie aufzuhalten....
134 2307 1597 2524 Anna: Er ist noch nicht daheim?
138 2469 1223 2690 Agathe: Nein. (Pause)
142 2607 3100 2832 Anna:...Der Vater sagt, es war nicht so schlimm vor vier Jahren.
339 2812 3261 2997 Sie haben sich gar nicht so übel aufgeführt, die Herren Franzo-
339 2926 3222 3147 sen. (Vier Jahre! Mir ists, als wär es eigentlich viel länger
319 3120 3179 3277 her und als wär es eigentlich eine ganz lustige Zeit gewesen.
327 3250 3171 3482 Immer gabs was zu sehen... Und gar, wie unser Kaiser zurückkam,
312 3392 3139 3569 die vielen Lichter in den Fenstern!.. Freilich waren wir noch
308 3585 3206 3770 Kinder damals. Arbeit nur weiter. Stört dich mein Geplauder..?
110 3695 1514 3885 Agathe: O nein, gewiss nicht.
114 3837 2023 4031 Anna: soll ich nicht die Lampe anzünden?
114 4031 3159 4220 gathe: Ich seh genug, bin auch gleich fertig. Sieh, Taschentücher
284 4169 3116 4354 für Medardus sinds. Nun wäre das letzte gesäumt. Var höchste
276 4287 568 4508 Zeit.
103 4460 1680 4654 Anna: Wo bleibt er denn so lang?
99 4646 2607 4784 agathe:  Weiss man je, wo mein Bunder Medardus bleibt?
106 4788 3143 5072 nun: Aber heute müsst er doch zeitlich zu Hause sein, dächt ich,
