3811 5560
514 560 3430 840 Mutter kennen. Ihr wär wohler, wenn sie mich gestorben wüsste.
2047 702 2515 823 at miliebe
501 723 3300 911 Aber ich kann ihr auch den Gefallen steht tun./ Ich hab mich
539 881 3451 1111 in das Los gefunden, das nun einmal über mich verhängt schriht.
535 1015 3317 1270 (Der Narr meines Schicksals zu sein) Ich musste mich drein
526 1157 3488 1408 finden, denn Ich versichere Dich Ein Kerl wie ich, dass
1717 1337 2009 1441 hüten
752 1354 1366 1475 sich in den
526 1337 3434 1604 nicht einmal den Versuch wegen, sich umzubringen. Eine Kugel -
539 1487 3321 1713 machte mich bestenfalls blind oder taub oder lahm; nähm ich
543 1675 3513 1859 Gift, so hätte es mit Leibschmerzen sein Bewenden, und aus einem
539 1851 3221 2018 Wasser, wär es noch so tief, zappelte ich mich wieder ans
526 1988 3426 2218 Land. Und wenn es mir gelänge – im Jenseits empfingen mich die
547 2135 1993 2377 Unsterblichen mich mit Lachen.
263 2202 2490 2548 Stzelt: Ein Anderer liesse es darauf ankommen.
267 2402 3413 2715 Medardus: Auch dies muss ich hinnehmen. Etzelt, wie Du wohl weisst.
572 2582 2410 2816 Sonst hättest Dus nicht ausgesprochen.
259 2757 3192 2962 Etzelt: Trotz allem schwör ich, Du trägst eine Vaffe bei Dir.
276 2841 3639 3133 Medardus: ich werde mich wohl hüten sie fortzuwerfen. Denn fände den
585 3070 3350 3263 sie einer, —se geschähe etwas furchtbar törichtes damit. Ein
568 3150 3517 3405 Kind fände meinen Polch und erstäche seine Geschwister im Spiel,
597 3384 3472 3568 oder eine glückliche Braut ritzte sich aus Versehen die Hand.
589 3513 2649 3710 und es träte der Brand zu der kleinen Wunde.
1011 3668 1525 3768 nahmit
927 3693 3639 3944 O, als ich ihn zu mir nahm, was ich in auster als Leute
317 3655 2231 3918 Etzelt: Warum haab Du den Dolch bei Dir?
944 3810 3672 4069 er hatte seinen Zweck. Damals als ich ihn zu mir nahm, xxx
297 3898 827 4132 Medardus:
581 4015 2515 4253 Er war bestimmt die Tat zu vollbringen. —
409 4002 3371 4378 tzelt: Die Tat / xxx (bifte) Ogutes Erbarbaster. vie
2231 4136 3367 4336 dichnt dies trist!
551 4311 3359 4579 rdus: Ja, Etzelt, er war bestimmt. Nun aber ist er angespien
610 4441 3321 4696 und ist seine Rat nicht mehr wert! Bespien wie meine Hand,
618 4608 3279 4871 mein Antlitz, meine Seele. Verstehst Du mich, Stzelt. Die
614 4741 3275 5084 Waffe des Befreiers, des Rächers blinkte in meiner Hand,
