3672 5400
281 495 3150 741 sie nach Haus gekommen. (die hungrigen Augen der Frau Berger
277 737 1856 932 bemerkend) Wollen sie sie haben?
121 823 2016 1072 au Berger: Ich will Sie nicht berauben.
105 998 2031 1228 rau Klaehr: Nehmen Sie nur, Frau Berger.
113 1076 2971 1353 rau Berger: Also wenn sie erlauben, Frau Klaehr... (isst die
296 1318 3209 1548 Semmel) Wir haben seit acht Tagen kein gebäck im Haus g'habt.
117 1435 3236 1665 sorger: Ein Slück, dass unsere Einquartierung das nicht erlebt hat.
308 1602 3138 1805 Die habn ja nie genug gehabt. Die wär'n schön greb geworden.
308 1762 1244 1977 Friede ihrer Asche.
86 1891 3092 2164 rau Berger: Wissens, Frau Klaehr, das Pfund Kalbfleisch kostet,
296 2098 3064 2304 wenn mans kriegt, einen Gulden geben sie acht, Hungersnot
296 2246 3127 2433 kommt auch noch. Kein Wunder, wenn man aus die Kirchen Wach-
296 2406 3061 2581 stuben macht. Und keine Frohnleichnamsprozession ist heuer
312 2530 858 2737 auch nicht.
97 2671 3232 2940 erger: Es gibt eh schon Leut, die am Verhungern sind. Die Gefange-
300 2858 3115 3041 nen, die unsrigen nämlich, die kriegen überhaupt so gut wie
281 3010 3092 3213 nix zum essen. Viele laufen auf der Strassen herum und bet-
308 3174 3193 3361 teln. Aber die, wo sie leider Platz haben zum Einsperren, die
312 3298 3174 3462 lamentieren, dass mans bis auf die strassen hört. Gestern war
402 3427 873 3552 deswegen
2324 3423 2546 3536 nichly
312 3466 3189 3673 ja so ein Auflauf am Spittelberg. Haben Sie nix davon gehört,
308 3614 3267 3852 Frau Klaehr? Der Tischlermeister Tell ist verhaftet worden bei
308 3774 1076 3965 der Gelegenheit.
819 3805 3369 3985 da, das hab ich schöst; aber ich weiß nicht evarum.
86 3961 2975 4086 Frau Klaehr: Der Tell, der bei der Bürgermilte Hauptmann ist?
97 4101 3185 4269 erger: Na ja, grad deswegen; er hat nämlich die Wach vor den Hof-
300 4218 3205 4374 stallungen gehabt und wie der Auflauf war, (da ist er dagegen
300 4370 1041 4542 eingeschritten.
109 4429 3228 4733 rau Klaehr: Ja, das ist unser Bürgermilitär/ Dazu lassen sie sich
300 4675 862 4924 gebraucken.
1634 4998 1942 5197 195 -
