3699 5464
631 689 3366 863 Ihre Bitte wäre nicht vergebens gewesen. Mit wohlfeilen Gna-
634 840 3408 1106 den von der Art, wie Sie sie erflehen wollen, haben sich Empor-
638 990 3316 1176 kömmlinge seit jeher ihre eigene Grösse zu beweisen gesucht.
642 1126 2519 1377 Warum haben sie es nicht getan, Laffraye?
2658 1242 3130 1404 chappe
398 1304 3277 1520 Laffraye: Weil ich Sie zuerst fragen wollte, Herr Vicente, ob
642 1435 2755 1656 bereit wären, mich auf diesem Vge zu begleiten.
480 1536 882 1679 Crayeurs
402 1571 3327 1842 Vicomtes: Denken Sie im Ernst, Laffraye, dies sollte das Ende von
634 1745 2662 1950 zwanzig Jahren verbannung der Ehre bedeuten?
387 1865 3463 2116 Laffraye: Des Trotzes vielleicht, Herr Hieder. Es ist noch Zeit,
809 2012 1184 2112 merquis
642 2070 2515 2259 Herr Vieemte! Dagusan, es ist noch Zeit! -
468 2124 832 2275 Marthie
1691 2170 2228 2294 Charprize
402 2201 3346 2391 Vicomte! Ich sehe die Frau Vieemtesse aus dem Garten hierher kom-
631 2344 2263 2526 men. Lassen Sie mich mit ihr allein.
646 2445 3463 2689 (Laffraye und Dagusan zur Terrassentüre, wo sie der eben eintre-
634 2669 3389 2851 tende Helene begegnen, sie verneigen sich und gehn in den Gar-
631 2832 882 2994 ten.)
1633 3219 2136 3397 Marnis-
1664 3358 2426 3567 Vicomte? Helene.
379 3528 2921 3757 Helene: Sie haben Ihre Freunde verabschiedet, Hertrand?
542 3687 967 3834 merging
398 3714 3443 3911 Vigem xxx: Es bleibt mir nicht viel Zeit mehr Sie zu sprechen, Helene.
600 3849 3312 4047 Um die Mittagsstunde, so findet Result es nötig, müssen wir
592 4016 3219 4213 den Bannkreis dieses Hauses verlassen haben. Bis zum Abend
592 4182 3261 4368 halt ich mich verborgen, dann geht es auf eine Reise, deren
588 4306 1667 4484 Ende sehr ungewiss ist.
356 4414 2944 4685 Helene: Ich hätte gewünscht, Sie besser Mutes zu finden.
0 4612 3110 4863 Jacques voornte: Dass ich leichter Sinnes von Ihnen scheiden sollte,
588 4755 2368 5033 mehr, als Sie verlangen dürfen, Helene...
