3683 5624
536 737 3255 993 (Die Treppe wird geräumt, doch kommt immer wieder neuer Nach
512 879 3200 1174 schub, so dass sich das Spiel noch einigemaker wiederholt.)
197 1005 3307 1316 Schreubler (zu einer Gruppe vom rechts tretend): Ist's wahr? Abge-
504 1210 3259 1450 sandte aus dem österreichischen Hauptquartier sind eben beim
497 1344 1230 1549 Kaiser Mäpolen
229 1387 497 1557 Beyer
544 1513 3330 1785 Ja, wieder einmal. Der Fürst Lichtenstein und der Graf Bubna,
197 1525 516 1718 Bredl:
248 1711 3330 1912 und der General Meyer. Seit neun Uhr früh sinds oben und jetzt ist
481 1797 1052 1975 bald zwölf.
169 1935 532 2160 Föderl:
587 1931 3015 2195 Gott gebe, dass sie endlich zu einem Resultat kommen.
193 2116 493 2341 Bresa!
548 2136 1994 2321 Wird ein schönes Resultat sein.
922 2254 1084 2349 nun
166 2294 3334 2550 Schreibiger: Wenn endlich einmal Friede wird, dass ist die Hauptsache.
469 2467 3224 2645 Dass wir von draussen nichts zu hoffen haben, das werden die
477 2625 3358 2853 da oben doch endlich einmal einsehen. Es rührt sich gar nichts
481 2747 769 2932 mehr.
524 2873 3114 3153 Und wenn sich's je gerührt hat, wars auch für die Katz...
154 2853 449 3094 Bradl:
169 3070 449 3252 Weber:
504 3098 2101 3287 Ich glaub an keinen Frieden nicht.
150 3114 3125 3417 in alter Bürger: Mir ist gleich. Zwei Söhne hab ich gehabt, der
461 3382 3240 3594 eine ist in Regensburg gefallen, den zweiten habens in Aspern
449 3559 2258 3772 zum Krüppel g'schossen. Mir is gleich.
138 3689 3259 3882 Schreubler (zu Veber): Varum glauben Sie denn nicht an den Frieden?
441 3874 3200 4111 Wir haben ihn doch schon gewissermassen. - Seit zwei Monaten
441 4012 1588 4229 ist ja Vaffenstillstand.
118 4166 426 4367 Weber:
461 4063 3188 4391 Die Bedingungen, die der Napoléon stellt, sollen ja schreck-
426 4312 3208 4540 lich sein. Von überall wollens unserm schönen Gesterreich ein
414 4485 3023 4710 Stückel wegschneiden. Und auch aus der Mitten heraust Das
402 4623 3220 4891 halbe Galizien sollen wir hergeben. Und Salzburg und Berchtes-
402 4785 836 4982 gaden...
87 4942 434 5155 Töderl:
493 4934 2187 5159 Was brauchen denn Sie Berchtesgaden?
