4472 5576
2222 458 2741 761 fordert,
970 630 3772 880 ungeheuersten Pläne besser ist einen Sohn zu haben, der ein
970 835 2680 1056 Bürgermädchen freite, - als keinem -
687 921 3981 1199 Medardus: Hier meine Hand, Franz! Wir wollen gute Freunde sein, wenn
990 1150 1776 1354 ich wiederkomme.
704 1411 3821 1722 Karl Etzelt tritt auf (kleiner blasser Mensch, die eine Schulter
1056 1682 1530 1759 Lückend,
716 1702 3977 1931 etwas höher) mit grossen blauen Augen, glatt gestrichenem Haar, hoher
712 1849 1710 2062 Stirn). Die Vorigen.
700 2050 2111 2262 Medardus: Bist Du endlich da?
700 2172 3899 2442 Etzelt: Ich habe mich ein wenig verspätet. (Sieht mit einigem Er-
998 2357 2987 2553 staunen die Gruppierung der Gesellschaft.)
700 2463 3829 2696 Medardus: Und jetzt kommst Du eben zurecht - was denkst Du, wozu?
712 2614 3981 2848 Etzelt (beherrscht): Mir ist, als wär es nicht schwer zu raten. Ich
994 2835 3224 2987 beglückwünsche Sie von Herzen, Fräulein Agathe.
712 2917 3870 3203 Agathe: Ich nehm es von wenigen lieber an als von Ihnen. (Reicht
1002 3109 1686 3334 ihm die Hand.)
716 3187 3887 3478 Etzelt (reicht auch Frau Klaehr und François/xxx die Hand,
1002 3437 2050 3625 begrüsst die übrigen.)
708 3568 3715 3764 Medardus: Nun aber Karl, musst Du Dich entscheiden, ob Du hier
1002 3711 3821 3903 bleiben willst, oder mich wenigstens ein Stück Weges beglei-
1006 3928 1211 4059 ten.
1223 3932 1698 4108 Vuftent fils
712 3985 3903 4214 Etzelt: Selbstverständlich begleit ich Dich, wenn Du nichts dagegen
998 4173 3764 4361 hast und so weit es geht. Am liebsten bis zu Deiner ersten
998 4345 1518 4525 Heldentat.
724 4464 3498 4672 Eschenbacher: Das ist einer, der an Dich glaubt, Medardus.
724 4648 3879 4824 Etzelt: Ja Meister Eschenbacher, das tu ich. Der da ist nicht ver-
990 4779 3678 5004 dorben durch Zweifel und Zagen wie andre, die wir kennen.
2246 5012 2479 5306 26 -
