3699 5512
632 586 2488 777 wagen wird rechtzeitig zur Stelle sein.
777 700 3139 873 Und wollen bei der Herren schon sage in Nächte lans
337 823 3211 953 Herzogin: Haben Sie denn die Aussicht ihn im Kreis herumfahren
322 930 494 1030 G.F.P.
796 892 1003 999 Dans Votre
1072 899 1278 987 11 1
2695 869 3544 1095 me there on Ende.
635 903 3265 1167 und an der gleichen Stelle halten xxx lassen, wo die Fahrt
635 1041 1255 1148 re Herzog und
2281 1079 2557 1187 hala.
635 1133 3295 1343 begann und dem Herzög vorzulügen — er sai am Eingang zu den
785 1198 1171 1301 rankreich
639 1278 1183 1386 Tuillerien?
677 1359 1164 1454 mais il y a peu de
352 1328 3384 1646 Assalagny: Das will ich keineswegs, Frau Herzogin. Der Wagen soll
1106 1516 1393 1619 G.C.H.F.P.S.
639 1585 3479 1768 den Herzog in der Tat nach Frankreich bringen. wenn auch nicht
677 1665 854 1761 G.F.P.
655 1734 3437 1933 zum Eingang der Tuillerien, doch zum Schloss der Valois - und
639 1822 3361 2075 nicht den Herzog allein... Auch Sie, Frau Herzogin - und die
666 1983 861 2078 G.C.H.F.P
635 2040 1332 2220 Frau Marquise.
360 2151 3265 2369 Herzogin: Ich bin ausser dem Spiel, Assalagny... und bei klaren
655 2316 3311 2541 Sinnen... Vergessen Sie das nicht. Und bin die Herzogin von
655 2450 1026 2618 Valois.
559 2564 907 2695 Monsieur
348 2572 3422 2832 Assalagny: Frau Herzogin, dies hielt ich mir niemals gegenwärtiger
666 2802 3253 2982 als nun, da Ihnen vielleicht bald von Napoléon selbst das
639 2894 865 3005 Votre Votre
647 2985 3207 3116 Recht verliehen sein wird, sich - wieder so zu nennen...
379 3051 3292 3295 Herzogin: Assalagny!... Sie sprachen früher den Namen einer Un-
670 3288 3487 3472 glückseligen aus, die einst meine Tochter war...Die Marquise...
2538 3364 3357 3452 an Erklärts haben
662 3418 3460 3636 Hier ist ein Zusammenhang, den Sie mir nicht länger verschwei-
670 3590 2622 3797 sen werden. – Was ist geschehn, Assalagny?
364 3674 3391 3931 Assalagny: Nichts, Frau Herzogin, als was der überlegenen Voraus-
658 3881 3280 4111 sicht der Frau Marquise grosse Ehre macht, ohne an irgend
666 4057 2871 4271 einer andern ihrer Tugenden Zweifel zu erlauben!
383 4222 1497 4402 Herzogin: Assalagny! -
1500 4233 1979 4405 Wort
364 4317 3223 4559 Assalagny: Wenn ich die Andeutungen der Frau Marquise recht vor
1003 4455 3368 4735 die ich gestern Abend die xxx hatte von xxx zu ver-
655 4566 953 4681 stand,
532 4627 953 4754 die ferne
666 4650 3299 4911 nehmen, eh sie sich zu dem Hofkonzert nach Schönbrunn bege-
570 4815 911 4926 versieh
670 4830 3169 5087 so war es ihre Absicht. bei Kaiser Napolsen für den Herr
