4504 5496
1081 594 3973 822 Dann mein Frau vor fünfundfünfzig. Dann meine zweite, das war
1101 818 3841 1001 aber schon eher eine Gemahlin, vor vierzig. Dann fünf Söhne
1089 973 3769 1141 und drei Töchter und so ungefähr dreissig xxx) Das
1077 1093 3957 1320 letzte Enkelkind, das war die Mutter von der Kleinen. Ist auch
1077 1280 3231 1412 schon sieben Jahr her. Na, und seitdem is Ruh.
786 1404 3849 1619 Wachshuber (gibt der Kleinen ein Zuckerl): Da hast was, Kleine.
1069 1540 2888 1711 Sie darf schon, was, Herr Urgrossvater?
798 1719 3658 1867 Frau Föderl: Haben's vielleicht die zwei jungen Leut gekannt?
790 1827 2732 1998 Der uralte Herr: Was denn für junge Leut?
786 2006 3789 2174 Frau Föderl: Die heut begraben werden. Die Agathe Klaehr von der
1053 2178 3765 2365 Buchhändlerswitwe in der Teinfaltstrasse und den Franzosen,
1061 2302 2262 2485 Graf soll er g'wesen sein.
766 2425 2864 2649 Wachshuber: Prinz, wenns gefällig is, Prinz.
782 2625 3454 2764 Schreubler: Aber keine Spur! Auch kein Graf nicht einmal!
762 2752 3546 2924 Der uralte Herr: Junge Leut? Wie alt sind sie denn g'wesen?
778 2908 3961 3119 Wachshuber: Das Mädel war siebzehn. Und der Prinz, wie alt wird denn
1033 3059 3299 3223 der g' wesen sein..Na, sag ma halt zweiundzwanzig.
738 3207 3757 3422 Der uralte Herr: Siebzehn und zweiundzwanzig...Na, rechne einmal
1017 3351 1855 3510 zusammen, Greterl.
738 3514 2473 3698 Das kleine Mädchen: Neununddreissig.
730 3630 3933 3901 Der uralte Herr: Neununddreissig! - Und ich bin dreiundneunzig...Das
1001 3817 3825 4053 ist ein Nummero, was? (Seezt sich auf einen Grabstein) Was
989 3929 2102 4136 hat ihnen denn g'fehlt?
686 4128 3769 4324 Frau Grinzinger: Nicht hat ihnen g'fehlt. Ins Wasser sind sie ge-
993 4264 1348 4404 gangen.
650 4388 1691 4595 Leopoldine (weint).
690 4567 3390 4798 Der uralte Herr: Warum sind sie denn ins Wasser gegangen?
678 4687 3163 4918 Frau Grinzinger: Ja, Umgebracht haben sie sich halt.
1895 5050 2182 5169 — 57 -
