3784 5528
199 541 3084 792 Föderl: Aber das ist doch jetzt eine sehr unsichere Passage.
227 732 2948 923 Bargetti: Ja, eine Garantie könnten wir nicht übernehmen.
215 875 3298 1106 Berger: Höchtens, wenn sich der Herr Föderl vielleicht ein weisser
489 1042 2085 1269 Schnupftüchel auf den Hut steckt.
1277 1174 1826 1416 (Gelächter.)
223 1313 2606 1552 Föderl: Da werd ich halt doch lieber noch warten.
732 1488 2642 1699 Ja, es wird schon das Beste sein. (Fort)
231 1504 684 1723 Bargetti:
219 1635 3346 1886 Frau Grinzinger: Varum haben s' denn dort eine schwarze Fahne auf-
832 1798 3649 2045 ist des Erkentenis. Dort, auf dem Universalspieler
533 1822 923 2033 gezogen?
239 1962 3290 2145 Berger: Das muss ein Spital sein oder sonst ein öffentliches Ge-
2300 2089 2614 2208 -
716 2101 1635 2212 Il allait ait eu
517 2105 3422 2375 bäude. Damit unsra Leut wissen, wohin sie nicht schiessen dür-
1269 2260 1504 2371 wie
521 2316 756 2475 fen.
223 2391 3286 2622 Föderl: Herrgott, wenn meine Frau nur so gescheit is, und steckt
525 2578 2908 2809 auch eine schwarze Fahne aufs Dach von unserm Haus.
975 2725 2682 2964 (Man hört Hochrufe hinter der Szene.)
959 2893 1950 2964 die Deutschmeister
227 2940 2578 3119 Berger: Ah, das ist äusre Landwehr! hoch, hoch...
979 3016 1850 3187 du nouveau des
1217 2948 3680 3259 [Hülschmeister = Grenedich]
247 3076 939 3239 Andere: Hoch!
2363 3123 3521 3275 zichts unsieren unter¬
362 3227 2499 3402 Königste xxx
2634 3231 3016 3386 rtehte
139 3251 1194 3537 A l'oeuf sa the von vorbe¬
1277 3366 3004 3557 wird überall mit Hochrufen begrüsst.)
545 3418 1217 3561 Bastel gezogen
1206 3434 1560 3581 wirklich
338 3469 605 3597 Rey
259 3521 3458 3712 Schraubler: Das ist noch ein Glück, dass die gestern eingerückt sind.
263 3684 2710 3871 Frau Grinzinger: Was ist denn das für ein Regiment?
302 3836 533 3971 Tet
426 3776 3318 4038 ger: Das sind die von Hiller. xxx s' denn nicht gehört, heute
76 3839 362 4078 Lebenble
525 3955 2495 4210 Mittag auf dem Burghof die Musik spielen?
354 4042 521 4225 B
251 4094 3306 4345 Schrausler: Jetzt - wenn noch der Erzherzog Karl zu rechter Zeit
2168 4269 3147 4468 40 slechter deur
553 4325 1050 4524 ankän...!
239 4321 3378 4643 Föderl: Ja, ist denn der noch immer nicht der - was is ja schreck-
525 4635 3298 4826 lich, das hat man uns doch für ganz sicher versprochen, daß
529 4747 2578 4969 der Erzherzog Karl kommt und uns rettet....
