3800 5352
719 606 2439 900 Händen, wendet sich und geht langsam
719 897 1474 1111 Frau Marpusé,
777 1060 3434 1296 Vieentesse, welche bewundernswerte Macht wohnt in Ihrer Stil-
446 1042 697 1227 Rapp:
733 1249 3227 1496 me und geht von Ihrem Blicke aus! Er sieht sie an,
722 1358 1565 1579 seinen Blick aus.)
436 1474 784 1666 Herzog:
842 1517 3096 1779 Ich muss um Entschuldigung bitten, Herr General...
417 1677 682 1866 Rapp:
751 1695 3325 1931 Sie scherzen, Herr Herzog! Man hat am Ende so vielerlei g
697 1844 3358 2080 sehn im Lauf der Jahre, dass die Erscheinung eines interes-
693 1986 3387 2240 santen Verrückten vielleicht als ein rührender Zwischenfall,
1775 2102 2280 2218 guch chuis
690 2138 3354 2338 keineswegs aber als ein Vorfall von irgendwelcher Bedeutung
657 2243 2897 2508 (betrachtet werden könnten) zu wirken vermag.
388 2389 3311 2730 Herzog: Herr General, Sie wurden in Ihrem Vortrag unterbrochen,
679 2559 1663 2770 vollenden Sie, bitte.
381 2679 643 2940 Rapp:
708 2748 3365 2973 Ich mache von Ihrer Erlaubnis Gebrauch, Herr Herzog. (Läche
661 2889 3448 3129 Der Kaiser, so gross als Feldherr wie als Kenner menschlicher
657 3038 3470 3289 Seelen, hegt das Bedenken, dass manche seiner Untertanen, die
650 3169 3423 3441 trotz längst erlassener Amnestie, sich bis zum heutigen Tage,
632 3365 3394 3554 dem Throne und dem Heeresdienst fernhielten, lieber in ihrem
646 3492 3412 3692 gefährlichen Trotz verharren - als der Missdeutung sich aus-
2686 3637 2839 3728 werden
639 3648 3394 3862 liefern wollten - sie triebe nur Angst zu den verspäteten und
639 3786 3387 4044 vielleicht nicht mehr willkommenen Huldigung. Um sie von die-
617 3971 3332 4178 ser wohlbegründeten Furcht zu befreien, hat Seine Majestät
613 4102 3136 4273 mich beauftragt, die hier, in Wohnhause des Mehemaligen
1223 4204 1503 4294 als
592 4174 3354 4436 Herzogs von Bervy versammelten Untertanen seines Reiches sei-
603 4341 3314 4632 ner Gnade zu versichern und sie für morgen zu der im Schloss=
599 4523 2664 4763 Schönbrunn stattfindenden Cour einsuladen...
327 4632 1459 4861 Herzog: Herr General...
305 4817 2610 5100 Rapp: Es bedarf keiner Antwort. Der Kaiser nimmt xxx
