3755 5560
145 548 3228 765 Helene: Was soll ich mit ihm? (zerreisst ihn) Keinem andern wird
395 690 3166 893 er jemals vor Augen kommen. Jagt er Deinen Hass nicht auf,
440 868 3183 1055 so hat er geringere Kraft, als ich ihm zutraute..Oder bist
432 1022 3162 1213 Du wie die andern alle in dieser sonderbaren Stadt, ohne
436 1184 3154 1363 Mark und ohne Galle, Medardus? Gewiss, Modardus, es könnte
461 1321 3204 1500 auch übel ausgehn. Aber denkst Du, ich liesse Dich dann im
453 1471 3282 1666 Stich — 7 Misskennet Du mien, Medardus? Du sollst ein Zeichen
2256 1579 2443 1679 rie
465 1571 3282 1841 bei Dir tragen, das mich zugleich mit Dir vereint und uns ge-
470 1741 3341 1999 meinsam dem Blutgericht überliefert. Ist Dir Dein Leben teurer
486 1932 3041 2098 als mir? Ich kann's nicht glauben. Aber wenn's gelänge,
470 2040 3303 2273 Medardus! Wenn's gelänge! Bedenke für wen du's vollbrachtest!
490 2223 3195 2418 Am Tage drauf, bedenk es, gehörte den Valois die Krone von
486 2393 3253 2576 Frankreich - und die Valois, Medardus, die Valois sind dank-
1658 2522 2643 2722 y*e.. die Krone von Frau
2738 2518 3528 2742 Und Glaubt
507 2555 715 2717 barr
765 2530 1296 2788 me getrotly
216 2663 3565 2921 Medardus (entschot vor ihr zurückweichend): Dankbar!...Darum für die
507 2830 3336 3075 Auch das dachtest Du noch aus mir zu machen. Einen gedungenen
494 2992 3295 3170 Mörder.. im Solde.. der Valoist...Du - aus mir!...Doch warum
519 3116 3307 3353 staun ich!..Was hast Du schon eiles aus mir gemacht!.Konnt
536 3274 3262 3499 ich Dir anders erscheinen..  Oh meine..Tatl... (Er geht ver-
544 3507 906 3694 stört.)
627 3569 3233 3848 (ihm nachsehend): Sollt ihm der Gedanke so fern gewesen
245 3690 586 3877 Helene
548 3752 3258 3964 sein...? Oder war er ihm so nah.? 1.... - (Ihre Hände be-
544 3856 3299 4138 trachtend, mit einem seltsam verlorenen Lächeln) sollt nun
536 4043 3233 4346 Euch aufbewahrt sein - hochmitig mörderische Finger..
573 4267 1454 4479 (Sie bleibt stehn.)
1512 4280 2643 4591 (Ferner Kannonandonner)
1699 4641 2522 4845 (Vorhang.)
2023 4795 2264 4907 ======
