3672 5592
1152 2051 3119 2336 & Beyer. Die werden sichs überleges
712 2248 3313 2633 aif den Glenispapenertischen Geben nur
725 2429 3193 2779 gemo ein halbes Lützend Lausoren von
715 2569 3284 2921 nur aus niederjeschossen wurde. Am Abend
731 2759 3102 3102 moi ne voit dégelège. Le musée ne
715 2928 2772 3264 bes des trois fortquai eut haleu
1142 3235 1404 3452 Puis
873 3157 3267 3533 F. A. Aber seit est recht still.. Ich
786 3348 2966 3701 welp gar midt, worauf er alten wie
806 3652 1834 3850 deux citer était
754 3652 3128 3995 the no. Herr Berger, thien I dork
644 3853 3125 4199 de Fra Géronège de Schellen. Et
747 4157 2666 4383 ist der reibt lebhaft genug
1100 4296 2329 4493 c'est de cette  deu leur
670 4309 3167 4658 Berg, nur damit - zu jechl - die
641 4558 2109 4859 est pue de traf
696 4772 922 5027 F.S.
2184 4348 2957 5076 Wm. N.
1025 4752 2138 5027 J' glaube s'éleur
