3640 5224
186 571 1356 839 „Merins: In mein Zimmer?
153 748 2254 1001 Helene: Varum nicht? Gaillard ist ja fort..
145 939 3374 1195 Herina (leise zu ihr): Gnädigstes Fräulein, um einen Liebsten trauert
414 1075 1910 1303 man länger als um einen Bruder.
145 1207 2324 1398 Helene: Da drin erheben sie sich vom Tisch...
145 1352 3469 1604 Kerina: Ja, ich sehe... Aber wolodem, gnärzte Konsessin – in mein
616 1497 1811 1600 fimmer” impuser de
145 1551 2382 1757 Helene: so führ ihn in mein Zimmer. Mein
132 1671 1580 1881 Merina: In Ihres, Prinzessin?
116 1873 3217 2076 Helene: Und rasch.. da die Mauer entlang...Sieht auch wer auf dem
405 1993 3159 2258 Veg... so ist es eben sein meuster Liebhaber - Keiner wird
414 2138 1050 2311 sich wundern.
103 2266 3250 2535 Nerina: Nun ja.. Aber wie werden wir ihn fortbringen. Einmal muss
401 2444 2059 2622 er doch fort - und der Schlüssel...
112 2531 3279 2849 Helene: Sobald Du herunterkommst, wirst Du Dir Schuhe und Strümpfe
393 2795 3184 2985 ausziehn, in den Teich steigen und den Schlüssel suchen. Er
376 2886 2460 3155 muss gefunden sein, bevor die Sonne aufgeht.
860 3068 2059 3304 (Nerina und Medardus ab.)
302 3209 662 3416 chacun
87 3316 1712 3606 Der Vigenste (tritt aus dem Saal).
99 3511 1207 3726 Helene (ihm entgegen).
170 3655 335 3726 was
83 3664 3254 3928 Viechte: Sie waren so blass, Helene, als Sie vom Mahle aufstanden.
91 3846 1807 4048 Helene: Die Luft hat mir wohlgetan.
91 3953 509 4032 Myne
120 3999 2436 4152 Vicomte: Helenel..meine Braut!.. meine Geliebte...
66 4036 3043 4354 Helene: Das ist zu stürmisch ausgedrückt, Bertrand... Sie
331 4280 3081 4491 vergessen, dass Sie gleich nach der Trauung abzureisen habe.
194 4474 3271 4681 comte: Ich vergesse es nicht. Aber ich bedenke zugleich, dass bis
306 4598 3047 4826 zu diesem sehr ersehnten Tage noch einige Tage verstreichen
331 4706 2349 4983 worden. und die sich unter
