3715 5560
256 567 3055 909 Etzelt: Er ist sehr teuer, Herr Wachshuber. Fünfundswanzig Qua¬
525 777 1154 987 das Exemplar.
241 898 2499 1166 Wachshuber: Donnerwetter, das ist ein bissl viel.
237 1100 1916 1329 Etzelt: Wird also das eine genügen?
218 1247 2406 1488 Wachshuber: Ah was, wenn schon, ich nehm beide.
229 1415 3097 1675 Etzelt: Beide...30.. Na, schön, ich werd sie Ihnen morgen früh
482 1554 3323 1819 hinüberschicken lassen, Herr Wachshuber, eins ist sowieso unten
501 1718 1026 1900 im Magazin.
202 1830 3319 2091 Wachshuber: Aber wozu denn hinüberschicken, das eine da, dass packen-
2429 2025 2697 2122 zakez
470 2017 3117 2270 mir gleich zusammen.. Da wär das Geld. (Er legt es auf den
459 2122 824 2332 Tisch.)
183 2196 3276 2526 Etzelt: So.. Na varten mir bis der atlas daliegt. (Er geht zu ei-
451 2476 3136 2775 nem Regal mit grossen atlanten und sucht den atlas hervor)
171 2829 3299 3062 Berger (von rechts): Guten Abend, meine Herrschaften. Na, da wären
451 3000 3323 3198 wir wieder einmal so weit. Bei uns daheim haben sich die Herren
455 3171 3156 3319 schon bequem gemacht. Ein Rittmeister von den Oudinot'schen
447 3264 3198 3502 Grenadieren und zwei Leutrants. Ganz feine Leut so weit, aber
439 3474 3121 3649 unter uns, dass die Annerl jetzt im Spital schlaft, ist mir
431 3630 3261 3851 lieber. Ich komm grad von ihr. Steht ihr gut, die weisse Schür-
427 3754 1360 3921 zen und das Hauberl,
140 3863 3202 4166 Frau Klahhr: Hat sie denn schon was zu tun? Ist die Vinterreitschul
416 4022 1271 4224 denn schon belegt?
120 4193 3113 4426 Berger: Na, was denn, die Franzosen haben ja gleich ein paar hun-
396 4349 3121 4543 dert Marode mitgebracht. (Man hört wieder vorbeimarschieren
385 4477 3121 4741 Schrecklich, das wird heut die ganze Nacht gehn. Und was so¬
396 4613 3043 4904 gens, Frau Klachr, wie die Stadt ausschaut? Der Trattnerheit
