3691 5464
331 706 3308 960 Desolteux: Herr Herzog, empfangen Sie ihn nicht. Sonst haben Sie
596 829 2209 1078 den Mann anerkannt, der ihn sendet.
319 972 3304 1209 Assalagny: Das scheint mir nicht richtig...Gerade, wenn der Herr
592 1172 3316 1409 Herzog den General nicht vorliesse, erkennt er ihn als Adjutan
604 1327 3202 1499 ten des Kaisers - und den General Bonaparte als Kaiser an.
94 1348 502 1621 trangilischen
604 1450 3434 1723 Denn was könnte den Herzog abhalten, einem tapfern Offizier
176 1535 1723 1805 ### Höflichkeit zu erweisen.
323 1732 3304 1952 Herzog: Assalagny hat Recht..Ich habe keinen Anlass die Armee mehr.
596 1923 3189 2189 nes Vaterlandes zu beleidigen. Der General möge eintreten.
319 2087 976 2275 Diener (ab).
1029 2140 1368 2291 marquis
327 2164 3247 2454 Laffraye: Herr Vioomte, ich beschwühre Sie, entfernen Sie sich eh
588 2369 3369 2618 der General eintritt. Kein Zweifel, das ganze richtet sich nur
588 2532 3132 2712 gegen Sie. Denken Sie an das Los des Herzogs von Enghien.
1768 2663 2205 2777 ausquisé
298 2687 3361 2855 Assalagny (zu Helene): Frau Tieemtesse, auf Ihren Augen, suf Ihrem
576 2838 2479 2985 Lippen, steht das Schicksal dieses Hauses.
319 2957 2340 3214 Desolteux und Dagusan (standen beim Herzog).
306 3144 1519 3357 General Rapp (tritt ein).
306 3414 3594 3765 Herzog: Ich begrüsse Sie in meinem Hause, Herr General. Erlauben Sie, dass
580 3679 3332 3826 Sieh Sie mit den hier Anwesenden bekannt xxx mache. Meine Toch-
2352 3794 2818 3888 Witsen
2981 3786 3255 3880 Valeis
1176 3790 2042 3908 Charpuse Valors,
588 3847 3292 3998 ter Helene, Vicemtesse von Barry, der Herr Vicente vonaiy.
555 3949 3124 4137 Und hier meine Freunde, Desolteux, Laffraye, Dagusan, der
564 4121 1768 4317 Dr. Assalagny, Renault....
274 4170 2842 4468 Desolteux (Leise und rasch): Ist nicht da, Herr Herzog.
282 4451 3177 4664 Rapp: Den Herrn, der sich in der letzten Zeit Rensult nannte, wi-
551 4570 3189 4782 man hier nicht wiedersehen, Herr Herzog. Er ist vor wenigen
2679 4713 3198 4888 schaftet vor-
543 4721 1972 4990 Minuten (auf Befehl des Kaisera=
2356 4851 2581 5060 of
1899 4864 2328 5121 The fore
