4440 5560
698 566 3806 860 Eschenbacher: Zweifel und Zagen, lieber Etzelt, sind der Klugheit
959 810 3794 1058 ehrliche Kinder. Nur meist verleugnet, wenn vornehmer Besuch
967 1012 1492 1182 kommt......
694 1066 3885 1335 Medardus: Leht wohl, alle, lebt wohl. Euch alle, die ich lieb habe,
975 1244 3777 1488 trag ich in meinem letzten Blick davon. Und Ihr mögt wissen,
979 1413 3769 1591 wenn es anders kommen sollte, als wir alle wünschen, Mutter,
984 1546 3864 1752 Agathe, Franz, Euch alle, von denen ich nun Abschied nehme, in
992 1727 3947 1930 jenem Augenblick würd ich Euch alle wiedersehn. Lebt wohl, lebt
996 1855 3980 2075 wohl. Ich wende mich nicht mehr um. (Er geht, Etzelt folgt ihm)
1037 2050 2938 2236 Bis zum Haustor will ich doch mit - (ab)
674 2021 926 2248 Anna:
694 2190 3835 2401 Berger: Komm Mutter, wir wollen doch gleich lieber mitgehn, sonst
996 2289 3951 2513 steigt das Annerl am Ende zu ihm ein und geht als Marketenderin
979 2492 3963 2678 mit in den Krieg. Adio, auf Wiedersehn. (Mit seiner Frau ab.)
674 2628 4000 2897 Frau Klachr und Eschenbacher (zum Fenster hin, das Frau Klaehr öffnet).
727 2798 2798 2971 Agathe (fragend, flehend): Franz, Franz...
715 2864 3967 3149 Franz: Einen Augenblick noch, dass sie nichts merken. (Zum Fenster
1004 3108 2475 3302 hin) Leben Sie wohl, Medardus.
715 3252 2248 3480 Medardus (Stimme): Adio, adio.
711 3351 3261 3579 Frau Klaehr: Medardus! - Er sieht nicht mehr herauf.
703 3570 1827 3756 Franz (wieder zurück).
715 3661 2946 3942 Agathe (die ihn regungslos erwartet hat): Nun?
723 3897 1636 4054 Franz: Es ist aus.
715 3947 3050 4211 Agathe: So hab ich Deinen Blick recht verstanden?
703 4174 3777 4356 Franz: Ohne Hoffnung aus. Von allem, was ich erzählt, ist nur das
1905 4290 2285 4385 merçait
1008 4277 3835 4480 eine wahr, dass der Vicante gekommen ist; doch sind es schon
979 4471 3922 4641 drei Tage her. Und es ist um meiner Schwester willen. Auch mit
992 4624 3785 4827 der Beratung hat es seine Richtigkeit. Alles übrige hab ich
996 4790 1409 4976 gelogen.
2099 5038 2269 5265 27
