<?xml version="1.0" encoding="UTF-8" standalone="yes"?>
<PcGts xmlns="http://schema.primaresearch.org/PAGE/gts/pagecontent/2013-07-15" xmlns:xsi="http://www.w3.org/2001/XMLSchema-instance" xsi:schemaLocation="http://schema.primaresearch.org/PAGE/gts/pagecontent/2013-07-15 http://schema.primaresearch.org/PAGE/gts/pagecontent/2013-07-15/pagecontent.xsd">
    <Metadata>
        <Creator>prov=READ-COOP:name=TrHtr:version=2.1.0:model_id=51170:date=15_08_2023_09:59</Creator>
        <Created>2023-05-10T15:10:33.236+02:00</Created>
        <LastChange>2023-08-15T09:59:52.742+02:00</LastChange>
        <TranskribusMetadata docId="1429033" pageId="55435124" pageNr="41" tsid="132846203" status="IN_PROGRESS" userId="64420" imgUrl="https://files.transkribus.eu/Get?id=ATTLFQRFPRPRXYIJOBPSZWIV&amp;fileType=view" xmlUrl="https://files.transkribus.eu/Get?id=DZYKXQHYQCXYCMTCDUPRSRSO" imageId="44709114"/>
    </Metadata>
    <Page imageFilename="1429033_0041.jpg" imageWidth="4456" imageHeight="5416">
        <ReadingOrder>
            <OrderedGroup id="ro_1711799895015" caption="Regions reading order">
                <RegionRefIndexed index="0" regionRef="tr_1"/>
                <RegionRefIndexed index="1" regionRef="tr_2"/>
            </OrderedGroup>
        </ReadingOrder>
        <TextRegion id="tr_1" custom="readingOrder {index:0;}">
            <Coords points="901,224 4191,224 4191,3342 901,3342"/>
            <TextLine id="tr_1_tl_1" custom="readingOrder {index:0;}">
                <Coords points="3334,391 3373,395 3389,383 3436,383 3448,371 3460,379 3492,359 3512,359 3512,221 3460,217 3444,201 3417,213 3389,194 3358,213 3334,213"/>
                <Baseline points="3355,286 3445,274 3523,286"/>
                <TextEquiv>
                    <Unicode>P.S.</Unicode>
                </TextEquiv>
            </TextLine>
            <TextLine id="tr_1_tl_2" custom="readingOrder {index:1;}">
                <Coords points="1138,754 1533,841 1856,758 2745,861 3152,790 3389,877 4025,802 3986,664 1138,672"/>
                <Baseline points="1158,752 1248,752 1337,758 1427,758 1516,758 1606,758 1695,758 1785,764 1874,764 1964,764 2054,764 2143,764 2233,770 2322,770 2412,770 2501,770 2591,776 2681,776 2770,776 2860,776 2949,776 3039,782 3128,782 3218,788 3308,788 3397,782 3487,788 3576,788 3666,794 3755,794 3845,794 3935,800 4024,800 4036,794"/>
                <TextEquiv>
                    <Unicode> Uhren, seidene Tücher und Edelsteine.Wir kriegen alles billig</Unicode>
                </TextEquiv>
            </TextLine>
            <TextLine id="tr_1_tl_3" custom="readingOrder {index:2;}">
                <Coords points="1146,960 2054,920 2556,984 2552,806 2279,861 1872,857 1746,806 1422,857 1142,830"/>
                <Baseline points="1164,895 1253,901 1343,907 1433,907 1522,907 1612,907 1701,907 1791,907 1880,913 1970,913 2060,913 2149,913 2239,919 2328,919 2418,919 2507,919 2561,919"/>
                <TextEquiv>
                    <Unicode>wenn wir über die Grenze sind.</Unicode>
                </TextEquiv>
            </TextLine>
            <TextLine id="tr_1_tl_4" custom="readingOrder {index:3;}">
                <Coords points="944,1153 1493,1070 3903,1142 3974,984 940,960"/>
                <Baseline points="967,1062 1056,1056 1146,1050 1236,1056 1325,1056 1415,1056 1504,1062 1594,1062 1683,1062 1773,1062 1863,1062 1952,1062 2042,1062 2131,1068 2221,1068 2310,1074 2400,1068 2490,1074 2579,1074 2669,1074 2758,1074 2848,1074 2937,1080 3027,1080 3117,1080 3206,1080 3296,1086 3385,1086 3475,1086 3564,1092 3654,1092 3744,1092 3833,1092 3923,1092 3982,1098"/>
                <TextEquiv>
                    <Unicode>Kribbling: Schämt Ihr euch nicht! Gestern noch wart Ihr ehrsame</Unicode>
                </TextEquiv>
            </TextLine>
            <TextLine id="tr_1_tl_5" custom="readingOrder {index:4;}">
                <Coords points="1126,1213 4128,1335 4128,1185 3855,1110 1122,1098"/>
                <Baseline points="1146,1206 1236,1200 1325,1206 1415,1206 1504,1206 1594,1206 1683,1206 1773,1206 1863,1212 1952,1212 2042,1212 2131,1218 2221,1218 2310,1218 2400,1218 2490,1218 2579,1218 2669,1224 2758,1224 2848,1230 2937,1230 3027,1230 3117,1230 3206,1236 3296,1236 3385,1236 3475,1242 3564,1242 3654,1248 3744,1248 3833,1248 3923,1248 4012,1248 4102,1253 4138,1259"/>
                <TextEquiv>
                    <Unicode>Bürgerssöhne, der Wissenschaft beflissen und der schönen Künste,</Unicode>
                </TextEquiv>
            </TextLine>
            <TextLine id="tr_1_tl_6" custom="readingOrder {index:5;}">
                <Coords points="1138,1390 4049,1442 4136,1331 1134,1224"/>
                <Baseline points="1158,1349 1248,1355 1337,1355 1427,1355 1516,1355 1606,1355 1695,1361 1785,1361 1874,1367 1964,1367 2054,1367 2143,1367 2233,1367 2322,1367 2412,1367 2501,1373 2591,1373 2681,1373 2770,1379 2860,1379 2949,1379 3039,1379 3128,1379 3218,1391 3308,1391 3397,1391 3487,1391 3576,1391 3666,1397 3755,1397 3845,1397 3935,1397 4024,1397 4114,1397 4144,1397"/>
                <TextEquiv>
                    <Unicode>wie man wohl sagt, und nun redet Ihr daher wie Räuber, Plünderer</Unicode>
                </TextEquiv>
            </TextLine>
            <TextLine id="tr_1_tl_7" custom="readingOrder {index:6;}">
                <Coords points="1130,1556 4187,1584 4183,1394 2895,1481 1126,1390"/>
                <Baseline points="1146,1498 1236,1498 1325,1504 1415,1504 1504,1504 1594,1510 1683,1510 1773,1510 1863,1510 1952,1516 2042,1516 2131,1522 2221,1522 2310,1522 2400,1522 2490,1522 2579,1528 2669,1528 2758,1528 2848,1528 2937,1528 3027,1534 3117,1534 3206,1534 3296,1534 3385,1534 3475,1540 3564,1540 3654,1546 3744,1546 3833,1552 3923,1546 4012,1546 4102,1546 4191,1546"/>
                <TextEquiv>
                    <Unicode>und Wegelagerer. Ihr wollt Akademiker sein. Schämt euch!</Unicode>
                </TextEquiv>
            </TextLine>
            <TextLine id="tr_1_tl_8" custom="readingOrder {index:7;}">
                <Coords points="928,1714 3196,1726 3192,1608 3018,1580 2650,1631 1947,1533 1422,1604 924,1544"/>
                <Baseline points="949,1666 1039,1654 1128,1654 1218,1660 1307,1660 1397,1654 1486,1654 1576,1660 1666,1660 1755,1666 1845,1666 1934,1666 2024,1671 2113,1671 2203,1677 2292,1677 2382,1677 2472,1677 2561,1677 2651,1683 2740,1683 2830,1683 2919,1683 3009,1683 3099,1683 3188,1683 3206,1689"/>
                <TextEquiv>
                    <Unicode>Leibolt: Aber Kribbling, es sind ja nur Spässe.</Unicode>
                </TextEquiv>
            </TextLine>
            <TextLine id="tr_1_tl_9" custom="readingOrder {index:8;}">
                <Coords points="948,1860 4005,1912 4001,1778 3484,1738 944,1746"/>
                <Baseline points="967,1803 1056,1809 1146,1803 1236,1809 1325,1809 1415,1815 1504,1809 1594,1809 1683,1809 1773,1809 1863,1815 1952,1815 2042,1821 2131,1821 2221,1827 2310,1821 2400,1821 2490,1821 2579,1827 2669,1833 2758,1833 2848,1833 2937,1833 3027,1833 3117,1833 3206,1839 3296,1845 3385,1845 3475,1845 3564,1851 3654,1851 3744,1857 3833,1857 3923,1857 4012,1857"/>
                <TextEquiv>
                    <Unicode>Kribbling: Ueble Spässe sag ich euch. Dumme Jungen seid ihr, die</Unicode>
                </TextEquiv>
            </TextLine>
            <TextLine id="tr_1_tl_10" custom="readingOrder {index:9;}">
                <Coords points="1130,1995 2026,2062 2172,1991 2330,2066 2611,2058 2891,1983 2891,1912 2686,1856 2271,1924 2109,1853 1841,1920 1126,1853"/>
                <Baseline points="1152,1952 1242,1952 1331,1952 1421,1958 1510,1958 1600,1958 1689,1958 1779,1964 1869,1964 1958,1964 2048,1964 2137,1970 2227,1976 2316,1976 2406,1976 2496,1976 2585,1976 2675,1982 2764,1982 2854,1982 2902,1988"/>
                <TextEquiv>
                    <Unicode>eben nur nicht wissen, was Krieg ist.</Unicode>
                </TextEquiv>
            </TextLine>
            <TextLine id="tr_1_tl_11" custom="readingOrder {index:10;}">
                <Coords points="885,2172 924,2184 976,2141 1134,2165 1300,2109 1552,2121 1548,2011 1505,2026 1315,1971 1244,2018 1011,1947 948,1995 881,1983"/>
                <Baseline points="901,2101 991,2101 1080,2101 1170,2101 1259,2101 1349,2107 1439,2107 1528,2107 1564,2113"/>
                <TextEquiv>
                    <Unicode>Plank: Höho.</Unicode>
                </TextEquiv>
            </TextLine>
            <TextLine id="tr_1_tl_12" custom="readingOrder {index:11;}">
                <Coords points="2568,2224 2607,2208 2635,2228 2670,2216 2757,2240 2860,2228 2856,2176 2808,2165 2793,2149 2733,2145 2698,2117 2690,2125 2674,2113 2654,2141 2611,2169 2595,2153 2560,2161"/>
                <Baseline points="2585,2191 2675,2203 2764,2215 2854,2215 2866,2221"/>
                <TextEquiv>
                    <Unicode>Mein</Unicode>
                </TextEquiv>
            </TextLine>
            <TextLine id="tr_1_tl_13" custom="readingOrder {index:12;}">
                <Coords points="928,2315 3812,2378 4065,2350 4065,2212 924,2137"/>
                <Baseline points="949,2257 1039,2251 1128,2257 1218,2263 1307,2263 1397,2263 1486,2263 1576,2263 1666,2263 1755,2263 1845,2269 1934,2269 2024,2269 2113,2275 2203,2275 2292,2275 2382,2275 2472,2275 2561,2281 2651,2281 2740,2287 2830,2287 2919,2287 3009,2292 3099,2292 3188,2292 3278,2292 3367,2298 3457,2298 3546,2298 3636,2304 3726,2310 3815,2310 3905,2310 3994,2310 4072,2310"/>
                <TextEquiv>
                    <Unicode>Kribbling: Äusser Dir natürlich... Nein, alter Kamerad, wir standen</Unicode>
                </TextEquiv>
            </TextLine>
            <TextLine id="tr_1_tl_14" custom="readingOrder {index:13;}">
                <Coords points="1106,2481 1394,2421 1781,2473 1928,2449 2014,2492 2161,2437 2394,2485 2390,2398 2050,2346 1995,2299 1825,2362 1382,2315 1106,2362"/>
                <Baseline points="1128,2394 1218,2406 1307,2412 1397,2412 1486,2412 1576,2412 1666,2412 1755,2418 1845,2418 1934,2424 2024,2424 2113,2424 2203,2424 2292,2424 2382,2430 2400,2430"/>
                <TextEquiv>
                    <Unicode>vor Austerlitz zusammen.</Unicode>
                </TextEquiv>
            </TextLine>
            <TextLine id="tr_1_tl_15" custom="readingOrder {index:14;}">
                <Coords points="908,2635 3899,2662 3895,2457 3373,2544 2895,2429 2046,2524 1691,2429 908,2473"/>
                <Baseline points="931,2549 1021,2555 1110,2555 1200,2561 1289,2561 1379,2561 1468,2567 1558,2567 1648,2567 1737,2573 1827,2573 1916,2573 2006,2573 2095,2573 2185,2579 2275,2579 2364,2579 2454,2585 2543,2585 2633,2585 2722,2585 2812,2585 2902,2585 2991,2591 3081,2591 3170,2591 3260,2591 3349,2597 3439,2597 3529,2597 3618,2597 3708,2603 3797,2609 3887,2609 3905,2609"/>
                <TextEquiv>
                    <Unicode>Rabenau: Ihr seid älter als wir. Das habt Ihr nun einmal vor..</Unicode>
                </TextEquiv>
            </TextLine>
            <TextLine id="tr_1_tl_16" custom="readingOrder {index:15;}">
                <Coords points="916,2777 3642,2820 3962,2777 3962,2686 912,2631"/>
                <Baseline points="937,2710 1027,2705 1116,2710 1206,2716 1295,2716 1385,2716 1474,2716 1564,2716 1654,2716 1743,2716 1833,2722 1922,2722 2012,2722 2101,2728 2191,2728 2281,2728 2370,2734 2460,2740 2549,2740 2639,2740 2728,2740 2818,2746 2908,2746 2997,2746 3087,2746 3176,2752 3266,2752 3355,2752 3445,2758 3535,2758 3624,2758 3714,2764 3803,2764 3893,2764 3970,2758"/>
                <TextEquiv>
                    <Unicode>Kribbling: -Aber ich will schon acht haben auf euch, ich bin euer</Unicode>
                </TextEquiv>
            </TextLine>
            <TextLine id="tr_1_tl_17" custom="readingOrder {index:16;}">
                <Coords points="1106,2915 3492,2943 3444,2832 3026,2785 1102,2781"/>
                <Baseline points="1122,2854 1212,2860 1301,2860 1391,2866 1480,2866 1570,2866 1660,2872 1749,2872 1839,2872 1928,2872 2018,2878 2107,2878 2197,2878 2287,2884 2376,2884 2466,2890 2555,2890 2645,2890 2734,2896 2824,2896 2914,2896 3003,2896 3093,2896 3182,2896 3272,2902 3361,2908 3451,2908 3499,2908"/>
                <TextEquiv>
                    <Unicode>Leutnant, ich will gute Zucht halten unter euch! -</Unicode>
                </TextEquiv>
            </TextLine>
            <TextLine id="tr_1_tl_18" custom="readingOrder {index:17;}">
                <Coords points="908,3049 1734,3077 1762,3069 1762,2962 1647,2915 1544,2974 1469,2927 1280,2966 1102,2899 1059,2923 976,2891 905,2903"/>
                <Baseline points="931,3015 1021,3009 1110,3009 1200,3015 1289,3021 1379,3015 1468,3015 1558,3015 1648,3021 1737,3027 1773,3033"/>
                <TextEquiv>
                    <Unicode>Bernburg (kommt).</Unicode>
                </TextEquiv>
            </TextLine>
            <TextLine id="tr_1_tl_19" custom="readingOrder {index:18;}">
                <Coords points="901,3227 3918,3314 3914,3077 3093,3160 897,3038"/>
                <Baseline points="919,3164 1009,3164 1098,3164 1188,3164 1277,3164 1367,3170 1457,3170 1546,3170 1636,3170 1725,3176 1815,3176 1904,3182 1994,3182 2083,3182 2173,3188 2263,3188 2352,3194 2442,3200 2531,3200 2621,3200 2710,3200 2800,3200 2890,3206 2979,3206 3069,3206 3158,3206 3248,3212 3337,3212 3427,3218 3517,3218 3606,3218 3696,3218 3785,3218 3875,3218 3923,3212"/>
                <TextEquiv>
                    <Unicode>Leibolt: Bernburg, willkommen. (Er wird auch von den Andern be-</Unicode>
                </TextEquiv>
            </TextLine>
            <TextLine id="tr_1_tl_20" custom="readingOrder {index:19;}">
                <Coords points="1090,3389 1146,3393 1173,3373 1197,3389 1232,3377 1331,3401 1355,3377 1398,3405 1438,3377 1493,3373 1493,3219 1434,3231 1394,3203 1359,3207 1288,3251 1173,3203 1090,3223"/>
                <Baseline points="1110,3332 1146,3320 1236,3320 1325,3314 1415,3320 1504,3326"/>
                <TextEquiv>
                    <Unicode>grüsst.)</Unicode>
                </TextEquiv>
            </TextLine>
        </TextRegion>
        <TextRegion id="tr_2" custom="readingOrder {index:1;}">
            <Coords points="847,3413 4006,3413 4006,5175 847,5175"/>
            <TextLine id="tr_2_tl_1" custom="readingOrder {index:0;}">
                <Coords points="897,3504 1351,3559 1465,3500 1746,3539 1920,3484 2283,3543 2492,3504 2488,3318 1939,3405 1738,3338 1537,3417 893,3342"/>
                <Baseline points="919,3463 1009,3463 1098,3463 1188,3463 1277,3469 1367,3469 1457,3469 1546,3469 1636,3469 1725,3475 1815,3481 1904,3481 1994,3487 2083,3487 2173,3487 2263,3493 2352,3493 2442,3493 2501,3499"/>
                <TextEquiv>
                    <Unicode>Rabenau: Bist Du von den undern?</Unicode>
                </TextEquiv>
            </TextLine>
            <TextLine id="tr_2_tl_2" custom="readingOrder {index:1;}">
                <Coords points="885,3677 1979,3646 2848,3772 3760,3729 3903,3602 881,3519"/>
                <Baseline points="907,3612 997,3618 1086,3618 1176,3618 1265,3618 1355,3618 1445,3624 1534,3624 1624,3624 1713,3630 1803,3630 1892,3636 1982,3636 2072,3636 2161,3636 2251,3642 2340,3642 2430,3648 2519,3648 2609,3648 2699,3654 2788,3654 2878,3654 2967,3660 3057,3660 3146,3660 3236,3666 3326,3666 3415,3666 3505,3672 3594,3672 3684,3672 3773,3678 3863,3678 3911,3684"/>
                <TextEquiv>
                    <Unicode>Baumann: Haft Du am Ende doch noch einen gefunden, der für Dich</Unicode>
                </TextEquiv>
            </TextLine>
            <TextLine id="tr_2_tl_3" custom="readingOrder {index:2;}">
                <Coords points="1031,3812 1236,3843 1521,3792 1718,3871 2030,3804 2180,3828 2176,3705 1770,3725 1651,3666 1556,3705 1327,3634 1201,3697 1027,3674"/>
                <Baseline points="1050,3761 1140,3767 1230,3773 1319,3773 1409,3773 1498,3773 1588,3773 1677,3779 1767,3779 1857,3785 1946,3785 2036,3785 2125,3785 2191,3797"/>
                <TextEquiv>
                    <Unicode>bei den Depots bleibt?</Unicode>
                </TextEquiv>
            </TextLine>
            <TextLine id="tr_2_tl_4" custom="readingOrder {index:3;}">
                <Coords points="826,3974 4005,4037 3997,3851 3788,3930 3306,3824 1335,3887 822,3800"/>
                <Baseline points="847,3917 937,3917 1027,3917 1116,3923 1206,3923 1295,3923 1385,3929 1474,3929 1564,3935 1654,3935 1743,3935 1833,3935 1922,3941 2012,3941 2101,3947 2191,3947 2281,3953 2370,3953 2460,3953 2549,3953 2639,3958 2728,3958 2818,3958 2908,3964 2997,3964 3087,3964 3176,3970 3266,3970 3355,3970 3445,3976 3535,3976 3624,3982 3714,3982 3803,3982 3893,3982 3982,3988 4006,3988"/>
                <TextEquiv>
                    <Unicode>Bernburg: Bisher noch nicht. Aber ich gebe die Hoffnung nicht auf.</Unicode>
                </TextEquiv>
            </TextLine>
            <TextLine id="tr_2_tl_5" custom="readingOrder {index:4;}">
                <Coords points="885,4120 3879,4163 3796,4021 885,3990"/>
                <Baseline points="907,4078 997,4072 1086,4072 1176,4072 1265,4078 1355,4078 1445,4078 1534,4084 1624,4084 1713,4084 1803,4090 1892,4090 1982,4096 2072,4096 2161,4102 2251,4102 2340,4102 2430,4102 2519,4102 2609,4108 2699,4114 2788,4114 2878,4114 2967,4114 3057,4120 3146,4120 3236,4126 3326,4126 3415,4126 3505,4126 3594,4132 3684,4132 3773,4138 3863,4138 3887,4132"/>
                <TextEquiv>
                    <Unicode>Winter: Das ist einer, der in der Stadt bleibt, Elisabeth, der</Unicode>
                </TextEquiv>
            </TextLine>
            <TextLine id="tr_2_tl_6" custom="readingOrder {index:5;}">
                <Coords points="1051,4278 3966,4317 3962,4203 3729,4136 3207,4215 1047,4136"/>
                <Baseline points="1074,4215 1164,4227 1253,4227 1343,4233 1433,4233 1522,4233 1612,4233 1701,4239 1791,4239 1880,4245 1970,4245 2060,4251 2149,4251 2239,4257 2328,4257 2418,4257 2507,4257 2597,4263 2687,4263 2776,4263 2866,4263 2955,4269 3045,4269 3134,4269 3224,4275 3314,4275 3403,4281 3493,4281 3582,4287 3672,4287 3761,4287 3851,4293 3941,4293 3970,4293"/>
                <TextEquiv>
                    <Unicode>mag Dich heute nach Hause geleiten - so weit es Dir beliebt...</Unicode>
                </TextEquiv>
            </TextLine>
            <TextLine id="tr_2_tl_7" custom="readingOrder {index:6;}">
                <Coords points="1039,4392 3851,4467 3847,4329 3638,4298 1035,4290"/>
                <Baseline points="1062,4371 1152,4376 1242,4376 1331,4382 1421,4382 1510,4388 1600,4388 1689,4388 1779,4394 1869,4400 1958,4400 2048,4400 2137,4406 2227,4406 2316,4406 2406,4406 2496,4412 2585,4412 2675,4412 2764,4418 2854,4418 2943,4424 3033,4424 3123,4430 3212,4430 3302,4430 3391,4430 3481,4436 3570,4436 3660,4436 3749,4442 3839,4448 3857,4442"/>
                <TextEquiv>
                    <Unicode>so weiss ich wenigstens, wen ich umzubringen habe, wenn ich</Unicode>
                </TextEquiv>
            </TextLine>
            <TextLine id="tr_2_tl_8" custom="readingOrder {index:7;}">
                <Coords points="1051,4586 1118,4582 1161,4539 1264,4606 1371,4570 1390,4590 1434,4554 1525,4590 1572,4566 1592,4586 1620,4558 1691,4582 1687,4467 1596,4436 1426,4475 1351,4444 1240,4456 1146,4392 1082,4428 1047,4420"/>
                <Baseline points="1068,4526 1158,4526 1248,4532 1337,4532 1427,4532 1516,4538 1606,4532 1695,4538"/>
                <TextEquiv>
                    <Unicode>wiederkomme!</Unicode>
                </TextEquiv>
            </TextLine>
            <TextLine id="tr_2_tl_9" custom="readingOrder {index:8;}">
                <Coords points="833,4756 3832,4760 3646,4641 2868,4574 826,4546"/>
                <Baseline points="853,4687 943,4681 1033,4681 1122,4687 1212,4687 1301,4687 1391,4687 1480,4687 1570,4687 1660,4693 1749,4699 1839,4699 1928,4705 2018,4705 2107,4705 2197,4711 2287,4711 2376,4705 2466,4711 2555,4717 2645,4723 2734,4723 2824,4723 2914,4723 3003,4729 3093,4729 3182,4729 3272,4729 3361,4735 3451,4741 3541,4741 3630,4747 3720,4747 3809,4747 3839,4753"/>
                <TextEquiv>
                    <Unicode>Plank: He Bernburg, Du hast so besondere Lust in den Krieg zu</Unicode>
                </TextEquiv>
            </TextLine>
            <TextLine id="tr_2_tl_10" custom="readingOrder {index:9;}">
                <Coords points="1039,4934 1469,4855 3243,5013 3895,4965 3820,4760 3425,4839 2868,4736 1035,4760"/>
                <Baseline points="1056,4836 1146,4836 1236,4842 1325,4842 1415,4842 1504,4842 1594,4848 1683,4854 1773,4854 1863,4854 1952,4860 2042,4860 2131,4860 2221,4866 2310,4866 2400,4872 2490,4872 2579,4878 2669,4878 2758,4878 2848,4884 2937,4884 3027,4890 3117,4896 3206,4896 3296,4902 3385,4902 3475,4896 3564,4902 3654,4908 3744,4908 3833,4908 3899,4914"/>
                <TextEquiv>
                    <Unicode>ziehen? He? Du hast Lust, Dir ein Bein wegschlossen zu lassen?</Unicode>
                </TextEquiv>
            </TextLine>
            <TextLine id="tr_2_tl_11" custom="readingOrder {index:10;}">
                <Coords points="2208,5186 2263,5190 2279,5174 2319,5171 2382,5198 2421,5182 2437,5198 2481,5202 2477,4977 2398,4977 2323,5044 2299,5036 2259,5056 2236,5040 2204,5040"/>
                <Baseline points="2227,5165 2316,5159 2406,5165 2484,5165"/>
                <TextEquiv>
                    <Unicode>- 37 -</Unicode>
                </TextEquiv>
            </TextLine>
        </TextRegion>
    </Page>
</PcGts>
