4408 5624
853 583 4004 881 Eschenbacher: Ja, die Kunde von der Heldentat hat uns Deine Mutter
1107 781 2112 978 nach Hause gebracht.
821 934 3959 1195 Medardus: Wenns auch keine Heldentat war, aber zu verstehn vermag
2817 1074 2986 1167 mit
1123 1074 3388 1300 ichs wohl. Wer heute auf dem Glacis/dabei war...
837 1199 3855 1477 Anna: Bei der Parade, nicht wahr? Es muss erhaben gewesen sein.
1131 1384 3979 1618 Der Vater hat davon erzählt. Auch bei St. Stephan war er, als
1094 1553 3891 1787 man drin die Fahnen weihte. Aber in die Kirche kam er nicht
1103 1702 1477 1847 hinein.
821 1847 3996 2068 Eschenbæher: Und hat nicht getan wie der Käsmann? und hat sich um-
1123 2008 1601 2157 gebracht.
821 2145 3959 2358 Medardus: Ich aber war in die Kirche hineinkommandiert. Ganz vorn
1123 2330 4060 2471 bin ich gestanden. Und habe mit diesen meinen Augen gesehn, wie
2845 2442 3211 2551 ein, als
1107 2438 3947 2696 Ihre Majestät höchstselbst die Nägel in die Fahnan eingeschla-
2945 2587 3187 2692 men
1115 2603 3931 2813 gen haben und wie der Fürsterzbischof den Segen sprach über
1111 2728 3843 3002 sie. Nicht eben, dass ich fromm wäre, aber wenn ich jemals
1107 2945 4044 3106 etwas wie Andacht gefühlt, in dieser Stunde ist gewesen, Oheim.
1107 3078 3911 3243 Und wie wir dann zurück sind aufs Glacis unter kriegerischer
1086 3255 3911 3464 Musik und der Kaiser war dort und der ganze Hof und die Erz-
1094 3396 3984 3557 herzöge alle und wir geschworen haben zu unsern geweihten Fah-
1090 3525 3802 3718 nen, da hab ich noch einen besondern Schwur getan, Mutter,
1094 3714 3774 3855 tief in mir, einen ganz besondern - im Andenken an unsern
1094 3827 2523 4036 Vater, den ich zu rächen habe.
777 3984 1859 4169 Frau Klaehr: Medardus!
777 4140 3895 4309 Eschenbacher: Alles sehr gut und brav, aber es wird mancher unter
1066 4297 3992 4515 Euch gewesen sein, der zu solchem Extraschwur Anlass hatte und
1066 4426 2281 4619 vielleicht bessermals du.
756 4575 2467 4792 Frau Klaehr: Einen bessern, Jakob?
765 4728 3996 4961 Medardus: Warum einen bessern, Oheim? Weil mein Vater nicht vor dem
1923 5050 2245 5283 - 17 -
