3640 5464
159 522 3075 832 Agathe: Mein Franz, mir? Er mir was angetan... Du fragst mich so
333 762 1443 971 und willst ihn kennen?
155 917 3024 1156 Anna: Varum also blickst du so trüb? Wenn er nur in treuen zu
321 1060 3164 1265 Dir hält, so kann Euch nichts übles geschehn, Musst eben ein
348 1207 3195 1443 wenig warten, Gott, das muss ich auch. Und vielleicht vergeb-
321 1369 630 1593 lich.
120 1501 1767 1760 Agathe: Warten! wenns nur das wär!
135 1663 3179 1938 Anna: Oder ists weil er aus so hohem Haus ist? Das will ja nicht
344 1853 3094 1992 viel bedeuten. Sein windiger Adel ist weniger wert als Euer
325 1972 1102 2162 gutes Bürgertum.
120 2108 3229 2406 Agathe: Windiger Adel?..Als wüsstest zu nicht, dass sein Vater des
309 2297 3036 2491 festen Glaubens ist, ihm gebühre die Krone von Frankreich.
112 2425 3040 2711 Anna: Ja, das weiss ich wohl, und wissen alle. Wissen aber auch
306 2622 3086 2765 alle, dass der Alte ein armer doppelt blinder Narr ist, der
306 2777 3183 2924 mit den Seinen jahrelang in Deutschland von Stadt zu Stad ge-
302 2912 3094 3086 zogen ist, überall wieder des Orts verwiesen wurde, bis ihm
302 3063 2278 3229 hier unser guter Kaiser ein Asyl gewährte.
116 3164 3171 3396 Agathe: Wir leben in einer wilden Zeit, Anna. Und es könnte wohl auch
306 3322 3106 3519 einmal kommen, dass man dem Bonaparte seinen Kaisertitel ab-
1659 3481 1941 3581 Valoir
313 3508 3160 3701 spricht, wie er dem Herrn von Barry den Herzogerang: Und dies
302 3682 3028 3860 ist und bleibt nun einmal wahr, er stammt aus dem gleichen
278 3794 3195 4061 Blut, wie der unglückliche König Ludwig, den sie in Paris hin-
290 3953 1052 4169 gerichtet haben.
97 4130 321 4301 Anna:
348 4127 3094 4308 Die Verwandtschaft machte mich schaudern an Deiner statt.
224 4247 3241 4475 Es wundern Mich auch manche, dass ihm der Aufenthalt in unserer
267 4386 3171 4641 Stadt noch immer gestattet wird. Mein Vater meint, es sei auch
278 4579 3183 4834 wohl nur deshalb, weil er eben ein Narr sei und nichts andres.)
104 4722 2816 4919 gathe: Haat du seine Tochter gesehen, Franzens Schwester?
433 4827 3067 5016 Heb ich die nicht erzählt? Neulich, vorigen Theilen
3140 4858 3388 5005 was
503 4966 3040 5179 in specierte im Bader mit Vater à Mutter,
