3888 5952
194 836 2297 1132 die Ruhe nicht. Inwendig ist er schon aufger
219 1092 1482 1300 Grund dazu. Allen Grund.
91 1183 2497 1475 selt: Hören Sie, Berger, was sind das für geheimnt
194 1435 592 1628 tungen.
80 1446 2600 1764 rger (leise zu Etzelt): Also ich hab Ihnen doch erzä-
183 1712 3049 1924 jetzt Nassauer bei uns einquartiert, sollten Sie's für möglich
186 1873 2943 2089 halten, dass die davon reden, es ist ja eigentlich unglaubt
204 2052 3104 2202 aber wahr ist es doch, gestern Abend haben sie mir’s grad her
212 2147 3122 2384 gesagt, sie möchten lieber mit uns als unsre Verbündeten kämpf
212 2300 3001 2505 wie auf französischen Seite. So wie ich da zu Ihnen red, ganz
208 2443 3082 2662 gemütlich. haben sie mir das mitgeteilt. Das sind doch Anzei-
219 2603 3031 2837 chen, nicht? Da müssen sie doch eine Art von Rückhalt haben.
204 2782 3144 3005 Das werden doch nicht nur die paar Nassauer sein, die grad bei
204 2925 3009 3122 mir wohnen, die so denken und sich so zu reden traun. Und
212 3089 3001 3319 wenn die Nassauer so denken...so werden die Sachsen und die
219 3235 738 3472 Baiern....]
204 3586 2852 3874 (Bernburg in ziemlich zerissener österreichischer Unifo:
201 3797 1950 4009 Arm in der Binde, Stock in der Hand.)
106 3947 2950 4224 nburg: Wenn die Herrn mir vielleicht freundlichst mit einem
194 4137 2994 4341 kleinen Darlehen behilflich sein wollten, am liebsten in Ge-
204 4298 1125 4531 stalt von Esswaren.
325 4436 1052 4670 2: Bernburg....
1680 4553 2508 4743 sich wieder! Ein
1818 4779 2819 4955 genen Vatersadt spasie
