3592 5208
188 432 3131 757 meiner Schwester zum Trotz. So ein junger Mensch hat eine wun-
188 725 3139 913 derbare Lebenskraft in sich, muss man sagen. Vormittag begräbt
164 873 3071 1077 er seine Schwester, erledigt dann eine ritterliche Angelegen-
148 985 2871 1217 heit, und hat noch Laune übrig für ein Liebesabenteuer.
96 1169 3183 1449 selt: Dies letztere ist Vermutung. Es steht nur fest, dass er ver-
216 1337 893 1517 schwunden ist.
80 1393 3031 1658 chenbacher: Verschwunden! Das klingt doch etwas zu grossartig,
192 1622 3139 1830 meinen Sie nicht -? Er ist eben entwischt und schlummert süss,
212 1774 3083 1970 wo junge Helden eben besser zu schlummern pflegen als daheim.
84 1946 3115 2182 ###zelt: Könnt es sich nicht auch anders verhalten, Meister Eschen-
232 2102 593 2286 bacher?
84 2234 3127 2474 schenbacher: Anders -? Hrn! Ein Geheimnis -71 Wo sind wir da? Wen
3131 2342 3403 2522 ren
216 2382 2955 2582 gehört dies traurige, etwas verfallene Schlösschen, das da
216 2538 1233 2767 durch die Bäume tugt?
92 2687 3215 2931 zelt: Ver der Besitzer ist, weiss ich nicht. Zur Miete wohnt drin-
1121 2827 1441 2919 Valen,
216 2843 2122 3055 nen der Herzog von Barry mit den Seinen.
104 2951 2691 3207 chenbacher: Das macht mir die Sache nicht viel klarer.
96 3191 2975 3387 tzelt: Vielleicht doch, wenn ich Ihnen verrate, dass Medardus
220 3327 3023 3527 gestern Abend in dieser Gegend, wenn nicht gar hinter diesen
3195 3335 3435 3619 2.
204 3479 3011 3691 Rauern selbst, mit einemmal verschwunden ist, - und dass er
216 3599 3007 3884 gestern morgens seltsam träichte, vielleicht erhabene Worte
228 3780 1297 3976 von Rache hören liess.
2194 3788 2715 3964 Carmead
2446 3916 3035 4132 am, dass es
96 3916 2458 4116 chenbacher: Rachel.. ja, das ist ein Wort, so drün
2190 4032 2458 4136 eisne
220 4028 3439 4288 wohl geschaffen ist durch seinen Lärm seinen Sinn übertönenanwille
140 4244 3299 4452 selt: Es handelt sich hier nicht um das Wort, sondern um die Sache,
216 4428 1245 4588 Meister Eschenbacher.
2911 4424 3295 4604 witt
845 4516 1065 4600 I am
208 4452 3191 4704 senbacher:/ Um das Wort. (vie meistens, Etzelt) glauben Sie mär,
208 4660 3055 4933 Und gar unser Medardus ist Einer, der mit was andres erleben
893 4837 1774 5097 Maien jeschiffer
