3704 5384
114 455 3208 789 rembly: Von einem Dach aus hab ich so was wirklich noch niehren gesehn. Adieu,
330 722 3078 895 Herr Berger. Guten Tag, meine Damen. (Ab ins Nebenzimmer.)
106 856 3168 1080 erger: Ein sehr ein umgänglicher Herr, Wirklich wenn er auch ein
342 993 3090 1194 Franzos ist es freut mich, dass sie ihm den Schädel nicht
326 1119 3062 1378 ganz eingeschlagen haben. Obzwar - die Folgen zeigen sich
326 1327 1339 1512 manchmal erst später.
102 1441 3259 1673 Frau Berger: Und der andre da drin? Gehts dem wirklich so schlecht?
98 1606 1790 1834 Frau Klaehr: Ja, es geht zu Ende.
102 1731 3157 1991 Frau Berger: Die bei uns einquartiert waren, die drei, von denen
353 1912 1606 2128 ist keiner zurückgekommen/
90 2018 3239 2269 Berger: Macht nichts, heut kriegen wir schon wieder neue. Nassauer,
326 2191 3082 2411 heissts. Ja, man komnt nicht zur Ruhe, es ist schrecklich.
361 2383 3227 2572 (Zu Frau Berger) Haet schon der Frau Klaehr erzählt, dass wir
353 2513 3168 2701 grad in der/Reitschul waren bei der Anna - in der Reitschul,
334 2678 3212 2858 haha.. das ist jetzt ein ganz ein neues Wörterbuch, Reitschul
349 2831 3047 3027 sagt man und meint Spital, Hofstallung sagt man and meint
338 3015 3110 3216 Gefängnis, Kapuzinerkirchen sagt man und meint Wachstuben.
110 3133 3137 3353 Frau Berger: Ob man dafür nicht wenigstens ein andres Lekal hätt
326 3318 1033 3518 finden können!
102 3459 3223 3667 Frau Klaehr: Wie gehts denn der Anna? (wie hält sie denn den Dienst
338 3644 593 3793 wälleitet
86 3769 3165 3950 Berger: — Wir haben grad nur einen Sipfel von ihrer weissen Hauben
330 3887 3121 4154 Drei Tag und drei Nächt ist sie nicht aus den Klei-
1017 4024 1547 4146 und Nade¬
338 4028 2717 4280 dern gekommen. Hat sie das nötig gehabt, frag ich.
98 4205 2945 4405 Frau Berger: Sie haben ja da eine halbe Semmel, Frau Klaehr
326 4350 1696 4519 haben Sie denn die gekriegt?
98 4499 3176 4739 Frau Klachr: Leicht ists nicht gewesen. Von drei Uhr in der Früh
342 4719 3235 4869 war die Kathi ang' stellt und mit ganz zerfetzten Kleidern ist
1429 4998 1779 5214 - 194 -
