3608 5240
222 474 3075 754 soll sichs xxx Orten wegen und ganz gewaltig - denn wenn
1520 684 1796 793 I am
222 731 2986 964 die Gerüchte schon zu uns dringen die wahrhaftig wie abge-
218 840 3021 1135 schnitten sind von der Welt, so muss doch manches dran sein
723 1011 1201 1120 eineimal,
206 956 3126 1271 Ich kann mir nicht helfen, Meister Eschenbacher, ich habe Hoft
233 1182 3032 1368 nung. Aspern war ein grosser Anfang. Warten wir nur ab. Von
229 1341 3071 1539 dem Widerhall dieses Siags in Deutschland ist ja nach nichts
241 1489 3024 1695 zu uns gedrungen. Vielleicht war der Tell einer der letzten
264 1644 1458 1843 Opfer, das fallen musste.
74 1749 2997 2025 chenbacher: Schreiben Sie's ihm auf den Grabstein; so wird er
288 1959 599 2045 sutter
260 1979 1081 2173 besser träumen! -
599 2099 2309 2325 (Der Gehilfe stürzt atemlos herein.)
89 2352 1749 2554 Hilfe: Sie sind da, Herr Etzelt -!
74 2511 976 2690 zelt: Ver ist da?
86 2620 3176 2834 hilfe: Militär, Herr Etzelt, Hausdurchsuchung. Verzeihn Sie, Her
260 2776 3071 2986 Etzelt, aber ich habe mir wirklich nicht helfen können, ich
253 2923 2593 3168 hab ihnen die Schlüssel zum Magazin geben müssen.
101 3106 3137 3289 zelt: Natürlich haben sie ihnen die Schlüssel geben müssen. Das
284 3207 3258 3440 tut nichts. Wir haben ja nicht Verbotenes. (Er wechselt einen
272 3409 1438 3588 Blick mit Eschenbacher.)
517 3526 2523 3763 (Leutnant Moser tritt ein, mit zwei Mann.)
109 3689 3231 4024 zelt (ihnen rasch entgegen): Bitte um Entschuldigung, Herr Leut-
284 3911 2791 4125 nant, dieser Raum hier gehört nicht zur Buchhandlung.
109 3989 3087 4272 stnant: Ich bedaure sehr zu inkommodieren, es ist mir bekannt,
272 4253 3180 4432 dass dies die Privatwohnung der Buchhändlerswitwe Klachr ist,
241 4358 2605 4583 drum bin ich eben hier. Oeffnen sie die Schränke.
109 4560 2780 4731 dardus: Herr Leutnant, meine Mutter ist nicht anwesend.
311 4653 3277 4968 mit Das tut nichts zur Sache. (Zu den Soldaten) Die Schränke
