3672 5288
417 544 2334 818 ichs nicht über mich, mich fortsurühren.
1147 782 2076 1020 (Is klopft stärker.)
191 945 3224 1211 Herina: Wer istz? (für sich) Ach, hätt ich nur nicht gefragt.
191 1064 1719 1294 Redardus: Ich bins. Oeffnen Sie.
191 1203 3247 1457 Herina: Entfernen Sie sich. Und zwar so rasch als möglich. Diener
397 1378 1715 1580 machen die Runde im Garten.
147 1517 2176 1755 Medardus: Oeffnen Sie. Ich bitte Sie darum.
155 1691 1798 1898 Herina: Ich öffne nicht. Gehn Sie.
151 1822 2537 2056 Medardus: Sie wissen sieht, wozu Sie mich hwingen.
159 1993 3343 2243 Herina: Ich zwinge Sie nicht. Wir haben keine Schlüssel. Der Schlüd-
397 2176 3267 2378 sel ist fort. Er ist verloren gegangen Vielleicht finden wir
373 2283 3176 2557 ihn bis morgen wieder. Gehn Sie, ich bitte Sie. Ja, was ist
369 2489 3367 2676 denn das? Ist es denn möglich... Sie wollen doch nicht wirklich.
361 2604 3144 2823 Die Steine bräckeln. Geben Sie doch acht. Und man wird Sie
353 2763 2461 2962 hören. Wenn jemand kommt, sind Sie verloren.
115 2914 3216 3184 Medardus (kommt herübergeklettert): Guten Abend, Fräulein, guten
337 3085 1421 3279 Abend. (Er sinkt hin)
103 3192 3287 3494 Herma: so, nun haben wirs. Vas tu ich nur. Ich kann ihn nicht. Sie
333 3402 3136 3609 mögen ihn finden. Was gehts mich an. Ein Strolch. Mögen sie
333 3509 2191 3724 ihn hängen. Er mag hier liegen bleiben.
99 3660 3128 3938 Helene (kommt von drinnen): Nun, die Dunkelheit wäre da, Nerina.
87 3815 3148 4073 Herina: Ja, gnädigste Prinzessin und Herr Medardus Klaehr gleich-
314 3990 3208 4232 falls. Hier liegt er. Hier Prinzessin. Er ist ohnmächtig, wie
322 4121 889 4323 es scheint.
79 4208 889 4550 kelene: Still...!
322 4446 2727 4697 (Ein Diener kommt mit einer Laterne von rückwärts.)
79 4518 1203 4788 elene: Vas gibts denn?
405 4724 830 4947 Vor da?
