4280 5464
821 593 3943 872 Assalagny: Er hält sich vortrefflich. Ja über alle Erwartung gut.
1041 789 3967 1005 Man möchte fast sagen, - wie einer, der es nicht ganz zu fassen
1053 962 3770 1135 vermag, - was geschehn ist. Die Frau Herzogin, Ihre Mutter,
1033 1076 3327 1308 Prinzessin, fasst es leider ganz...Sie ist allein.
774 1276 3896 1465 Helene: Ich weiss. Aber es ist mir nicht gegeben die Worte zu fin-
1033 1402 3884 1579 den, nach denen es sie in einer solchen Stunde wohl verlangen
1049 1587 3747 1740 möchte. Und schweige ich, so blickt sie mich angevoll an,
1037 1697 3766 1924 als verschlösse ich ein Geheimnis. Meine Gegenwart ist ihr
1033 1877 3645 2054 also von keinem Nutzen. Herr Result ist noch nicht zur
1033 2019 1382 2164 Stelle?
786 2168 3947 2345 Desolteux: Erwird erwartet, gnädige Prinzessin. Sie erinnern sich
1033 2313 1626 2459 seiner noch?
786 2411 3763 2600 Helene: Warum sollt ich nicht? Wir sehen wahrhaftig nicht gar so
1053 2639 3448 2816 viel Leute. Und er gehört nicht zu den Gewöhnlichen.
786 2765 3810 2918 Assalagny: Er hat etwas von einem etc. ht.t.asten und viel vor einem
1025 2895 1579 3099 Abenteurer,
797 3063 3841 3244 Desolteux: Ich stage nicht über ihn zu urteilen. Er ist immer nur.
2922 3189 3185 3291 Valm.
1017 3236 3664 3386 auf wenige Tage am Hofe des Herzogs von ###erschienen.
778 3366 3924 3539 Helene: Im Hause des Herrn von Henry - müssen Sie sagen, Desolteux,
1005 3527 3873 3696 Nicht wahr, Dr. Assalagny? Und dabei ist es nicht einmal unser
998 3668 3751 3829 Haus...Zur Miete wohnen wir hier', wie überall...Wer mag in
998 3790 3778 4034 unserm eignen wohnen, das mir zu sehn, - mit bewussten Augen
998 3955 2372 4144 zu sehn niemals vergönnt war.
774 4128 3825 4328 Assalagny: Und das Sie, verzeihen Sie, Prinzessin, - nicht einmal
986 4250 2679 4434 berechtigt sind, das Ihre zu nennen.
762 4363 3833 4654 Helene: Wir sind darin verschiedener Ansicht, Dr. Assalagny. Aber
986 4540 3543 4713 das hindert mich nicht, Sie für einen Freund zu halten.
754 4697 2266 4913 Desolteux: Hier kommt Caillard.
2140 5039 2345 5282 72
