3739 5512
1025 630 2362 834 ZWEITER AUTZUG.
1085 826 1289 906 ====  =====
1532 814 2338 938 ʒ̃ ̃̃ *̃'̃=̃-̃
1057 1029 2175 1325 Erste Szene.
96 1377 2917 1576 Zimmer bei Klaehrs wie im ersten Bild des Vorspiels. In Erkennung
104 1536 3192 1752 Berger vor dem Körbchen mit den Nähsachen. Vorn im Zimmer Frau Be-
96 1688 2007 1911 die eben von Frau Klaehr Abschied nimmt.
104 1979 3192 2194 Frau Berger: Also meine liebe Frau Klaehr, jetzt müssen wir doch
371 2159 3164 2354 leider weggehn. Gott tröste Siel Gott triste Siel Man kann
379 2322 3392 2530 halt nichts andres sagen. (Zu Anna) Annerl...wir müssen gehn,
395 2454 1277 2641 es ist Essenszeit.
92 2574 3300 2841 Anna: Ich werd ja doch keinen Bissen herunterbringen, Mutter. Lass
379 2773 2673 2957 mich lieber hier, wenns die Frau Klaehr erlaubt.
104 2897 1995 3096 Frau Klaehr: So lang du willst, Annerl.
1333 2989 2282 3140 also neder einmal
96 3080 2725 3300 Frau Berger: xxx soll ich ganz allein bei Tisch sitzen?
104 3200 1408 3431 Frau Klaehr: Und Ihr Mann?
96 3292 3144 3579 Frau Berger: Dass der zur rechten Zeit zu Haus sein sollte, das
742 3495 1540 3619 glaub ich nicht
367 3539 3284 3703 ist mir nicht recht wahrscheinlich, wenn er überhaupt kommt.
371 3703 3320 3850 Die Stadt ist so voll von Neuligkeiten, er könnte an End irgend
96 3790 710 3946 eine neughert
427 3822 3164 4038 Das um eine halbe Stunde später erfahren als wer anderer; -
371 3946 3312 4221 das tät er nicht verschmerzen. Schon wie wir von Friedhof heim
391 4130 3240 4389 sind, beim Burgter hat er sich verzogen. Also willst wirklich
379 4301 1285 4477 dableiben, Annerl?
479 4353 1975 4509 schon nich dort veran. bei Ver¬
319 4445 1301 4660 Ich bin ja auch ganz
1700 4373 2853 4676 mit, so kann ich je gar nur
363 4604 982 4804 die Strasse.
