3688 5304
420 504 1917 736 Stunde nicht so bald vergessen.
156 608 3262 937 Helene: Es freut mich, meine Herren, dass Sie den Tag heute so an-
436 821 1533 1045 regend verbracht haben.
144 933 3270 1209 Dagusan: Verzeihn Sie, gnädigste Prinzessin, wir dürfen wohl ver-
424 1129 3174 1373 sichern, dass uns bei all dem der Schmerz um den Tod Ihres
424 1281 2846 1473 edeln Bruders keinen Augenblick lang verlassen hat.
132 1417 3258 1673 Laffray? Es bleibt der schmerzlichste Gedanke, dass der Prinz da-
420 1589 3150 1765 hingehn musste, ohne sein Vaterland wiedergesehn zu haben.
140 1721 3226 1961 Helene: Sein Vaterland!.. Haben wir eins? Drei Jahre war ich alt,
432 1913 3226 2105 als wir Frankreich verlassen mussten. Ist es noch ein Vater-
424 2061 724 2265 land?
132 2177 3150 2397 Laffray: Balists, Prinzessin. Sie werden...Sie würden es fühlen,
424 2341 3102 2590 bald Sie zurückkehrten. Ich war vor zwei Jahren in Paris,
408 2502 3186 2742 Prinzessin, das ich nicht gesehn hatte, seit meiner Knaben-
420 2678 3358 2886 zeit - ungefähr seit dem Tag, da man meinen Vater geköpft hat..
132 2766 1989 3010 Helene: Sie wagten sich nach Paris...?
140 2978 3222 3230 Laffray:.In einem kleinen Gasthof stieg ich ab - als Handlungs-
420 3134 3190 3318 reisender Namens Dupont, und machte mich auf die Suche nach
412 3282 3338 3494 dem Haus, in dem ich mit meinen Eltern gewohnt hatte. Ich wuss-
1721 3414 1941 3514 mehr
376 3462 3314 3694 te den Namen der Strasse nicht und doch fand ich mich ohne Um-
388 3630 3238 3762 weg hin und erkannte es auf den ersten Mlok. Noch eh ich es
400 3726 3326 3946 sah, wie' zum Vorherverkündigung, begann mir mein Herz zu klopfen;
396 3906 3054 4075 ich musste mich eilends wieder davonstehlen, denn Tränen
400 4071 1861 4259 stürzten mir aus den Augen....
96 4187 3082 4435 Dagusan: Welche Schicksale sind über uns verhängt, Prinzessin.
108 4363 3326 4579 Laffray: Nein, es war nicht gut gehandelt gegen uns alle Prinzssain.
400 4543 3326 4743 dass Ihr Herr Sommer die Welt und seine Freunde verlassen hat.
380 4655 1929 4887 Nun sind unsre Hoffnungen dahin.
