<?xml version="1.0" encoding="UTF-8" standalone="yes"?>
<PcGts xmlns="http://schema.primaresearch.org/PAGE/gts/pagecontent/2013-07-15" xmlns:xsi="http://www.w3.org/2001/XMLSchema-instance" xsi:schemaLocation="http://schema.primaresearch.org/PAGE/gts/pagecontent/2013-07-15 http://schema.primaresearch.org/PAGE/gts/pagecontent/2013-07-15/pagecontent.xsd">
    <Metadata>
        <Creator>prov=READ-COOP:name=TrHtr:version=2.1.0:model_id=51170:date=15_08_2023_10:01</Creator>
        <Created>2023-05-10T15:11:43.675+02:00</Created>
        <LastChange>2023-08-15T10:01:49.058+02:00</LastChange>
        <TranskribusMetadata docId="1429033" pageId="55437089" pageNr="436" tsid="132846623" status="IN_PROGRESS" userId="64420" imgUrl="https://files.transkribus.eu/Get?id=OGGVTDKDQAZVWWHEEJIMADGG&amp;fileType=view" xmlUrl="https://files.transkribus.eu/Get?id=NAEGOWCERNUYOQTKPFTXLYYY" imageId="44711078"/>
    </Metadata>
    <Page imageFilename="1429033_0436.jpg" imageWidth="3771" imageHeight="5400">
        <ReadingOrder>
            <OrderedGroup id="ro_1711800960486" caption="Regions reading order">
                <RegionRefIndexed index="0" regionRef="tr_1"/>
            </OrderedGroup>
        </ReadingOrder>
        <TextRegion id="tr_1" custom="readingOrder {index:0;}">
            <Coords points="143,547 3375,547 3375,5087 143,5087"/>
            <TextLine id="tr_1_tl_1" custom="readingOrder {index:0;}">
                <Coords points="252,697 1500,669 3267,854 3192,508 2547,649 244,524"/>
                <Baseline points="268,597 358,597 448,603 537,603 627,609 716,615 806,627 896,627 985,633 1075,639 1164,639 1254,645 1344,651 1433,657 1523,663 1612,669 1702,675 1792,680 1881,680 1971,686 2060,692 2150,698 2240,704 2329,704 2419,710 2508,716 2598,728 2688,734 2777,734 2867,740 2956,746 3046,752 3136,758 3225,758 3273,770"/>
                <TextEquiv>
                    <Unicode>Wachshuber: Was will denn der von mir? - Schützen Sie mich vor</Unicode>
                </TextEquiv>
            </TextLine>
            <TextLine id="tr_1_tl_2" custom="readingOrder {index:1;}">
                <Coords points="768,791 1456,917 2929,909 2921,787 1937,783 1397,665 1256,736 764,712"/>
                <Baseline points="788,776 878,776 967,782 1057,788 1146,794 1236,800 1326,806 1415,812 1505,818 1594,824 1684,830 1774,836 1863,836 1953,848 2042,854 2132,854 2222,854 2311,860 2401,872 2490,872 2580,878 2670,884 2759,890 2849,896 2938,901"/>
                <TextEquiv>
                    <Unicode>diesem Menschen...    Lassen S' mich in Ruh....</Unicode>
                </TextEquiv>
            </TextLine>
            <TextLine id="tr_1_tl_3" custom="readingOrder {index:2;}">
                <Coords points="653,854 709,862 724,850 783,874 795,858 846,874 890,862 933,882 976,870 968,799 913,799 882,783 858,795 834,783 815,795 787,775 760,787 685,748 646,748"/>
                <Baseline points="675,836 764,842 854,842 943,860 985,860"/>
                <TextEquiv>
                    <Unicode>asseng</Unicode>
                </TextEquiv>
            </TextLine>
            <TextLine id="tr_1_tl_4" custom="readingOrder {index:3;}">
                <Coords points="209,945 3240,1114 3204,917 205,831"/>
                <Baseline points="232,901 322,907 412,907 501,913 591,919 680,925 770,931 860,937 949,937 1039,943 1128,943 1218,955 1308,961 1397,967 1487,973 1576,979 1666,985 1756,985 1845,991 1935,997 2025,1003 2114,1009 2204,1021 2293,1021 2383,1027 2473,1033 2562,1039 2652,1039 2741,1045 2831,1051 2921,1057 3010,1063 3100,1063 3189,1069 3249,1075"/>
                <TextEquiv>
                    <Unicode>Etzelt: Bedaure - kann ich leider nicht! - Hab Ihnen einen Gruss</Unicode>
                </TextEquiv>
            </TextLine>
            <TextLine id="tr_1_tl_5" custom="readingOrder {index:4;}">
                <Coords points="287,1047 331,1043 429,1082 571,1000 768,1004 768,937 716,945 657,929 646,941 618,917 559,937 539,917 283,909"/>
                <Baseline points="310,1009 400,991 489,991 579,997 669,1003 758,1003 776,1015"/>
                <TextEquiv>
                    <Unicode>Vertraut</Unicode>
                </TextEquiv>
            </TextLine>
            <TextLine id="tr_1_tl_6" custom="readingOrder {index:5;}">
                <Coords points="949,1027 996,1027 1016,1043 1043,1035 1063,1051 1102,1051 1106,953 1047,945 1035,957 1027,949 1008,957 1000,949 953,945"/>
                <Baseline points="973,1015 1063,1009 1117,1015"/>
                <TextEquiv>
                    <Unicode>G.F.P.</Unicode>
                </TextEquiv>
            </TextLine>
            <TextLine id="tr_1_tl_7" custom="readingOrder {index:6;}">
                <Coords points="496,1082 1082,1208 3232,1299 3224,1090 492,996"/>
                <Baseline points="519,1075 609,1081 698,1081 788,1093 878,1093 967,1099 1057,1111 1146,1111 1236,1123 1326,1128 1415,1128 1505,1128 1594,1134 1684,1140 1774,1146 1863,1152 1953,1152 2042,1158 2132,1164 2222,1170 2311,1176 2401,1182 2490,1188 2580,1188 2670,1200 2759,1200 2849,1206 2938,1212 3028,1218 3118,1218 3207,1218 3237,1218"/>
                <TextEquiv>
                    <Unicode>zu überbringen - (Er fährt dem Wachshuber mit einer Hunds-</Unicode>
                </TextEquiv>
            </TextLine>
            <TextLine id="tr_1_tl_8" custom="readingOrder {index:7;}">
                <Coords points="295,1216 433,1240 551,1157 772,1165 772,1106 685,1102 653,1079 618,1098 579,1082 543,1098 504,1067 433,1079 295,1043"/>
                <Baseline points="316,1146 406,1146 495,1152 585,1152 675,1152 764,1152 782,1158"/>
                <TextEquiv>
                    <Unicode>Wachshuber</Unicode>
                </TextEquiv>
            </TextLine>
            <TextLine id="tr_1_tl_9" custom="readingOrder {index:8;}">
                <Coords points="496,1291 1460,1425 1960,1358 3362,1460 3322,1275 488,1161"/>
                <Baseline points="519,1248 603,1236 692,1236 782,1242 872,1254 961,1254 1051,1260 1140,1266 1230,1272 1320,1278 1409,1278 1499,1284 1588,1290 1678,1302 1768,1302 1857,1308 1947,1314 2036,1320 2126,1326 2216,1332 2305,1332 2395,1332 2484,1338 2574,1344 2664,1350 2753,1355 2843,1361 2932,1367 3022,1367 3112,1373 3201,1379 3291,1385 3363,1391"/>
                <TextEquiv>
                    <Unicode>peitsche übers Gesicht) Vom seligen Herrn Eschenbacher. Sol -</Unicode>
                </TextEquiv>
            </TextLine>
            <TextLine id="tr_1_tl_10" custom="readingOrder {index:9;}">
                <Coords points="287,1382 386,1334 484,1354 539,1307 634,1358 795,1346 795,1275 583,1275 496,1260 476,1240 405,1248 307,1204 283,1212"/>
                <Baseline points="310,1314 400,1302 489,1308 579,1308 669,1308 758,1314 806,1326"/>
                <TextEquiv>
                    <Unicode>Vertrauter</Unicode>
                </TextEquiv>
            </TextLine>
            <TextLine id="tr_1_tl_11" custom="readingOrder {index:10;}">
                <Coords points="488,1417 602,1452 689,1389 819,1449 874,1413 901,1433 949,1413 1275,1496 1267,1366 1240,1358 1185,1370 1059,1327 1027,1358 976,1338 917,1370 854,1327 622,1366 551,1307 480,1323"/>
                <Baseline points="507,1391 597,1397 686,1391 776,1397 866,1403 955,1415 1045,1421 1134,1421 1224,1421 1278,1421"/>
                <TextEquiv>
                    <Unicode>Da - und - da! -</Unicode>
                </TextEquiv>
            </TextLine>
            <TextLine id="tr_1_tl_12" custom="readingOrder {index:11;}">
                <Coords points="1712,1527 1748,1527 1771,1543 1803,1535 1830,1559 1874,1543 1937,1563 1964,1551 2051,1559 2055,1437 2007,1449 1945,1429 1913,1441 1889,1413 1866,1425 1838,1409 1799,1441 1779,1421 1760,1433 1716,1421"/>
                <Baseline points="1732,1523 1821,1529 1911,1529 2001,1511 2060,1523"/>
                <TextEquiv>
                    <Unicode>G.C.F.P.</Unicode>
                </TextEquiv>
            </TextLine>
            <TextLine id="tr_1_tl_13" custom="readingOrder {index:12;}">
                <Coords points="2110,1563 2149,1551 2200,1586 2212,1578 2255,1598 2299,1571 2350,1602 2385,1586 2377,1374 2267,1393 2177,1460 2133,1433 2098,1433"/>
                <Baseline points="2126,1529 2216,1529 2305,1535 2395,1547 2401,1547"/>
                <TextEquiv>
                    <Unicode>andern</Unicode>
                </TextEquiv>
            </TextLine>
            <TextLine id="tr_1_tl_14" custom="readingOrder {index:13;}">
                <Coords points="205,1590 594,1578 811,1657 1338,1689 2023,1657 2019,1551 1689,1543 1586,1476 1260,1543 512,1409 197,1445"/>
                <Baseline points="221,1535 310,1535 400,1535 489,1541 579,1547 669,1553 758,1559 848,1565 937,1571 1027,1571 1117,1576 1206,1588 1296,1588 1385,1588 1475,1588 1565,1594 1654,1600 1744,1606 1833,1612 1923,1612 2013,1612 2030,1618"/>
                <TextEquiv>
                    <Unicode>Wachshuber (schreit): Räuber! Mörder!</Unicode>
                </TextEquiv>
            </TextLine>
            <TextLine id="tr_1_tl_15" custom="readingOrder {index:14;}">
                <Coords points="287,1630 339,1614 421,1622 445,1610 516,1626 539,1614 626,1626 669,1657 705,1653 701,1582 657,1598 575,1574 535,1586 354,1567 339,1582 319,1571 283,1582"/>
                <Baseline points="310,1624 400,1612 489,1612 579,1618 669,1630 716,1630"/>
                <TextEquiv>
                    <Unicode>L'honneur de l'année</Unicode>
                </TextEquiv>
            </TextLine>
            <TextLine id="tr_1_tl_16" custom="readingOrder {index:15;}">
                <Coords points="1901,1693 2795,1700 2862,1744 2976,1708 3118,1791 3263,1752 3251,1445 2984,1460 2673,1574 2519,1531 2389,1606 2130,1571 1897,1634"/>
                <Baseline points="1923,1666 2013,1672 2102,1666 2192,1672 2281,1672 2371,1678 2461,1684 2550,1690 2640,1696 2729,1696 2819,1696 2909,1702 2998,1702 3088,1708 3177,1714 3267,1726 3273,1726"/>
                <TextEquiv>
                    <Unicode>auseinander. Seine Majestät,</Unicode>
                </TextEquiv>
            </TextLine>
            <TextLine id="tr_1_tl_17" custom="readingOrder {index:16;}">
                <Coords points="181,1740 3338,1941 3326,1763 173,1610"/>
                <Baseline points="197,1696 286,1684 376,1690 465,1696 555,1702 645,1702 734,1708 824,1714 913,1720 1003,1720 1093,1726 1182,1732 1272,1738 1361,1744 1451,1750 1541,1756 1630,1756 1720,1756 1809,1768 1899,1768 1989,1780 2078,1792 2168,1792 2257,1798 2347,1809 2437,1827 2526,1833 2616,1839 2705,1851 2795,1851 2885,1851 2974,1857 3064,1863 3153,1863 3243,1869 3333,1869 3345,1869"/>
                <TextEquiv>
                    <Unicode>Der Vertraute (hat sich aus dem Staub gemacht).</Unicode>
                </TextEquiv>
            </TextLine>
            <TextLine id="tr_1_tl_18" custom="readingOrder {index:17;}">
                <Coords points="173,1897 1004,1870 1803,2015 2933,2055 2925,1901 2700,1874 161,1732"/>
                <Baseline points="191,1833 280,1839 370,1845 459,1851 549,1851 639,1851 728,1857 818,1863 907,1869 997,1869 1087,1875 1176,1881 1266,1887 1355,1899 1445,1899 1535,1905 1624,1905 1714,1917 1750,1918 1750,1918 1845,1923 1935,1929 2025,1935 2114,1935 2204,1941 2293,1947 2383,1953 2473,1971 2562,1989 2652,1995 2741,2007 2831,2025 2921,2025 2944,2025"/>
                <TextEquiv>
                    <Unicode>Stimmen: Haha! - Recht geschieht ihm! Der Schuft! -</Unicode>
                </TextEquiv>
            </TextLine>
            <TextLine id="tr_1_tl_19" custom="readingOrder {index:18;}">
                <Coords points="551,1945 1291,1964 1315,1988 1417,1968 1413,1909 1279,1885 1090,1901 1000,1866 890,1889 547,1858"/>
                <Baseline points="573,1923 663,1929 752,1935 842,1935 931,1941 1021,1935 1111,1953 1200,1947 1290,1953 1379,1953 1427,1959"/>
                <TextEquiv>
                    <Unicode>geberlassen Sie mir</Unicode>
                </TextEquiv>
            </TextLine>
            <TextLine id="tr_1_tl_20" custom="readingOrder {index:19;}">
                <Coords points="161,2059 3243,2212 3236,2070 154,1917"/>
                <Baseline points="179,1989 268,1989 358,1995 448,2001 537,2001 627,2013 716,2019 806,2019 896,2025 985,2030 1075,2036 1164,2036 1254,2042 1344,2048 1433,2054 1523,2054 1612,2060 1702,2066 1792,2072 1881,2078 1971,2084 2060,2084 2150,2090 2240,2096 2329,2108 2419,2120 2508,2138 2598,2144 2688,2150 2777,2156 2867,2162 2956,2168 3046,2168 3136,2174 3225,2180 3255,2186"/>
                <TextEquiv>
                    <Unicode>Wachshuber (flieht, von einigen Leuten verfolgt.)</Unicode>
                </TextEquiv>
            </TextLine>
            <TextLine id="tr_1_tl_21" custom="readingOrder {index:20;}">
                <Coords points="252,2074 606,2078 646,2098 642,2035 559,2047 500,2031 366,2039 354,2027 307,2039 291,2027 248,2043"/>
                <Baseline points="274,2072 364,2066 453,2072 543,2072 633,2084 657,2084"/>
                <TextEquiv>
                    <Unicode>stimmt</Unicode>
                </TextEquiv>
            </TextLine>
            <TextLine id="tr_1_tl_22" custom="readingOrder {index:21;}">
                <Coords points="138,2196 3216,2311 3212,2185 130,2051"/>
                <Baseline points="155,2138 244,2144 334,2150 424,2156 513,2162 603,2162 692,2168 782,2168 872,2186 961,2186 1051,2186 1140,2192 1230,2198 1320,2204 1409,2204 1499,2210 1588,2210 1678,2222 1768,2228 1857,2228 1947,2234 2036,2246 2126,2251 2216,2251 2305,2257 2395,2263 2484,2263 2574,2269 2664,2275 2753,2281 2843,2281 2932,2287 3022,2293 3112,2293 3201,2299 3225,2299"/>
                <TextEquiv>
                    <Unicode>Der uralte Herr (mit seinem Stock voran): Schlagts ihn tot!...Was</Unicode>
                </TextEquiv>
            </TextLine>
            <TextLine id="tr_1_tl_23" custom="readingOrder {index:22;}">
                <Coords points="543,2259 610,2252 618,2259 630,2255 642,2267 677,2267 685,2259 697,2271 744,2263 740,2208 701,2212 681,2196 653,2212 646,2204 630,2208 575,2189 539,2192"/>
                <Baseline points="561,2234 651,2240 740,2246 752,2251"/>
                <TextEquiv>
                    <Unicode>G.F.P.</Unicode>
                </TextEquiv>
            </TextLine>
            <TextLine id="tr_1_tl_24" custom="readingOrder {index:23;}">
                <Coords points="409,2330 716,2330 901,2468 1452,2397 3224,2547 3208,2322 2578,2389 2283,2275 405,2232"/>
                <Baseline points="430,2311 519,2311 609,2311 698,2323 788,2329 878,2335 967,2347 1057,2347 1146,2347 1236,2347 1326,2359 1415,2365 1505,2365 1594,2371 1684,2377 1774,2383 1863,2389 1953,2389 2042,2401 2132,2407 2222,2413 2311,2431 2401,2449 2490,2455 2580,2455 2670,2461 2759,2467 2849,2467 2938,2467 3028,2473 3118,2484 3207,2490 3231,2490"/>
                <TextEquiv>
                    <Unicode>hat er denn gemacht?... Schlagts ihn tot -!</Unicode>
                </TextEquiv>
            </TextLine>
            <TextLine id="tr_1_tl_25" custom="readingOrder {index:24;}">
                <Coords points="252,2448 374,2448 398,2472 488,2492 571,2440 626,2472 646,2452 693,2448 689,2326 634,2342 583,2315 531,2338 433,2326 394,2303 346,2315 307,2295 248,2295"/>
                <Baseline points="268,2389 358,2383 448,2389 537,2389 627,2389 698,2395"/>
                <TextEquiv>
                    <Unicode>Nachshube</Unicode>
                </TextEquiv>
            </TextLine>
            <TextLine id="tr_1_tl_26" custom="readingOrder {index:25;}">
                <Coords points="1051,2574 2933,2665 2921,2500 2492,2547 2334,2476 1039,2405"/>
                <Baseline points="1063,2502 1152,2502 1242,2508 1332,2508 1421,2514 1511,2514 1600,2520 1690,2526 1780,2532 1869,2538 1959,2544 2048,2544 2138,2556 2228,2568 2317,2586 2407,2598 2496,2604 2586,2610 2676,2610 2765,2622 2855,2616 2938,2616"/>
                <TextEquiv>
                    <Unicode>(Das Publikum an der Treppe.) sie mich den</Unicode>
                </TextEquiv>
            </TextLine>
            <TextLine id="tr_1_tl_27" custom="readingOrder {index:26;}">
                <Coords points="531,2578 555,2578 594,2559 602,2566 626,2555 653,2559 657,2551 677,2551 693,2566 756,2570 756,2456 709,2460 661,2448 626,2476 571,2440 563,2448 531,2448"/>
                <Baseline points="555,2544 645,2538 734,2544 764,2550"/>
                <TextEquiv>
                    <Unicode>Herr</Unicode>
                </TextEquiv>
            </TextLine>
            <TextLine id="tr_1_tl_28" custom="readingOrder {index:27;}">
                <Coords points="126,2700 768,2629 1862,2799 2338,2716 3232,2795 3188,2653 114,2488"/>
                <Baseline points="143,2604 232,2604 322,2604 412,2610 501,2622 543,2622 567,2622 657,2622 746,2628 836,2634 925,2640 1015,2646 1105,2646 1194,2646 1284,2652 1373,2658 1463,2664 1553,2664 1642,2676 1732,2682 1821,2682 1911,2688 2001,2694 2090,2700 2180,2700 2269,2711 2359,2717 2449,2717 2538,2723 2628,2723 2717,2735 2807,2735 2897,2735 2986,2741 3076,2753 3165,2753 3243,2747"/>
                <TextEquiv>
                    <Unicode>Stimmen: Das ist ja der Herr von Wöhlleben...Hoch des Herr Bürger-</Unicode>
                </TextEquiv>
            </TextLine>
            <TextLine id="tr_1_tl_29" custom="readingOrder {index:28;}">
                <Coords points="484,2712 508,2708 520,2716 531,2704 547,2704 559,2716 579,2704 606,2724 618,2708 642,2708 649,2716 697,2712 693,2629 673,2629 646,2645 626,2629 606,2641 583,2625 543,2625 512,2657 480,2653"/>
                <Baseline points="501,2688 591,2694 680,2700 704,2705"/>
                <TextEquiv>
                    <Unicode>G.H.F.P.</Unicode>
                </TextEquiv>
            </TextLine>
            <TextLine id="tr_1_tl_30" custom="readingOrder {index:29;}">
                <Coords points="390,2767 1114,2909 3141,2980 3129,2822 2496,2724 2055,2795 386,2700"/>
                <Baseline points="406,2759 495,2765 585,2777 675,2783 764,2783 854,2789 943,2795 1033,2795 1123,2801 1212,2807 1302,2813 1391,2819 1481,2819 1571,2825 1660,2831 1750,2837 1839,2843 1929,2843 2019,2849 2108,2855 2198,2861 2287,2867 2377,2873 2467,2879 2556,2873 2646,2885 2735,2891 2825,2891 2915,2903 3004,2909 3094,2915 3148,2921"/>
                <TextEquiv>
                    <Unicode>meister! - Der Graf Steieranil - Der Hofrat Vollinger ver¬</Unicode>
                </TextEquiv>
            </TextLine>
            <TextLine id="tr_1_tl_31" custom="readingOrder {index:30;}">
                <Coords points="413,2846 484,2838 496,2850 583,2850 590,2842 602,2854 630,2850 646,2866 685,2866 685,2787 653,2779 638,2791 543,2783 527,2795 472,2791 453,2779 445,2791 409,2787"/>
                <Baseline points="436,2837 525,2843 615,2843 692,2849"/>
                <TextEquiv>
                    <Unicode>raute</Unicode>
                </TextEquiv>
            </TextLine>
            <TextLine id="tr_1_tl_32" custom="readingOrder {index:31;}">
                <Coords points="398,2960 3271,3121 3263,2992 2740,2925 394,2842"/>
                <Baseline points="418,2926 507,2926 597,2926 686,2932 776,2938 866,2944 955,2950 1045,2956 1134,2962 1224,2962 1314,2962 1403,2974 1493,2974 1582,2986 1672,2986 1762,2992 1851,2998 1941,3004 2030,3004 2120,3010 2210,3022 2299,3028 2389,3040 2478,3046 2568,3046 2658,3046 2747,3052 2837,3058 2926,3058 3016,3064 3106,3076 3195,3088 3279,3094"/>
                <TextEquiv>
                    <Unicode>ist denn das? - Kennen S' die nicht. Ah! - Das ist ja die</Unicode>
                </TextEquiv>
            </TextLine>
            <TextLine id="tr_1_tl_33" custom="readingOrder {index:32;}">
                <Coords points="378,3157 3318,3267 3314,3149 3165,3118 366,2964"/>
                <Baseline points="394,3076 483,3076 573,3088 663,3094 752,3100 842,3100 931,3106 1021,3112 1111,3118 1200,3118 1290,3124 1379,3124 1469,3130 1559,3136 1648,3142 1738,3148 1827,3153 1917,3153 2007,3159 2096,3171 2186,3171 2275,3171 2365,3177 2455,3183 2544,3183 2634,3189 2723,3195 2813,3201 2903,3213 2992,3213 3082,3219 3171,3225 3261,3243 3327,3249"/>
                <TextEquiv>
                    <Unicode>Marquise von Valois - Valois? - Ah!.- Ist denn wahr? - Frei-</Unicode>
                </TextEquiv>
            </TextLine>
            <TextLine id="tr_1_tl_34" custom="readingOrder {index:33;}">
                <Coords points="378,3279 775,3350 1354,3350 1346,3216 1252,3188 1004,3200 858,3165 669,3200 453,3129 370,3153"/>
                <Baseline points="394,3237 465,3237 555,3237 645,3243 734,3249 824,3249 913,3261 1003,3261 1093,3267 1182,3273 1272,3273 1361,3297"/>
                <TextEquiv>
                    <Unicode>lich..Pst! - Wissen</Unicode>
                </TextEquiv>
            </TextLine>
            <TextLine id="tr_1_tl_35" custom="readingOrder {index:34;}">
                <Coords points="1421,3362 3275,3452 3263,3299 3062,3255 1409,3204"/>
                <Baseline points="1437,3299 1529,3285 1618,3291 1708,3297 1798,3303 1887,3303 1977,3309 2066,3315 2156,3315 2246,3321 2335,3327 2425,3333 2514,3339 2604,3345 2694,3351 2783,3357 2873,3363 2962,3375 3052,3380 3142,3392 3231,3398 3279,3404"/>
                <TextEquiv>
                    <Unicode>denn nicht -? - Vom Napolson - So -?</Unicode>
                </TextEquiv>
            </TextLine>
            <TextLine id="tr_1_tl_36" custom="readingOrder {index:35;}">
                <Coords points="366,3448 866,3409 1138,3547 1641,3594 1992,3468 2326,3566 2921,3531 2917,3421 2830,3405 358,3310"/>
                <Baseline points="382,3392 471,3386 561,3398 651,3398 740,3404 830,3404 919,3416 1009,3416 1099,3422 1188,3428 1278,3428 1367,3434 1457,3440 1547,3446 1636,3446 1726,3446 1815,3458 1905,3458 1995,3464 2084,3470 2174,3476 2263,3476 2353,3482 2443,3488 2532,3494 2622,3494 2711,3500 2801,3506 2891,3512 2932,3512"/>
                <TextEquiv>
                    <Unicode>Wer? - Die Marquise von Valois - - Die schöne -? die? -</Unicode>
                </TextEquiv>
            </TextLine>
            <TextLine id="tr_1_tl_37" custom="readingOrder {index:36;}">
                <Coords points="590,3523 642,3519 689,3488 701,3499 724,3488 795,3507 827,3539 850,3527 909,3539 905,3409 866,3409 842,3425 772,3405 752,3425 736,3409 669,3417 638,3393 587,3405"/>
                <Baseline points="609,3470 698,3470 788,3476 878,3482 919,3482"/>
                <TextEquiv>
                    <Unicode>alvieres</Unicode>
                </TextEquiv>
            </TextLine>
            <TextLine id="tr_1_tl_38" custom="readingOrder {index:37;}">
                <Coords points="598,3700 728,3680 768,3641 807,3673 846,3653 953,3669 953,3539 834,3535 756,3488 724,3499 685,3488 618,3543 598,3543"/>
                <Baseline points="621,3637 710,3637 800,3643 890,3643 961,3637"/>
                <TextEquiv>
                    <Unicode>4</Unicode>
                </TextEquiv>
            </TextLine>
            <TextLine id="tr_1_tl_39" custom="readingOrder {index:38;}">
                <Coords points="1012,3688 1071,3704 1094,3688 1157,3720 1275,3665 1342,3676 1409,3724 1429,3708 1515,3724 1512,3550 1421,3574 1358,3578 1311,3550 1240,3570 1012,3507"/>
                <Baseline points="1033,3643 1123,3643 1212,3649 1302,3655 1391,3649 1481,3649 1523,3655"/>
                <TextEquiv>
                    <Unicode>ist ja ein</Unicode>
                </TextEquiv>
            </TextLine>
            <TextLine id="tr_1_tl_40" custom="readingOrder {index:39;}">
                <Coords points="2133,3739 2173,3736 2208,3708 2220,3716 2240,3704 2252,3712 2279,3704 2311,3728 2338,3696 2358,3696 2350,3562 2315,3566 2287,3547 2228,3547 2216,3535 2169,3523 2122,3535"/>
                <Baseline points="2150,3667 2240,3673 2329,3679 2365,3679"/>
                <TextEquiv>
                    <Unicode>ne mai</Unicode>
                </TextEquiv>
            </TextLine>
            <TextLine id="tr_1_tl_41" custom="readingOrder {index:40;}">
                <Coords points="480,3795 685,3854 960,3795 1287,3854 1559,3838 1661,3905 1787,3901 1783,3743 1614,3704 1551,3736 1275,3665 909,3696 772,3645 480,3704"/>
                <Baseline points="501,3787 591,3787 680,3793 770,3793 860,3793 949,3793 1039,3799 1128,3805 1218,3811 1308,3811 1397,3811 1487,3811 1576,3811 1666,3817 1756,3828 1798,3828"/>
                <TextEquiv>
                    <Unicode>nicht. Er nimmt ihn nur mit,</Unicode>
                </TextEquiv>
            </TextLine>
            <TextLine id="tr_1_tl_42" custom="readingOrder {index:41;}">
                <Coords points="2893,3873 2995,3897 3043,3932 3070,3905 3137,3885 3232,3905 3228,3743 3145,3739 3110,3763 3047,3712 2999,3720 2984,3704 2956,3732 2889,3712"/>
                <Baseline points="2915,3852 3004,3864 3094,3864 3183,3864 3243,3864"/>
                <TextEquiv>
                    <Unicode>An, das</Unicode>
                </TextEquiv>
            </TextLine>
            <TextLine id="tr_1_tl_43" custom="readingOrder {index:42;}">
                <Coords points="484,3991 524,3999 622,3952 689,3987 732,3956 783,3999 831,3968 933,4007 1071,3964 1067,3877 929,3861 874,3810 732,3858 669,3854 626,3818 575,3850 480,3818"/>
                <Baseline points="507,3948 597,3942 686,3942 776,3942 866,3948 955,3948 1045,3954 1075,3960"/>
                <TextEquiv>
                    <Unicode>gibts nicht.</Unicode>
                </TextEquiv>
            </TextLine>
            <TextLine id="tr_1_tl_44" custom="readingOrder {index:43;}">
                <Coords points="193,4149 2130,4133 2126,3995 1850,4054 1492,3952 1224,4043 1110,3987 189,3960"/>
                <Baseline points="215,4103 304,4091 394,4091 483,4091 573,4091 663,4097 752,4097 842,4109 931,4109 1021,4109 1111,4109 1200,4109 1290,4115 1379,4109 1469,4109 1559,4115 1648,4115 1738,4121 1827,4127 1917,4127 2007,4133 2096,4133 2138,4133"/>
                <TextEquiv>
                    <Unicode>Uralter Herr! Ah, das gibte nicht, aus gl</Unicode>
                </TextEquiv>
            </TextLine>
            <TextLine id="tr_1_tl_45" custom="readingOrder {index:44;}">
                <Coords points="2318,4176 2354,4161 2377,4172 2405,4153 2440,4172 2464,4161 2507,4188 2535,4172 2503,3854 2433,3865 2401,3838 2393,3850 2366,3838 2338,3873 2322,3858 2287,3865"/>
                <Baseline points="2335,4133 2425,4139 2514,4151 2544,4151"/>
                <TextEquiv>
                    <Unicode>re</Unicode>
                </TextEquiv>
            </TextLine>
            <TextLine id="tr_1_tl_46" custom="readingOrder {index:45;}">
                <Coords points="3047,4239 3070,4239 3086,4220 3118,4235 3192,4216 3271,4247 3303,4235 3342,4259 3369,4251 3362,4090 3318,4082 3283,4102 3169,4054 3153,4066 3118,4054 3078,4074 3043,4070"/>
                <Baseline points="3070,4163 3159,4169 3249,4175 3339,4175 3375,4175"/>
                <TextEquiv>
                    <Unicode>nicht.</Unicode>
                </TextEquiv>
            </TextLine>
            <TextLine id="tr_1_tl_47" custom="readingOrder {index:46;}">
                <Coords points="921,4196 1771,4204 1771,4141 1720,4161 1653,4109 1578,4137 1429,4113 1271,4141 1086,4106 921,4133"/>
                <Baseline points="943,4175 1033,4181 1123,4181 1212,4181 1302,4187 1391,4187 1481,4187 1571,4193 1660,4193 1750,4193 1780,4193"/>
                <TextEquiv>
                    <Unicode>a été dans</Unicode>
                </TextEquiv>
            </TextLine>
            <TextLine id="tr_1_tl_48" custom="readingOrder {index:47;}">
                <Coords points="480,4287 2370,4369 2606,4338 2606,4192 1830,4153 1728,4216 1145,4216 476,4149"/>
                <Baseline points="501,4253 591,4253 680,4253 770,4259 860,4265 949,4271 1039,4265 1128,4259 1218,4265 1308,4259 1397,4265 1487,4253 1576,4265 1666,4276 1756,4271 1845,4276 1935,4271 2025,4276 2114,4276 2204,4282 2293,4288 2383,4294 2473,4306 2562,4312 2616,4312"/>
                <TextEquiv>
                    <Unicode>(Einige Folgen Wachshuber und dem Vertrauten.)</Unicode>
                </TextEquiv>
            </TextLine>
            <TextLine id="tr_1_tl_49" custom="readingOrder {index:48;}">
                <Coords points="177,4440 216,4436 287,4479 374,4444 421,4460 492,4444 520,4468 571,4448 610,4479 665,4448 693,4476 756,4464 752,4298 665,4302 610,4330 524,4283 472,4306 378,4251 264,4251 173,4306"/>
                <Baseline points="197,4414 286,4408 376,4408 465,4408 555,4408 645,4414 734,4420 764,4426"/>
                <TextEquiv>
                    <Unicode>Das Publikum</Unicode>
                </TextEquiv>
            </TextLine>
            <TextLine id="tr_1_tl_50" custom="readingOrder {index:49;}">
                <Coords points="1783,4468 2999,4479 2995,4322 2720,4369 2641,4318 2350,4357 2252,4318 2196,4357 2067,4334 1988,4377 1779,4346"/>
                <Baseline points="1803,4438 1893,4438 1983,4444 2072,4438 2162,4438 2251,4444 2341,4450 2431,4450 2520,4456 2610,4456 2700,4462 2789,4462 2879,4462 2968,4468 3010,4474"/>
                <TextEquiv>
                    <Unicode>dann! Das ist ja der Herr von</Unicode>
                </TextEquiv>
            </TextLine>
            <TextLine id="tr_1_tl_51" custom="readingOrder {index:50;}">
                <Coords points="445,4621 527,4613 606,4657 649,4637 685,4657 716,4629 748,4653 791,4645 854,4605 925,4621 968,4598 1035,4601 1031,4468 957,4448 886,4456 866,4479 764,4460 689,4472 665,4452 618,4476 579,4452 441,4476"/>
                <Baseline points="465,4563 555,4563 645,4569 734,4581 824,4575 913,4569 1003,4575 1045,4581"/>
                <TextEquiv>
                    <Unicode>leben, xxx</Unicode>
                </TextEquiv>
            </TextLine>
            <TextLine id="tr_1_tl_52" custom="readingOrder {index:51;}">
                <Coords points="1622,4598 1925,4668 2082,4590 2311,4645 2649,4617 2759,4676 2822,4625 2988,4637 2948,4507 2732,4546 2425,4507 2374,4542 2295,4507 1618,4527"/>
                <Baseline points="1642,4581 1732,4581 1821,4581 1911,4587 2001,4587 2090,4593 2180,4593 2269,4599 2359,4599 2449,4599 2538,4605 2628,4605 2717,4611 2807,4617 2897,4617 2986,4629 2992,4635"/>
                <TextEquiv>
                    <Unicode>ermeister! - Das ist der Graf</Unicode>
                </TextEquiv>
            </TextLine>
            <TextLine id="tr_1_tl_53" custom="readingOrder {index:52;}">
                <Coords points="1748,4806 2007,4755 2724,4834 2921,4771 3121,4814 3118,4688 2980,4692 2870,4629 2641,4692 2200,4609 2039,4609 1948,4668 1744,4621"/>
                <Baseline points="1768,4736 1857,4736 1947,4742 2036,4742 2126,4742 2216,4748 2305,4748 2395,4748 2484,4754 2574,4754 2664,4760 2753,4760 2843,4766 2932,4772 3022,4772 3112,4778 3130,4778"/>
                <TextEquiv>
                    <Unicode>Kreisämt. Böltinger und seine Frau.</Unicode>
                </TextEquiv>
            </TextLine>
            <TextLine id="tr_1_tl_54" custom="readingOrder {index:53;}">
                <Coords points="712,4901 791,4912 815,4932 850,4920 878,4944 901,4928 972,4960 1012,4944 1008,4779 972,4771 933,4783 901,4755 878,4771 815,4743 791,4759 760,4747 736,4771 709,4763"/>
                <Baseline points="734,4880 824,4886 913,4892 1003,4886 1021,4886"/>
                <TextEquiv>
                    <Unicode>re de cette</Unicode>
                </TextEquiv>
            </TextLine>
            <TextLine id="tr_1_tl_55" custom="readingOrder {index:54;}">
                <Coords points="2015,4912 2200,4909 2311,4979 2393,4940 2566,5003 2751,4995 2929,4932 3035,4956 3031,4810 2968,4779 2736,4834 2472,4802 2397,4853 2114,4763 2011,4767"/>
                <Baseline points="2036,4904 2126,4904 2216,4904 2305,4904 2395,4904 2484,4910 2574,4910 2664,4916 2753,4916 2843,4922 2932,4928 3022,4934 3040,4934"/>
                <TextEquiv>
                    <Unicode>.Ver ist das? Die Viehe</Unicode>
                </TextEquiv>
            </TextLine>
            <TextLine id="tr_1_tl_56" custom="readingOrder {index:55;}">
                <Coords points="862,5180 1019,5196 1197,5145 1271,5176 1397,5156 1488,5188 1535,5149 1634,5176 1689,5156 1685,4975 1547,4991 1417,4936 1208,4956 1173,4928 1118,4960 1027,4932 854,4964"/>
                <Baseline points="878,5053 967,5059 1057,5053 1146,5053 1236,5053 1326,5053 1415,5053 1505,5065 1594,5071 1684,5077 1696,5077"/>
                <TextEquiv>
                    <Unicode>3' denn nicht 263.</Unicode>
                </TextEquiv>
            </TextLine>
        </TextRegion>
    </Page>
</PcGts>
