4456 5480
1084 624 3412 825 Menschheit, Tod und Vernichtung dem Bonaparte!....
1146 605 3836 974 Viell, twe den Monaché (Sie erpenan, wohrden etc. de Glance)
1743 860 3212 1013 (Bewegung, Zurufe, hin und her.
891 962 3942 1127 Leibolt: Ein Vorschlag, Freunde. Nach Haus geht wohl keiner mehr
1084 1127 3997 1296 von uns. Und wir müssen uns beizeiten gewöhnen im Freien zu bi-
1084 1276 3946 1484 vuakieren. Ich lege mich in die Au unter den Sternenhimmel
1084 1398 3989 1578 und will dort meinen Letzten, meinen vorläufig letzten Heimats-
1076 1578 3742 1728 schlummer tun....Wer vernünftig ist, tu- das gleiche...
887 1735 3781 1885 Kribbling: Ein guter Einfall, Freunde. Es ist eine wundervolle
1076 1908 3428 2046 warme Nacht, wir werden nicht immer so gute haben.
671 1920 1233 2140 Ssellbacher
879 2042 2901 2199 Baumann: O Lenzeshauch, o Rosenstrauch....
985 2163 1205 2238 man
703 2152 2156 2415 (brüllt ihn nieder):
1669 2297 3534 2493 Wir halten zur Fahn in heisser Schlacht,
1649 2485 3632 2697 Bis es Gottes Gewalt durch uns vollbracht,
1661 2638 2289 2819 Wir schwören.
1060 2748 3867 2992 (Einige singen mit, Bewegung, Beginn des Aufbruchs.-Der Wirt
1060 2929 2419 3137 ist gekommen, einige zahlen.)
876 3086 3969 3294 Winter (zu Elisabeth mit einem plötzlichen Entschluss): Komm mit
1048 3243 1783 3428 mir, Elisabeth.
856 3353 3392 3561 Elisabeth: In die Auen? Das würde sich kaum schicken.
868 3534 3816 3706 Winter: Weiter, Elisabeth. Es wäre nichtdas erstemal, dass ein
1025 3722 2831 3899 Mädchen ihrem Gelibten ins Feld folgt.
836 3840 1881 4036 Elisabeth: Ins Feld?
832 3973 3286 4174 Marie: Was will er von Dir, dass Du so erschrickst.
844 4142 3820 4358 Elisabeth: Er ist toll geworden. Ich soll mit ihm in den Krieg.
848 4299 4001 4527 Winter: Wenn es der Medardus wär, der dergleichen von Dir verlangte,
985 4437 3954 4672 nimmer fiels Dir ein, es Tollheit zu nennen. Doch es ist genug.
997 4637 3942 4798 Leb wohl, oder leb übel - wie Du willst. Es ist aus. (Er geht)
832 4723 2615 4978 Einge andere (folgen ihm allmählich).
2199 5014 2442 5300 45 -
