3224 5112
1012 915 2662 1259 Ich war in der Karens man het
1000 1047 2621 1397 mich nicht zu ihm plassen — und
971 1224 2256 1568 mich nicht ankosten wollen.
391 2641 2006 3012 f ched. Und we want de les jetzt
535 2797 1909 3097 Frekh. Marister in Schönberg
476 2982 1529 3162 thell the jaare markt
485 3079 1597 3312 F.K.S. Mr. jaare durchl.
459 2950 2715 3415 her. Je vay fait si elles doit quaolé, nulleur?
429 3221 2577 3588 Fr. kl. frides erlerichteten Fenstein heb ich
453 3371 2797 3732 hinaifgeslaret day Musik heb ick zu schort
465 3512 2727 3824 Berger. So - es er an Open draußen in Schönbrunn
479 3682 2832 4035 Fr. kl. die Gäste hat it ankamen und wieder
509 3874 2879 4156 wegfahren gesetze - und sie's still geworden
550 4000 2762 4335 ist, hab' ich weil in Hof auf eine Brück
568 4235 2071 4509 geretst - und hab gewachet
