3715 5592
1108 1405 2452 1613 VIERTER AUFFZUG.
1132 1568 2444 1751 ..3 1/3  =================.................................3/4 1/4 ̃
1197 1841 2240 2077 Erste Szene.
228 2024 3401 2301 Das Zimmer bei Frau Klaehr wie im Vorspiel. - Morgen. - Frau Klaehr
216 2301 3429 2537 am Mitteltisch eben damit beschäftigt aus einer Kanne Kaffee in zwei
232 2488 1112 2655 Tassen zu giessen.
1153 2545 3376 2843 (kommt ziemlich abgerissen mit einer Semmel in
220 2623 1112 2798 Das Dienstmädchen
509 2765 1148 2989 in der Hand.)
3034 2794 3282 3046 da
220 2977 3453 3213 Frau Klaehr: Na endlich. - Ja, um Gotteswillen, wie schann Sie denn
509 3164 729 3299 aus?
2558 3164 3144 3364 Frau Klach
216 3205 3490 3482 Dienstmädchen: Wie soll man denn anders ausscheun, man muss
501 3449 3401 3592 ja froh sein, dass man überhaupt lebendig aus dem furchtbaren
501 3584 3372 3849 Gedräng herauskommt. Einen Burschen hat die Wache abgeführt,
509 3747 1914 3954 weil er's Messer gezogen hat.
220 3832 3291 4146 Frau Klaehr (ihr die semmel aus der Hand nehmend): Und das ist
489 4068 1890 4256 alles, was 3-e mitbringen - 2
220 4174 3360 4431 Dienstmädchen: Ja! und darum steht man seit drei Uhr früh dorten.
489 4370 2655 4561 und wird am End so zugericht'! - (Sie weint)
228 4488 2525 4724 Frau Klaehr: Und was ist denn mit dem Fleisch?
220 4651 3425 4891 Dienstmädchen: Noch keins da. Vielleicht, dass Sie gegen Mittag was
481 4814 2615 5078 kriegen, meint der Gesell. - Von Ungarn her.
