3643 5512
454 619 897 825 käme — 71
233 760 2303 1016 Helene: Ja, es ist das verabredete Zeichen.
1046 909 1470 1016 maquise
225 916 3055 1195 Assalagny: Frau Vicomtesee, ich habe keinen Anteil an dieser
470 1104 3234 1302 Sache! - Beliebt es Ihnen um Ihren Kopf zu spielen, so mögen
470 1268 3261 1493 Sies tun. Hier gehen Dinge vor, denen ich gänzlich fremd bin.
233 1428 3051 1642 Helene: Es gab nie andre in diesem Hause, armseliger Mensch!
477 1589 3223 1814 (Schon an der Türe) Gehn Sie nur. Man weiss in Paris so gut
470 1711 3326 1932 wie in Schönbrunn, dass Ihres Vitzes Mutter die Vorsicht war.
1501 1856 1955 1990 somme
2096 1864 2360 1955 du dernier
481 1883 3280 2077 (Sie hat geöffnet) Darum, stirbt or so Jung. ist er auch als
1287 2012 2173 2253 nach geboren
443 2249 3181 2547 Desolteux (tritt ein, in veränderter Haar- und Bartracht.)
221 2513 2154 2685 Helene: Seien Sie willkommen, Desolteux.
237 2658 3299 2872 Assakony (in höchster Betroffenheit, begrüsst Desolteux durch eine
458 2834 2406 3002 verlegene Handbewegung und entfernt sich.)
241 3005 2100 3185 Desolteux (beugt die Kniee vor Helene).
237 3139 1669 3345 Helene (reicht ihm die Hand).
2581 3128 3330 3349 Majeise -.
237 3338 3120 3498 Desolteux (küsst sie, in starker Bewegung): Frau Vicomtesse:.
237 3452 3040 3655 Helene: Lassen Sie sichs nicht kümmern, Desolteux, dass sich
2562 3574 2788 3670 ein
462 3624 3234 3815 Assalagny so rasch entfernte. Er fürchtet für Leben und Krei-
458 3742 764 3983 hatte
2478 3761 3097 3956 Marquise
221 3872 3254 4105 Desolteux: Das wundert mich wenig. Aber Sie, Frau Vicemterse, find
443 4040 3296 4231 ich so gefasst, als wäre mein Erscheinen hier die natürlichste
2643 4185 3128 4292 hayvise
439 4273 3101 4430 Sache von der Welt. Und vor einer Minute, Frau Vicomterse,
2349 4311 3456 4533 unter den Lebeuwitzen heilte.
420 4369 817 4483 mussen
447 4369 2482 4579 dürften sie billig zweifeln, ob ich noch
221 4495 3166 4724 Helene: Das durft von nicht, desselben xxx Ver-
733 4689 1039 4785 Sie nicht,
412 4632 3357 4896 langen mich überrascht zu sehen. Ich habe Sie erwartet, besolleicht
409 4819 3257 5083 Heute.. In dieser Stunde. Gestern Abend in Schönbrunn nach dem
