3528 5480
572 468 2115 816 8 Ehelt: Das kann ist;
623 635 2273 1002 I denn seither heb ich dich
490 888 2608 1185 etliche Mal in Zweifellosei wenn
427 1062 2491 1397 auch nicht immer erplübeter
360 1249 2172 1590 selend Theil nedergesch
522 2267 3022 2690 Etselt. Die warst wurde - he daertis?
468 2570 2798 2956 du naist -? (C'il faist chez Schaef cin)
259 2542 455 2763 #
556 2814 2883 3212 Auges Und wih. was frag
613 3035 2839 3402 ich viel. Da der viel geladen
553 3250 3098 3635 harrt, bep was did nalulut
670 3730 1087 3929 en,
