3787 5608
300 605 921 827 Solschb
300 710 3258 983 Gardist: Ja, das kommt in Kriegszeiten vor. Aber wir haben auch
597 913 956 1112 welche.
320 1030 3449 1264 Der Herr: Da hast es.. Wären wir abgereist vorgestern, auch gestern
581 1186 2637 1397 früh wärs noch gegangen. Jetzt stehn wir da.
328 1342 1385 1588 Die Frau: Kanonen....
336 1471 3406 1693 Schöffmann (kommt, sehr höflich): Ich bitte, sich von hier zu ent-
605 1639 3480 1884 fernen. Wirklich gnädige Frau, es wär schad um den schönen Hut.
605 1810 1857 2033 (Er entfernt sich wieder.)
343 1970 1853 2161 Der Herr: Der muss Dich kennen.
343 2075 2509 2337 Die Frau: Ja, wird denn wirklich was g'schehn?
1244 2271 2161 2458 (Ein Flintenschuss.)
484 2329 889 2520 zulnty
343 2430 1748 2629 Der Gardist: Der war von uns.
1213 2548 2196 2754 (Ein zweiter Schuss.)
414 2665 862 2832 jolutel
371 2727 1775 2918 Gardist: Aber der von drüben.
671 2801 2828 3055 (Das Ehepaar rasch zu der Stiege hin und hinab.)
636 3105 3421 3312 Frau Klaehr, Anna und Etzelt (haben indes die Lebensmittel
648 3281 1724 3496 und Getränke verteilt.)
371 3402 3507 3620 Anna und Etzelt (haben sich nach rechts übers Burgtor hinausbegeben
663 3577 1818 3788 und sind nicht sichtbar.)
375 3616 3492 3932 Frau Klaehr (geht eben von rechts nach links und begegnet Bergetti.
663 3886 2189 4108 der von der anderen Seite kommt.)
363 3991 3441 4272 Bargetti: Guten Abend, Frau Klaehr. Also Sie haben sich wieder als
675 4217 1752 4408 gütigen Engel erwiesen.
378 4287 3441 4541 Frau Klaehr: Sie tun rein, als wenn ich die Einzige wür, Herr Bar-
683 4533 999 4701 getti.
378 4619 3484 4888 Bargetti: Man hat halt die Empfindung, dass es keiner so von Herzen
667 4767 2356 5083 kommt. (Aber jetzt steht ich ihnen es
1697 5064 1997 5317 134
