3625 5641
355 733 2565 969 (liest): Seit einiger Zeit hat ein Geist der
192 958 2927 1146 der Unordnung das Volk auf Abwege geführt (Dieser aufrühren
192 1066 2964 1248 Geist hat sich durch Zusammenrottungen aller Art geäussert,
178 1244 2956 1462 österreichische Kriegsgefangene wurden auf dem Durchmarsche
207 1404 2982 1625 wissermassen mit Gewalt befreit...Kammen, Waffen, Munition,
149 1553 2927 1759 Artillerie wurden noch immer verborgen gehalten. Beschimpf
185 1683 2851 1915 Provokationen, tätliche Vorgehungen, unvermeidliche Folge
200 1865 2891 2068 treuloser Aufhetzungen oder verbrecherische Hoffnungen be-
192 2035 2967 2198 drchten die Ruhe der Stadt - und die Sicherheit der gutgesin-
207 2155 2946 2340 ten Bürger; diese Sicherheit / die man dem besondern Schutze
189 2332 2996 2510 Kaisers und Königs verdankt. Noch ist die Milde Seiner Maje-
170 2485 3087 2670 stät nicht ermüdet, aber eine längere Straflosigkeit hätte tra-
192 2597 3000 2797 rige Folgen haben können. Höchstdieselbe befahlen daher ver-
189 2746 3076 2960 wegenen Handlungen durch Beispiele der Strenge Einhalt zu tun
181 2917 2964 3127 Einwohner Wiens ###er eigenes Interesse muss Buch antreiben
189 3105 2880 3265 treulose Ratschläge der Aufwiegler zurückzureisen, wachet
192 3239 2935 3424 selbst mit grösster Aufmerksamkeit über alle Uebelgesinnten
141 3345 2862 3555 Otragt das Eure zur Aufrechterhaltung der allgemeinen Ruhe
189 3522 2946 3722 bei und Ihr werdet Buch des Wohlwollens würdig machen, das
192 3682 2895 3871 Seine Majestät der Kaiser und der König immer geneigt ist,
178 3820 2822 4074 Euch zu gewähren, und wovon er Euch bei so vielen Gelegen-
192 3976 2075 4179 ten so überzeugende Beweise gegeben hat.
207 4128 1364 4357 (Die Vorlesung wurde manck)
1509 4117 2013 4346 durch Mutter
366 4462 773 4650 klamation
276 4636 464 4810 r1:
490 4632 1161 4814 Wirklich, sehr
1962 4582 2118 4796 ad
2235 4502 2532 4817 wie et
181 4767 929 4973 seinen Kindern.
530 4915 700 5097 gute
