3840 5828
2789 570 3059 767 dreu
270 651 2069 986 (Das grosse Tor öffnet sich. Jakob Esch.
1422 925 2550 1090 Konn. eskortiert von 2
270 917 1225 1148 len: Prurkhart, Holz.
971 1029 1279 1144 König
258 1083 2281 1294 ten. Vorn der Leuthany, seitlich der Tromml
81 1279 1764 1529 au Klaehr (schreit auf): Jakob...
96 1429 1560 1672 chenbacher: Franziska..   7
85 1564 2782 1822 zelt: Vielleicht führen sie ihn in ein andres Gefängnis.
81 1761 1502 1965 au Klaehr: Herr Leutnant -
96 1907 482 2007 morg
81 1865 3017 2111 gutnant: Was wollen Sie denn? Ach ja, Sie sind xxx die Schwester
266 2042 3094 2258 Nun ja, Wenn Sie noch ein paar Worte mit ihm sprechen wollen
270 2246 3128 2416 ich habe nichts dagegen. Doch bitte ich Sie, sich zu beeilen.
73 2350 3067 2593 rau Klaehr: Herr Leutnant, es ist ein Gesuch beim Kaiser.
266 2535 1056 2708 schwöre sten.
69 2624 2905 2862 autnant: Das ist schon erledigt - wie sie sehn, Frau Klaehr.
73 2832 3136 3036 rau Klaehr: Das ist ja nicht möglich. Er ist unschuldig. Schul-
277 2966 3094 3167 dig sind andre. Es wäre Ihres Kaisers nicht würdig... Ich be-
277 3113 3151 3348 schwöre Sie, Herr Leutnant... Sie würden bereuen... Jeden Augen¬
270 3252 2346 3533 blick kann segnadigung da sein... Und dann...
81 3421 917 3644 gutnant: Vorwärts.
693 3594 2724 3799 (Es haben sich immer mehr Leute gesammelt.)
85 3737 3070 3941 bau Klachr (ihm nach): Jakob, warum sprichst Du kein Wort. Red
258 3891 2916 4064 doch. Sieh, es sind hier so viele Menschen, dag es ihnen
258 3945 3194 4280 doch.... dass Du... dass wir - Man und
92 4176 3171 4384 sorger: Um Gotteswillen, Frau Klaehr...was fallt Ihnen denn ein...
81 4342 3171 4565 schenbacher (bleibt stehn): Sei ruhig, Schwester! Es ist nichts xxx
243 4531 3082 4696 ändern. Sib Dich drein. Und was die armen Teugel anbetrifft,
227 4669 2882 4843 die zwei jungen sind ledig, nur der Pfurkhart ist verwit¬
243 4823 2886 5031 Nimm Dich seiner zwei Kinder an. - Grüsse Gott, Medardus,
863 4950 2689 5216 un. Leben Sie wohl, guter Itzelt. Adieu,
