4488 5464
898 568 3775 773 bitt Euch, meine Freunde! Schlaft Euch aus, Glück auf den Weg!
902 773 3747 970 Nein, reicht mir die Hände nicht, Keiner, keiner...Diese Hand
898 946 3703 1079 hier hat vielleicht noch irgend was zu besorgen, ehe sie an-
902 1055 2954 1264 derer ehrlicher Männer Hände schütteln darf.
676 1240 2648 1413 Bernburg: Ich will Dich umarmen, Medardus.
664 1332 3896 1574 Medardus: Fort, fort, Keiner mir in die Nähe... Mir ist als zöge kein
914 1505 3103 1719 guter Hauch von mir aus... Lebt wohl.... geht...
1582 1666 3063 1856 (Alle sind allmählich gegangen.)
922 1775 3973 1984 (Elisabeth und Marie stehn draussen und schaun vom Fenster herein
688 1960 3896 2174 Wirt (zu Etzelt): Ich laufe zur Gendarmerie. Das Wachhaus ist zwei-
914 2109 3840 2343 hundert Schritte von hier. Das ist nämlich meine Verpflichtung,
914 2274 2701 2463 sofort die Meldung zu erstattem. (ab)
680 2403 1542 2608 Etzelt: Medardus.
676 2572 1876 2749 Medardus: Was willst Du?
680 2689 3763 2922 Etzelt (stark): Lass mir alles über... Du folge Deinen Kameraden.
668 2882 3804 3051 Medardus (ohne auf ihn zu hören): Sieh sie an! diese war ihnen zu
914 3023 3747 3180 gering! und darum musste sie in den Tod. Sie### sie an, Etzelt!
914 3204 3771 3353 War sie nicht adeliger als alle Prinzessinnen der Erde, - und
910 3321 3949 3506 sie war ihnen zu gering. Warum bist Du nicht lieber in die Welt
914 3494 3679 3655 hinaus, Schwester, mit ihm... warum?... Schande?!.. erloschnes
914 3663 3771 3820 Wort. Deine Aache weht in alle Winde vor diesem Anblick. Hast
914 3779 3808 3953 Zu gefürchtet, Agathe, ich hätte Dir böses getan oder ihm? Tö-
910 3953 3957 4093 richte Furcht, Agathe, eh Du mir wieder begegnet wärst, hätte mir
922 4106 3755 4258 ein Traum warmend dieses Bild gezeigt und beim Erwachen hätte
914 4250 3759 4436 mich das Glück, dass es nur ein Traum war, - trunken gemacht.
914 4375 3727 4516 Und hätt ich Dich in einem schlechten Haus gefunden, mit ge-
910 4576 3767 4729 schminktem Gesicht als feile Dirne - wärs nicht seligkeit ge-
910 4665 3208 4927 wesen, gegen dieses Bild, das nun Wahrheit wurde.
2065 4955 2359 5160 - 51, -
