3816 5352
741 646 3409 919 gegen als das erscheinen der hier Versammelten zur festge-
741 784 3473 1075 setzten Stunde mittags um zwölf Uhr. Ich habe ferner im Auf-
734 993 3448 1238 trag meines Herrn und Kaisers, die Ehre, dem jungen Paare die
717 1117 3356 1359 herzlichsten Glückwünsche zu überbringen. Der Kaiser sieht
710 1245 3377 1518 als eine besonders günstige Vorbedeutung für die Zukunft die
713 1454 3310 1664 der jungen Ehe an, dass sie gerade an dem Tag geschlossen
710 1561 3448 1770 wurde, da die Stadt Wien sich unter seinen Schutz begeben hat.
706 1745 3388 1965 und seine hier anwesenden Untertanen zum erstenmal seit lan-
710 1926 3352 2089 gen Jahren sich nicht mehr in der Fremde befinden. Zum Zeich
692 2054 3427 2231 seiner besondern Geneigtheit hat Seine Majestät mich endlich
699 2160 3370 2469 beauftragt, Ihnen, Frau Vicomtesse, dieses Perlenhalsband als
663 2313 2104 2494 Hochzeitsgabe zu überreichen...
2448 2370 2838 2579 gelten
369 2451 724 2646 Helene:
802 2469 3278 2685 Das ich wohl als Abschlagszahlung nehmen soll auf die
805 2579 983 2678 ent
2324 2622 2639 2735 tains
674 2607 2618 2792 vorbehaltenen Güter der Herzöge von Bergy.
848 2728 1227 2834 dam
2359 2693 3161 2873 Klemigkeit
1479 2756 1894 2852 parmi
2097 2767 2313 2888 her
372 2703 635 2962 Rapp:
670 2781 3274 2980 Abgesehen, Frau Vieem###se, dass es dafür zu gering wäre:
656 2934 3427 3122 Seine Majestät verleiht aus eigenem, aber sie nimmt sich nie
646 3058 3491 3303 heraus, etwas herzuschenken, was der Nation gehört. Der Kaiser
646 3203 3186 3416 hat andres zu vergeben, Besseres als Güter. Wertvolleres
2810 3381 3061 3494 kla
639 3359 3491 3629 selbst/als die Güter der einstigen Herzöge von January. Und Sie,
919 3484 1302 3608 haring
635 3526 3445 3750 Herr Visamte, werden vor allem erfahren, welche Ausgabe Seine
642 3700 3289 3860 Majestät Ihrem Degen zugedacht hat, der sich bisher nur in
646 3835 3477 4080 Kämpfen versuchen dürfte, von denen das Vaterland keinen Nutzen
635 3945 2739 4236 hatte. - Mein Auftrag ist zu Ende.... (Er geht)
443 4466 738 4704 lene:
919 4537 2838 4757 um schweigt Ihr alle? Nichts hat sich verän-
333 4637 2423 4839 Assalagny: Viel, Vlechtesse. Kei Marpun
894 4821 1117 5020 wir in
