3763 5512
1346 636 2399 810 Vierte Szene
1361 752 2348 933 ...3 1/2 1/4 1/3  =================
667 926 2965 1234 Zimmer Helenes, ziemlich klein. Im Hintergrund ein
671 1180 3378 1427 die Türe offen steht. Karge Beleuchtung in Zimmer. Nacht über
656 1357 2896 1596 dem Garten draussen, dessen Wipfel bis zum Balkon
420 1481 2588 1762 Helene (tritt eben vom Balkon aus ins Zimmer.)
648 1662 2919 1967 (Eine Türe wird geöffnet und Assalagny tritt ein.)
2426 1870 3181 2009 chauquise
397 1901 3405 2167 Assalagny (nach Verbeugung): Ich
640 2044 1863 2198 nach einem so vielfach bew
1847 2086 3471 2318 gten Tag mir noch zu so später Stun-
1408 2175 1863 2291 has not in the
632 2179 3525 2456 de Gehör erbitte, kann nur ein dringender Anlass entschuldigen.
382 2275 3031 2541 Helene (nicht scharf): Den zu erfahren, ich begierig bin.
2803 2464 3208 2622 Charnis
386 2483 3490 2715 Assalagny: Eine ehrfurchtsvolle Frage vorerst. Frau Vieemtesse sind
605 2661 3347 2865 fest entschlossen, morgen zur Cour nach Schönbrunn zu fahren?
382 2761 3262 3012 Helene: Mich das zu fragen, liessen Sie sich zu solcher Stunde
594 2938 1905 3151 melden, Doktor Asslagany -?
3309 3050 3575 3228 weske
359 3039 3432 3370 Assalagny: Darum, - und, wenn Sie entschlossen sind, mit Ihnen/ zu
1234 3205 1685 3320 chassur.
1708 3228 2140 3363 Mhbenst
598 3239 3289 3459 beraten, Frau Vicomtesse, wie Sie sich dem Kaiser gegenüber
594 3367 1404 3563 verhalten werden.
339 3459 2418 3775 Helene (höhnisch): Dem Kaiser gegenüber....
332 3702 3270 3891 Assalagny: Wir wollen ihn doch lieber so nennen, da kein Anlass
563 3883 3390 4099 vorliegt, unter vier Augen uns in Rollen zu bemühen, die wir ja
563 3999 3424 4230 doch nur für den Herrn Herzog zu spielen haben. xxx
567 4165 2534 4361 ja vielmehr deren, den Herzog im seiner Wunden.
551 4334 2102 4489 schung zu erhalten, vnnd unschurdig.
540 4439 1701 4658 ben Sie nicht, Frau Wiesen
1735 4431 3154 4662 erste, dass es hiesse, die Komtate
551 4577 3077 4809 zuweit treiben, wenn man armen, Teufeln, die sich aus Frau
551 4759 2938 4998 Leidenschaft oder Torheit in ein wahnwitziges Beginnen
