4117 5320
1405 578 2533 764 Dritte Szene.
1421 700 2545 894 .................................Wörter.................
617 918 3558 1171 rassenkreuzung. Eine Strasse läuft vorn an der Rampe. Die andre
609 1132 3720 1322 cht von vorn links nach rechts hinten, verläuft ziemlich schmal zwi-
605 1251 3732 1504 den Gartenmauern. Im Hintergrund freies Feld. Rechts, ziemlich weit
681 1456 3684 1599 und des Zeughauses. - In der Ferne Hügel. Vorn links an der Reke
609 1611 3601 1781 in Meilenstein. Rechts an der Mauer, etwas weiter rückwärts, eine
598 1729 1911 1971 lzerne Bank. - Morgengrauen.
621 1959 3617 2185 selt (sitzt auf der Bank): Es beginnt mich zu frösteln.. Sollt
736 2078 3700 2295 ich geschlummert haben? Mir ist beinahe so.es wird doch besser
744 2228 3771 2462 sein, wieder auf und ab zu gehn. (Er erhebt sich und geht in der
744 2418 3684 2584 Strasse auf und ab) (Wie lange noch -? Var es nicht doch viel-
712 2584 3554 2782 leicht ein sträflich Zögern - dass ich nicht auf irgend eine
728 2695 3542 2905 Weise versucht habe mir Einlass zu verschaffen...9 Unsinn...
704 2873 3617 3055 Was immer die Sache zu bedeuten hat... das hätte nur von üblen
716 2992 3708 3249 Folgen sein können. Nun wird es sich ja doch bald entscheiden
732 3178 3684 3372 ob ich die lächerlichste Figur von einer Schildwache vorstelle,
732 3305 3582 3530 die jemals ungebeten vor einem Liebesnest auf und abgelaufen
3396 3423 3641 3558 nelt
732 3491 3562 3657 ist oder ob eine höhere Einsicht mich hier festgebannt hält.
605 3546 3779 3815 ehenbacher (in Bürgermittückeneniforn kommt von rechts vorn, biegt
740 3795 2723 4021 in die enge Strasse ein, begegnet Etzelt).
621 3946 2224 4136 schenbacher (erstaunt): Etzelt...
594 4120 2256 4298 tzelt: Sie, Meister Eschenbacher -!
598 4262 2374 4444 schenbacher: Zu so früher Stunde auf?
617 4365 3506 4610 selt: Nicht früher als Sie, Meister Eschenbacher... Wehin des
700 4543 2398 4749 Wegs, wenn zu fragen erlaubt ist -7
1183 4670 3680 4939 Zum Zeughaus. Ich habe heute Dienst dort... oder viel-
