3763 5544
546 538 2605 819 Medardus: Ja, Etzelt - nun ist es so weit
530 694 2675 963 Etzelt: Medardus! Warum hast Du das getan? -
530 889 3576 1182 Medardus: Warum schs tat...? Im Augenblick, eh es geschah - wusst
601 1053 3436 1306 ich nicht, dass ichs tun würde. Ich ahnte xxx ganz nicht
503 1193 2044 1353 dass sie kommen sollte...
2344 1217 2710 1416 G.C.H.F.P.S.
488 1346 3420 1576 Etzelt: Du standest an der Treppe...Du hast sie ja erwartet,
495 1482 1568 1700 Medardus.
484 1634 3514 1888 Medardus: Nicht s i e...Doch... als ich sie mit einem Mal.. und
745 1856 3604 2083 völlig unerwartet wiedersah - sie, die mich immer wieder zum
339 1763 679 2008 dardus :
534 2001 3522 2192 Ich Narren meines Schicksals gemacht hatte - da machte sie mich
741 2110 2398 2336 zum letzten Mal dazu! —
468 2118 729 2262 aehaa
460 2172 3592 2500 Etzelt: Wenn das die Wahrheit ist, Medardus, so ist sie vielleicht
562 2426 2067 2601 noch wahrer als Du ahnst.
410 2562 2016 2773 Medardus: Was soll das bedeuten?
429 2746 3537 2968 Etzelt: Es scheint, dass es ein falsches Gerücht war, dasste... die
468 2890 2605 3104 ### Marquise zur Geliebten Napoleons machte.
441 3011 2059 3206 Medardus: Sie war es - nicht -?
429 3159 3471 3385 Etzelt: Und wenn sie es gewesen. J. Jedenfalls stein heute sonder-
456 3354 3572 3592 bare Nachrichten aus Paris in der Wiener Zeitung: der Marquis
456 3530 3424 3717 ###ung und zwei seiner Freunde sind hingerichtet worden... Längst
456 3689 3412 3951 ###vermutete Verbindungen zwischen den Feinden des Kaisers in
417 3818 2796 3990 Oesterreich und Frankreich seien entdeckt...
406 3966 1907 4169 Medardus: - Wie - +
437 4118 952 4313 es nicht.
671 4251 1505 4466 War es nicht...
429 4419 1544 4633 lt: Es stehn heute Nach
433 4559 1548 4801 Vicomte und zwei seiner
433 4735 1213 4976 Ahnst Du den Zuschluß
