3784 5480
245 509 2209 834 Ein Anderer: Und das wissen die drüben...
245 746 3367 966 Berger /: Der Frau Grinzinger ist es halt noch nicht lebhaft genug.
477 926 3131 1098 2 (Ein ziemlich entfernten Schuss fällt. Müssiges Ersehrend
241 1086 3063 1263 Berger: Wo war denn das? Var das von uns oder von drüben?
257 1163 3359 1415 Schreubl: Das muss in der Gegend von der Mölkerbastel gewesen sein
694 1351 1840 1479 (Monsieur)
269 1387 3331 1583 Jolsdorf (ein Bürgerleutnant, zu der Gruppe tretend, sehr ruht)
549 1519 3375 1744 Ich möchte den Herrschaften raten, sich von hier an entfernen
253 1668 2441 1872 Berger: Ist's denn g'fährlich, Herr Leutnantl
269 1788 3283 2044 Jolsdorf: Es wäre nicht unmöglich, dass es bald ziemlich gefährt
549 1968 3223 2217 wird. Vor ein paar Stunden ist aus den kaiserlichen Stall
537 2141 1800 2365 herüber geschossen worden.
253 2297 2060 2489 Berger: Aber getroffen haben's nicht.
281 2389 3383 2694 Jolsdorf:r: Hs kann jeden Augenblick wieder anfangen.. Auch mit Ka-
553 2638 966 2810 nonen...
269 2726 3015 2987 Schreibler: Die Kanenen aellen ja noch in Passau sein - +
277 2902 1660 3147 Jolsdorf: Nicht alle. (Fort)
228 3003 3456 3331 /Föderl (kommt von der Stiege aus herauf, sehr eilig und aufgeregt):
561 3235 2105 3419 O Du mein Gott, o Du me in Gott...
281 3347 2453 3556 Berger: Guten Tag, Herr Föderl, was ist denn?
289 3540 3464 3760 Föderl: O Du mein Gott, jetzt bin ich vorgestern Abend in die Stadt
2842 3644 3119 3748 Sehetl
545 3656 3379 3880 herein, hab dringend mit meinem Bruder was reden müssen, der
561 3812 3347 4081 was Advokat is, und jetzt kann ich nimmer hinüber zu meiner
541 4041 842 4197 Frau.
281 4069 3207 4337 Bargetti (ist dazugetreten): Wenn Sie sich ausweisen können,
537 4329 3283 4522 dass Sie drüben wohnen.. ah.. der Herr Föderl. Innen kann 10
561 4482 3015 4642 einen Passierschein geben lassen.
329 4430 545 4698 +
269 4622 3187 4843 Föderl: Einen Passierschein! So! da müsst ich ja übers Glacis
265 4770 2962 5059 Bargetti: Ja, einen andern Weg wüsst ich freilich nicht
