4520 5448
762 618 1821 822 Föderl: Ein Lump!...
754 710 3919 951 Wachshuber: Was die schönen Damen anbelangt, da ist bald einer ein
1035 907 3706 1099 Lump. Oder es möcht gern einer ein Lamp sein, triffts nur
1023 1063 1821 1252 nicht ein jeder.
746 1191 3730 1432 Der uralte Herr: (eine Grabschrift lesend): "Hier ruhet Ernst
1043 1376 3787 1512 Josef Zehetgruber, bürgerl. Handschuhmacher, verstorben am
1031 1532 3967 1765 16. Feber 1798 im sechzigsten Lebensjahre. Es ist merwürdig, es
1035 1693 1781 1853 ist merkwürdig.
746 1829 3333 1978 Wachshuber: Was ist denn da so merkwürdig, alter Herr.
754 1998 3498 2158 Der uralte Herr: Mit sechzig Jahren! der arme Zehetgruber.
766 2130 2635 2335 Wachshuber: Haben Sie ihn denn gekannt?
758 2270 3903 2427 Der uralte Herr: Er muss viel versäumt haben, der Zehetgruber! Mit
1031 2435 3875 2627 sechzig Jahren sich da hineinlegen müssen. (Zum Totengräber)
1035 2595 2355 2744 Was, das ist nichts für uns?
746 2708 3133 2908 Totengräber: Kommen auch amal dran..Herr Hofrat.
734 2880 2302 3053 Wachshuber: Ein Hofrat ist er...
734 3024 3281 3257 Der uralte Herr: Noch Lang nicht, noch lang nicht....
718 3273 3855 3430 Frau Grinzinger (ist eben dazu gekommen, noch ziemlich junge Frau
1023 3414 3867 3626 mit lebhaften Augen): Wie alt sind denn Sie, wenn man fragen
1011 3578 1280 3706 darf?
730 3694 3959 3907 Wachshuber: Ah, die Frau Grinzinger...küss die Hand. Der Herr Gemahl
991 3855 1745 4071 nicht anwesend?
710 3991 2671 4212 Der uralte Herr: Ich bin dreiundneunzig.
710 4156 3016 4368 Frau Föderl: Hast gehört...dreiundneunzig is er,
714 4348 3851 4481 Scheubler: Was machens denn auf dem Friedhof mit der Kleinen da?
975 4436 2098 4677 Is Ihnen wer g’storben?
710 4537 3835 4838 Der uralte Herr: Mir sein gar viele schon g'storben. (zuerst meine
959 4761 3967 4970 Mutter, das ist neunzig Jahr her. Dann mein Vater - vor siebzig.
2098 5094 2475 5239 - 56 -
