3691 5592
448 679 3229 1003 Ich glaub sie hat wochenlang keine Stund geschlafen. Ich hab
460 943 3253 1099 sie überhaupt kaum mehr zu sehn gekriegt in der letzten Zeit,
460 1095 3277 1307 das letztemal hab ich sie schier aussfällig gebeten, sie soll
472 1247 3149 1423 doch wieder zu uns nach Haus kommen, damit sie sich erholt
460 1395 3213 1555 für ein paar Tage wenigstens, aber sie hat nicht wollen. No
468 1547 3293 1806 und endlich ist halt das Nervenfieber gekommen und da vars in
468 1722 1227 1934 drei Tagen aus.
132 1822 2226 2102 Frau Föderl: Mir tut Ihre arme Frau so leid.
144 1986 3293 2206 Berger: Ja, die triffts beinah noch ärger wie mich. Weil sie nämlich
484 2170 3257 2402 so gar keine Ableitung hat. Und ich sag halt, wenn man schon
476 2338 3133 2598 weiter lebt nach so einem Malheur, da gibts nur eins: Zer-
484 2518 939 2705 streuung.
156 2566 3341 2909 Schreubler: Ja, das is wahr! Und das tun Sie/ja redlich, Herr Berger.
480 2769 2801 3017 Gestern Abend hab ich Sie sogar im Theater g' sehn.
152 2961 3125 3205 Berger: Ja, warn sie auch drin? Was haben Sie denn g'sagt zu dem
484 3097 1646 3321 Demonstrationen gestern?
695 3245 859 3357 war
575 3229 2094 3461 Was denn für eine Demonstration?
156 3253 520 3509 Föderl:
152 3297 3361 3613 Berger: Also das wissen Sie nicht? Eine grosse Demonstration für den
484 3621 799 3792 Krieg.
144 3693 3329 3932 Einige! Ah... für den Krieg...? Was hat denn gegeben?... Was haben's
500 3904 1239 4100 denn aufgeführt?
164 3956 3309 4276 Berger: Von Zschofe eine Komödie. Is nicht viel dran. Also da sagt
555 4152 3341 4420 ein junger Mensch, der Ackermann hat ihn gegeben, sagt er in
500 4344 3169 4560 zweiten Akt - wie sagt er denn nur g'schwind - "Noch ist
460 4460 3241 4688 nicht alles verloren, - es hat sich natürlich auf was ganz
496 4624 3301 4851 andres bezogen, - wie mämlich in Stück vorgekommen is. "Noch
496 4776 3249 4995 ist nicht alles verloren,“ sagt er, „jeder gute Bürger gibt
508 4935 3285 5247 den letzten Blutstropfen her für seinen Fürsten." Na und vie
