4504 5448
3212 241 3481 411 1.
2319 269 2517 411 Dans le
2549 237 2782 403 I Wm. N.Y
723 644 3769 838 Etzelt: Medardus, noch einmal rat ich Dir, folge den Andern. Was
956 806 3908 960 doll Dein Klagen? Es ist nichts als ein wahnwitziges, —ohnmächti-
964 948 3928 1150 ges Ichglaubesnicht zum Himmel aufgeschrien. Agathe wacht nicht
956 1114 2683 1268 wieder auf. Es muss hingenommen sein.
3513 1067 4161 1292 Thelt, ik 1:4
735 1225 3698 1462 Medardus: Nimm Du es hin! Du kannst es, ich nicht, denn ich war
968 1383 3758 1565 ihr Bruder...Du, Etzelt, hast sie nur geliebt! Wie wenig ist
956 1533 3817 1711 das! - Tollheit, Verlangen, Hass, ein wüstes Sausen aufgewühl-
964 1719 3849 1873 ten Bluts, das wieder ebbt...darum wandelt auch Deine Zärtlich-
964 1865 3872 2043 keit sich vor diesem Leichnam nach dem die Würmer hungrig sind,
952 1999 3698 2209 in Graun. Darum flieht Dein tiefstes Wesen schon in diesem
944 2169 3181 2355 Augenblick fort von ihr - und Du "verstehst".
723 2311 3904 2489 Etzelt: Mitstürzen in die Vernichtung oder erhobenen Hauptes weiter-
952 2470 3916 2628 gehn - es gibt keine andre Antwort auf das Unabänderliche.
944 2600 3568 2833 Deinen Schmerz mit wir- xxx heinen Edelsten stummen Geb.
929 2754 3465 2904 Fühle, dass hier alles zu Ende ist, Medardus und geh.
719 2916 3766 3114 Medardus: Zu Ende? Nein, Etzelt, ich bleibe. Hier ist mein Platz.
932 3078 3797 3256 Denn ich weiss, was heut geschah, das ist ein Anfang, Etzelt
932 3220 1422 3390 kein Ende.
1849 4204 2545 4378 VORHANG.
1833 4323 2473 4417 ................. ̃
1580 4378 2952 4635 Ende des Vorspiel
2142 4927 2446 5117 - 52 -
