4520 5496
1193 176 1374 439 P.
2608 189 3285 459 21/2
1649 156 1956 418 lii
2022 164 2555 488 Seit
1218 607 3285 804 Vom Feind und von unsern eigenen Mitbürgern.
919 726 3831 927 Frau Föderl: Aber gib Ruh, Förderl, sie sind ja noch nicht da.
939 902 4089 1132 Wachshuber: Ein Heldenweib, die Frau Föderl. Sie können sich gratu-
1189 1050 2182 1226 lieren, Herr Föderl.
927 1165 4011 1423 Föderl: Sie haben gut Spassetteln machen. Sie wohnen in der Tein-
1214 1374 4204 1513 faltstrasse, mitten in der Stadt. Wer gibts uns denn geschrieben,
1214 1534 4023 1710 dass die Franzosen ihre Wut nicht an uns auslassen, wenn ihr
1214 1653 2260 1841 sie nicht hereinlasst?
915 1796 4212 1989 Schreubler: Ja, auf die Gumpendorfer haben sies scharf, die Franzosen
927 1932 3310 2165 Frau Grinzinger: Ruhe Ruhe, sie kommen ja schon.
1452 2133 3150 2354 (Man sieht die Kondukte sich nähern.)
919 2424 2809 2580 Ein junges Mädchen (Berta,) tritt herzu.)
923 2571 2469 2736 Berta: Grüss Dich Gott, Poldi...
927 2731 2707 2859 Leopoldine: Grüss Dich Gott, Berta...
919 2875 3933 3027 Berta: Der eine Zug geht rechts herum, der andre links. Ganz zu-
1202 2998 2432 3178 gleich werden sie da sein.
915 3183 4007 3330 Leopoldine: Ich kanns nicht glauben! Ich kanna nicht gleuben! ich
1202 3306 2789 3507 denk immer, es is doch nicht wahr.
919 3453 3913 3646 Berta (tritt ganz nah zum Grab): Also da unten...wie kalt's da
1177 3650 4163 3794 herauskommt... (Sie schüttelt sich), (Sagen Sie, Herr Totengräber,
1193 3769 2748 3954 ist denn da Platz für zwei Särge?
898 3896 2219 4105 Totengräber: Platz genug.
890 4073 2612 4282 Bertha: Wie wer'ne denn das machen?
910 4220 3859 4401 Totengräber: Wird schon gehn, Fräuln, wird schön gehn - mir is
1099 4368 2366 4573 noch keiner aus’ kommen.
833 4536 4036 4716 Frau Winkler: Ja, Fräulein Berta... Es is eine Lehre! Eine Lehne ist
1173 4680 1571 4856 es halt.
1046 4729 3847 4967 Indes und mit Elisabeth - Marie gekommen, die sich
1321 4913 2498 5069 Dienlich abseits halten:
2243 5012 2530 5122 00-
