3739 5592
492 660 2653 914 Stiege, der Gatte folgt grimmig und verstört.)
164 879 3235 1114 Ein Bettler (zu der Gruppe rechts): Bitt schön, ein Almosen. Ich
485 1024 3298 1250 bin von Aspern. Mein Haus und Hof ist abgebrannt. Fünf Kinder
473 1192 2778 1391 hab' ich zu Haus, die schlafen in einer Schupfen.
1211 1325 2133 1532 (Er wird beschenkt.)
137 1489 3259 1735 Bradl: Hab selber nichts... Das ist schon nicht mehr zum aushalten,
481 1657 3341 1880 mit der Bettelei..Es ist ja schon ein wahrer Geschäftssweig..
481 1766 1758 1977 Die Hälfte sind Schwindler.
141 1848 481 2165 Berger
543 1930 3271 2173 (tot abenkhekzugstieten): Oh, in Aspern da siehts gar trau-
1981 2102 2133 2196 Je
485 2118 3321 2321 rig aus... Ich hab mir gestern angeschaut..die ganz Gegend...
141 2251 3024 2430 Einige: Ah...In Aspern waren' S'? - Ich war auch neulich dort.
129 2415 3239 2645 (Berger: Schutt und Asche überall, nackte Mauern und) keine ganze
457 2548 3282 2770 Fensterscheiben und die Felder zertreten, da wachst in Jahren
449 2708 3181 2938 kein Halm mehr... Und das interessanteste und... das ergrei-
457 2868 3251 3060 fendste - dan sind die ausgeworfenen kleinen und grossen Erd-
445 3044 2727 3220 hügel, wo unsre braven Soldaten drunter liegen...
117 3161 1782 3407 Schreubler: Und die andere auch...
109 3357 438 3536 Weber:
492 3353 2141 3556 Sind auch brav gewesen die andern.
98 3505 2462 3673 Bradl: Und wären manche lieber bei uns gewesen...
39 3665 3173 3888 Frau Föderl: Ich begreif nur nicht, dass Sie sich so was trauftes
434 3833 3106 4009 noch anschaun gehn, Herr Berger. Dass Sie zu so was aufge-
434 3970 3228 4216 legt sind! Wo doch Ihr armes Töchterl erst vor vierzehn Tagen
426 4115 1137 4322 gestorben ist.
90 4263 3161 4498 Berger: Grad darun, grad darum. Ich versicher Ihnen, Frau Föderl,
438 4431 3251 4599 das is eher ein Trost. Schauns, ich denk mir halt immer, mein
1739 4548 2638 4666 von den unglücksehenen
422 4572 3294 4806 armes Annerl, das ist nicht auch ein Opfer- des Kriegs es muss.
414 4775 3013 4955 ihr schon so bestimmt gewesen sein. Denn hat sies nötig
426 4912 3341 5154 g'habt? Aber wenn sich ein junges Mädel was in den Kopf setzt...
1579 5142 1837 5400 229
