4488 5464
948 98 1165 354 P.
2735 122 3010 319 H 1 1 1
1310 575 3360 858 Caillard über zwanzig, zuletzt zwei Lakaien.
1310 803 4006 972 Von links der andere Sarg, Träger hinter ihm, Frau Klaehr,
1299 933 4254 1141 Eschenbacher, Anna Berger mit ihren Eltern, Etzelt und Medardus.
1299 1086 2518 1306 Bargetti und einige andre.
2058 1236 3506 1483 (Zuerst Stille, dann Flüstern.)
1059 1432 2751 1692 Frau Föderl: Das ist der alte Graf?
1047 1582 3703 1790 Wachshuber: Das is mehr als ein Graf, das is ein Herzog.
1062 1759 2656 1960 Frau Grinzinger: Der is ja blind.
1059 1897 3065 2089 Schreubler: Habens denn das nicht g'wusst?
1062 2093 4128 2290 Frau Föderl: Die Mutter, die kann noch gar nicht so alt sein. Nur
1279 2219 2377 2420 ganz weiss is sie halt.
1047 2381 4140 2558 Frau Grinzinger: Da kann Eines leicht weiss werden...vor Verzweif-
1228 2534 2042 2723 lung und Reu....
1039 2664 3109 2837 Frau Föderl: Wenns nicht eine Perrücken is.
1047 2825 2688 3022 Bradl: Die kenn ich ja schon lang.
1035 2998 4112 3179 Wachshuber: Sehn Sie, Fräulein Poldi? Der junge, hübsche..das is
1275 3128 1991 3294 auch ein Prinz.
1039 3282 2731 3482 Berta: Geh, Poldi, wein doch nicht.
1035 3392 4203 3601 Leopoldine: Und da in dem Sarg drin soll die Agathe liegen, mit der
1275 3620 4183 3758 wir in die Schul gegangen sind...Und vor acht Tagen is sie noch
1279 3742 2361 3931 bei mir oben g'wesen...
1027 3841 3955 4120 Berta: Da is ja auch die Anna Berger. Schlecht sieht die aus.
1023 4022 2995 4222 Frau Grinzinger: Nein, so eine Leich.....
1263 4203 3805 4376 (Der Sarg des Prinzen wird zuerst in das Grab gesenkt.)
1003 4360 3368 4557 Eschenbacher (zu Frau Klaehr): Nur Ruhe, Ruhe...
1023 4521 3309 4675 Frau Klaehr: Sei getrost, Bruder, ich bin ruhig.
1003 4663 4029 4844 Frau Föderl: Also wirklich ohne Musik und ohne das wer was redt.
1019 4785 4116 5041 Frau Grinzinger: Es is, wie wenn sie einen in eine Gruben hinein-
2499 5001 2695 5265 62 -
