3624 5448
326 649 3352 835 Ihnen sagen, weil ich doch schon so vorlaut bin. Grad für einen
338 831 3239 1014 wie es der Medardus ist trifft sichs gut, dass xx eine da ist,
330 936 3301 1126 wie ich, die sich geduldet und bereit ist ihn aufzunehmen, wann
338 1087 1946 1289 er auch heimkehrt und woher immer.
2602 1122 2773 1286 A7
221 1219 3119 1433 ummehr: Ach Kind, Du redst wie man in Büchern red. Das habt
330 1414 3204 1608 Ihr wohl noch von Eurem Komödiespielen, wo Du immer die edeln
326 1577 3297 1783 Fräuleins gemacht hast und Medardus die kühnen und gefährlichen
318 1744 3014 1930 Rittersleute. - Was ists denn, was nu da spielst, Bruder?
183 1895 3251 2066 chenbacher (am Spinett): Kommt mir just so aus den Fingern,
326 2043 3216 2190 leicht auch aus dem Kopf. Weiss selber nicht recht was es ist.
175 2144 3262 2412 zu Klaehr: Die Melodie, Bruder, die fordert ein andres Instrument,
361 2334 3192 2524 da wünscht man sich Trommeln und pfeifen dazu. Es möchte ja
307 2482 2113 2645 beinahe ein kriegerischer Marsch sein.
144 2649 2521 2820 chenbacher: Möchte wohl und weiss es selber nicht.
128 2804 3157 3002 na: Wahrhaftig, Herr Eschenbacher, wenn ich die Augen schliesse,
295 2940 3146 3165 so seh ich ein ganzes Regiment, strahlend in Waffen, der Erd-
291 3080 1596 3216 boden zittert und dröhnt...
140 3208 3185 3402 chenbacher (lachend): Und ein gar gewaltiger Krieger mit Namen
284 3387 1810 3585 Medardus Klaehr schreitet voran.
101 3763 3084 4004 dardus (tritt ein in der uniform eines Landwehrmannes, 21 Jahre,
105 3938 2967 4179 schön und frisch.) Agathe. Anna. Eschenbacher. Frau Klaehr.
105 4109 1076 4334 dardus: Guten Abend.
89 4249 2987 4478 au Klaehr: Nun da ist er endlich, wir haben schon gemeint Du
82 4443 1441 4637 ist bist ohne Abschied fort.
70 4633 3196 4816 ordardus:  Mach mich nicht schlimmer als ich bin, Mutter (Er nimmt
264 4758 3200 4975 ihre Hand und küsst sie.) Grüss Gott, Oheim, Annerl, Du auch?
