3763 5528
716 605 3290 996 liegen lassen, falls Sie fürchten, dass man Böses mit Ihren
728 854 1333 1072 vorhätte....
460 973 2953 1256 Medardus: Sie gähe sich gleichsam selbst als Schuldige
448 1145 3516 1367 Herina: Ja, das ist wohl ihre Absicht. Aber sie will nicht schuldig
1057 1287 1291 1375 Her
732 1348 3355 1570 werden, an Medardus Klaehr - oder höchstens in einer sehr a
1609 1459 2114 1563 Jan 4 a/m
732 1475 3003 1739 genehmen Veise. Der Vicomte ist nämlich abgereist.
437 1543 1984 1827 Medardus: Heute am Hochzeitstag?
433 1762 3367 1969 Nerina: Ich schwör es Ihnen. Es war eine Ehe zum Schein. Er ist
689 1953 3409 2137 fort. Wie weit er gelangt, das ist freilich eine andre Frage
689 2034 1999 2271 Aber kommen Sie nur endlich,
417 2179 2440 2428 Medardus: Die Tore sind nachts geschlossen.
2382 2317 2654 2467 leit.
421 2375 3493 2608 Nerina: Es gibt eines, das sich mir öffnet...mir und meinen Beglei-
701 2512 904 2666 ter.
398 2650 1995 2850 Medardus: Sind Sie eine Zauberin?
410 2827 3451 3079 Merina: Sie ahnen gar nicht, was ich alles für meine geliebte Her-
674 2934 2735 3183 rin - tue und für sie, Herr Medardus Klaehr.
2673 3072 2957 3206 entered
391 3098 3439 3328 Medardus: Sei's drum...Ich folge Dir... - Nicht weil ich Euch ohne
666 3290 3470 3493 weiters glaubte, Dir und Deiner Herrin, - nur weil es ein rech-
659 3405 3474 3604 ter Spass ist auf der Velt zu sein, Nerina - und nicht sonderlich
663 3562 2309 3822 ernst, wieder abzufahren. (Beide ab)
375 3876 3102 4179 Eschenbacher und Etzelt (von rechts mit schweren Müchern).
375 4133 670 4355 Escher
1245 4148 3129 4366 Müssen sie noch heute Nacht fortschaffen.
375 4316 2390 4527 Etzeüt. Bei Gott, ich mache nie Vorwürfe.
352 4439 3275 4684 Eschenbacher: Ich will meine Gesellen holen - und wir schleppen
597 4619 2815 4845 dann das Ganze zusammen fort, in der nacht.
360 4768 2026 5021 Etzelt: Wenn nur auf dem Wege von ###
2309 4803 3152 5033 einen nichts passieren
