4328 5448
2371 561 2655 695 recht
790 593 3939 865 Helene: Wahrhaftig, er hatte einen flammenden Blick.. und eine fast
1043 767 3924 932 einwandfreie Haltung. Ganz natürlich fand ich ja beides nicht.
1035 905 3920 1146 Aber er fiel wenigstens nicht aus der Rolle. Und er sieht aus,
1047 1059 3102 1237 als wenn er - verstünde den Degen zu führen.
790 1221 3971 1426 Merina: Mir sagte jemand hier, dass die Studenten bei einem italie-
1043 1351 2880 1557 nischen Fechtmeister Unterricht nehmen.
802 1498 3465 1727 Helene: Wahrhaftig, Du hast Deine Verbindungen überall.)
822 1683 3852 1857 Norina: Immerhin, verzeihen Sie, gnädigste Prinzessin, es bleibt
2991 1790 3204 1889 salm
2473 1794 2718 1901 harp
1055 1825 3884 1999 ein lächerlicher Handel. Der Vicamte von Benry und ein Wiener
1027 1984 3999 2138 Bürgerssohn!..So sehr ich einen guten Ausgang für beide wünsch-
1047 2102 3849 2308 te - mir ahnt ja doch, als würde der arme Junge seiner allzu
1035 2284 3746 2466 geliebten Schwester früher folgen müssen als ihm lieb ist.
810 2402 3793 2628 Helene: Du sprichst mir zu gefallen, Nerina. Wir wollen nicht
1047 2608 3825 2774 zu früh frohlockem, es kann auch anders kommen. (Sie erhebt
1027 2738 3651 2948 sich) Wie lang ists her, dass wir wieder zu Hause sind?
822 2861 3102 3074 Nerina: Zwei Stunden kaum, gnädigste Prinzessin.
810 3035 1936 3216 Helene: Zwei Stunden.
810 3145 2458 3374 Nerina: Welch ein Tag, Prinzessin.
814 3327 3477 3497 Helene: Hole die Federbälle, Nerina. Wir wollen spielem.
810 3485 2596 3643 Nerina: Jetzt, Prinzessin? Heute!?...
802 3647 3852 3793 Helene: Warum nicht? Man muss doch irgendwie die Zeit hinbringen.
1027 3785 3793 3971 Sollen wir seufzen? Solle wir dasitzen und warten? Es wird
1035 3955 3718 4165 nicht anders... Nichts wird anders, ob wir nun Ball spielen
1035 4101 2402 4267 oder klagen... oder zittern...
790 4204 1434 4457 Nerina (ab).
1023 4540 3592 4726 Helene. - Desolteux und Dr. Assalagny (aus dem Hause).
790 4702 3651 4975 Helene: Wie haben sie meinen Vater verlassen, Dr. Assalagny?
2161 5077 2347 5279 71
