3827 5608
312 656 2650 871 Die ganze Stadt wird zusammengeschossen.
276 827 3390 1015 Morgen früh sind sie herinnen und wies uns dann ergehen
640 995 1787 1167 wird, heiliger Herrgott.
300 1119 2906 1307 Ein Mann (au seiner Frau): So komm doch, so kann doch.
308 1287 2446 1543 Prau: Nein, nein. (Drüsse sich an die Hauer)
292 1435 2103 1643 Mann: So bleib halt, geh ich allein...
320 1607 2303 1795 Frau: Die Kinder, die Kinder. (Mit meinem
296 1759 2542 1951 Berger (kommt eben): Eine wichtige Nachricht.
296 1923 1411 2139 Andere: Ruhe. Ruhe...
736 1987 1911 2123 huis die stiep heriete)
320 2059 3282 2231 Berger: Soeben ist eine Botschaft des Marschalls Bertier an dem
628 2231 3486 2383 Erzherzog abgegangen! und zwar hat sie der Richter von Gumpen-
1811 2331 2071 2434 hat in
640 2371 2514 2598 dorf, der Herr Damboeck überbracht.
300 2530 2626 2714 Stimmen: Eine Botschaft... Was für eine Botschaft!
2674 2570 3030 2754 Eines.
300 2694 3498 2858 Berger: Es ist ein Brief.. es kann sich ja nur um ### handeln!...
300 2814 3434 3026 Stiefler: Meine Herren, begeben wir uns zu Sr. Hoheit in die Burg,
628 2982 1563 3170 flehn wir ihn an...
724 3118 3350 3322 Der Erzherzog ist längst nicht mehr in der Burg... Der Ge-
296 3122 632 3354 Andre:
628 3298 3450 3466 neral Orelly hatb Kommando. Der Erzherzog ist ja an die Donau
1271 3410 2590 3506 mis deux jours uili làs.
636 3470 3362 3638 marschiert. J.dem Marschall Massena entgegen. Der Bonaparte
628 3610 1815 3790 selbst soll dabei sein...
288 3758 3502 3966 Stiefler: Es kann doch der Wille Sr. Majestät nicht sein, dass seine
624 3906 3486 4129 Haupt- und Residenzstadt, das herrliche Wien, so grauenvoller
612 4049 1587 4253 Weise zugrunde geht.
172 4077 456 4289 Herr
284 4169 3338 4481 1) Und die armen Frauen und Kinder!...Sollen sie der Grausam-
4 4245 484 4557 Himmens
604 4357 2586 4557 keit der Eroberer ausgeliefert werden....
272 4549 3366 4725 Stimmen: Halten kann sich die Stadt nicht!... Nein, sie kann  sich
580 4701 3402 4849 nicht halten... Unmöglich... Das wissen die schon geradesogut
584 4817 3542 5089 wie wir... Ein Rigeminn ist es... Sie verfluchter Eigensinn...
1731 5053 2079 5305 - 143 -
