3800 5416
229 715 1319 1050 Annart. Frau Klachr.
298 878 2940 1221 Eschenbacher: Güten Tag, Franziska. Guten Tag, Annerl.
310 1139 2042 1331 Anna : Guten Tag, Herr Eschenbacher.
314 1246 3112 1458 Frau Klaehr: Was führt Dich her zu so ungewohnter Stunde?
298 1446 3022 1638 ###schenbacher: Ich dachte, den Medardus daheim zu treffen.
310 1589 3218 1854 Anna: Was ists mit ihm? Was wollen Sie von Medardus, Meister
527 1756 1201 1964 ###schenbacher!
319 1870 3553 2107 Eschenbacher: Umbesorgt, Annerl, ich hab ihm nur etwas zu bestellen.)
510 2042 2168 2287 Vom Kommandanten der Bürgermiliz.
310 2091 3455 2389 Frau Klaehr: Was will der von ihm? Und was hast Du bei tien zu tun
551 2360 1303 2573 gehabt, Bruder?
319 2438 3426 2761 Eschenbacher: Du hast doch wohl den neuesten Aufruf gelesen? Ich
539 2683 2217 2875 hab mich eben zum Dienst gemeldet.
319 2818 2740 2989 Frau Klachr: Der Aufruf ging doch die Patrioten.
331 2932 3279 3165 Eschenbacher: Mit dem Patroitismus, Schwester, halt ichs - wie
564 3108 3488 3324 andre mit der Religion. Sie stellen sich fromn und gläubig an,
555 3292 3390 3508 damit die Schwankendam nicht ihren einzigen Halt verlieren.
555 3398 3349 3659 Sind vielleicht die, an denen Gott die meiste Freude hätte.
319 3569 2797 3786 Anna: Aber was will die Bürgermiliz von Medardus?
319 3741 3606 3965 Eschenbacher: Jungs Leute von einiger militärischer Ausbildung stehn
551 3929 3373 4112 hoch in Preis, weil doch beinah alle mit der Landwehr fertig
543 4043 3508 4251 schiert sind. Und so soll wie etliche andre, auch der Medardus
555 4194 2524 4410 der Milis als Offizier zugeteilt werden.
441 4353 3500 4578 ma: Sehn Sie, Frau Klashr, so ists doch gut, dass er dageblieben
555 4537 817 4700 ist.
319 4660 3447 4868 Frau Klachr:Soll er auch die Polizei von den Franzosen machen und
412 4819 2920 5064 schön obacht geben, dass ja keinem von ihnen ein Haar
