3768 5304
690 513 2713 793 Helmbüsche wehn und die Langenspitzen glänzen
414 751 3234 996 Etzelt: Das ist freilich nicht genug für ein patriotisches Grunde
693 927 3471 1130 Also gehn Sie, und sein Sie morgen zur rechten Zeit wieder da
429 1034 3103 1253 Gehilfe: Um neun wird es wohl früh genug sein, nicht wahr?
425 1211 747 1383 Erzelt:
828 1165 2283 1410 Warum neun? Wir öffnen um acht.
398 1352 3237 1548 Gehilfe: Ich weiss wohl, aber ich würde sehr bitten, weil ich
705 1467 3184 1759 lich morgens gern auf dem Chacis
395 1647 2080 1873 Etzelt: Was gibts denn dort zu sehn?
414 1797 3333 1992 Gehilfe: Wissen Sie denn nicht, Herr Etzelt? Die ganze Garnison
670 1954 3333 2245 ist kriegsgefangen und muss die Waffen niederlegen. Das wir
674 2119 2283 2314 ein sehr grossartiger Anblick sein.
379 2230 743 2448 Etzelt:
789 2237 3337 2483 Erhebend sogar. Ich sehe ein, dass Sie dabei sein müssen
659 2395 1333 2594 Na, gehen Sie.
375 2536 2678 2766 Gehilfe: Habe die Ehre, Herr Etzelt. (Ab rechts)
375 2651 3463 2939 Etzelt (geht zu dem geschlossenen Laden und sieht durch eine Ritze
647 2866 3502 3096 hinaus): Da stehn sie und schaun sich die Augen aus dem Kopfe.
632 3015 3168 3276 Fehlt nur noch, dass sie „Hoch“ schrein. (Zu einen Re
640 3161 1356 3349 links, ordnet)
379 3437 3421 3743 Medardus (von rechts, Sicht aus wie ein Schlafwandelnder und spricht
644 3678 1088 3900 auch so.)
360 3873 1709 4057 Medardus: Guten Tag, Etzelt.
345 3969 3322 4310 Etzelt (sich unwendend, ohne Unruhe zu zeigen): Ah, Du biste, Herr
613 4211 1590 4398 dardus. Guten Abend.
724 4348 3042 4601 2: Bist Du sicher, dass ich erbin? und nicht etwa mehr.
613 4544 820 4693 spen
345 4632 2716 4908 Etzelt! Mir ist noch nie eines erschienen. Du würden
