3739 5496
1996 635 2365 783 sition
578 701 3373 955 Maximilian, finden vielleicht Unterhandlungen statt. Es wird
582 816 3197 1103 vielleicht schon in diesem Augenblick Friede geschlossen.
246 955 2611 1246 Jolsdorf: Geben Sie die Stiege frei, meine Herren!
258 1176 3328 1414 Stimmen: Herr Lieutenant, die Stadt fliegt in die Luft!...Es liegt
566 1348 3377 1533 Pulver in der Burg...Is wird ja schon parlamentiert... Der Erz-
570 1471 3320 1693 herzog ist ja schon fortl...Lassen Sie die weisse Fahne auf-
574 1648 3398 1877 stecken...Die weisse Fahne, wir sind alle Bürger von Wien...
557 1726 3316 1996 Die weisse Fahne... Uns gehört die Stadt...Es liegt Pulver in
566 1922 3275 2160 der Burg...unsere Frauen, unsre Kinder.... Das kann auch dem
545 2053 2906 2246 Kaiser sein Wille nicht sein... Die weisse Fahne...
2258 2115 3550 2385 our Wm General Komaugh or
238 2209 3533 2496 Jolsdorf: Zurück! Befehle empfangen wir hier aus der Hofburg und aber
541 2369 3353 2603 nicht von der Strasse. Unsre Pflicht ist die Bastein zu ver¬
1480 2492 2586 2635 en neuve ne est lle
570 2492 3197 2795 teidigen, inwiesem Augenblick-Mänmert uns nichts anderes.
537 2656 1918 2857 Es ist noch nichts verloren! -
217 2820 611 2988 Stimmen:
664 2816 3402 3013 Alles ist verloren! Die Stadt fliegt in die Luft...Es brennt
1377 2963 3488 3185 Der Trallnerhofkeit - Beim Salffy trennt
533 2963 2201 3189 an allen Ecken! J- Die weisse Fahne!
197 3140 3209 3345 Jolsdorf: Wer die weisse Fahne aufziehn liesse ohne hohen Befehl,
533 3283 3287 3554 wäre ein Hochverräter, ein Schuft, Räumen Sie die Stiege, 3¼
525 3468 3172 3738 letztenmal... räumen Sie die Stiege. (Er kommandiert den xxx
504 3574 2193 3783 gergardten hinter sich.) Legt an.
516 3738 2398 3980 (Die Leute stürzen von der Stiege hinab.)
176 3845 3365 4107 Stimmen: Das wär noch gut, auf die eigenen Märger schiessen lassen...
508 4070 3275 4263 Zum General... Nein, zum Erzherzog... Vie kommen wir zu dem...
492 4193 3357 4394 Wie finden wir den... In die Burg.... Ver hat denn's Kommando -)
475 4353 3000 4607 ...Heiliger Herrgott! (Die Leute verlieren sich.)
1012 4492 1279 4660 Herr
500 4623 2877 4820 (Der uralte Mann und Greterl kommen wieder vorüber.)
156 4746 3263 5005 Uralter kann: Sixt, Greterl, da drüben sind die Frännerein-Das sind
1439 5070 1750 5230 — 180 —
