3827 5592
595 730 3480 1066 (Das Schiessen dauert immer weiter, die Beleuchtung wird immer
583 915 1054 1116 greller.)
591 1027 2584 1286 (Medardus und Etzelt schweigen eine Weile.)
267 1236 3364 1445 Medardus: Du siehst, Etzelt, es ist nicht weit her mit der Sicher-
2063 1394 3376 1510 Lebewke! Und weis we
583 1429 3248 1549 heit hier oben. Geh nach Hause. Du weisat nun alles, Sei
730 1487 2445 1595 einende nicht wieder sehr wollten,
2742 1506 3345 1638 us dash
576 1537 3248 1777 mir dankhar, wie immer es nun ausgeht, so habe Dir einen
579 1700 2715 1866 Schmerz erspart, Du wirst mich nicht beweinen.
2047 1769 3059 1931 Das waren aus diese
715 1869 3457 2082 Ich tu es schon, Medardus! Munderttausende von Schicksalen
270 1858 676 2059 Etzelt:
599 2016 3407 2175 schwanken in diesem Augenblick, Welten kämpfen gegeneinander,
587 2175 3368 2368 die Niederlage unserer Stadt bedeutet den Fall Oesterreichs.
572 2352 3318 2495 Du bist  ein Mann, Du bist ein Soldat, du bist Deiner Mutter
510 2491 3001 2642 Sohn und mich schaudert zu denken - was Du ersehnst.
236 2580 3326 2820 Medardus: da, wenn ich noch zu den andern gehörte - so dürfte Dich
630 2789 3318 2928 schaudern. Aber ich trat aus dem Kreise heraus. Es ist nun
583 2966 3380 3086 einmal wie es ist. Ich sehe die Feuer leuchten, ich höre den
576 3067 3299 3260 Donner, Gefallene seh ich an mir vorübertragen, mir ist es
583 3237 3499 3391 gleich. Diese ganze Welt ist ja doch nur in diesem meinem Hirm.
579 3372 3476 3604 Wir werden in derselben Stunde sterben...diese Welt und ich...
552 3542 3449 3770 Ich glaube nicht, daß sie mehr ist als ich... Ich weiss, dass
572 3685 3407 3847 in meinem Herzen irgend etwas gewaltiger lodert als die Flam-
572 3859 3445 4048 men dort...und es liegt nicht viel daran...ob Du es Liebe oder
541 4009 3418 4160 Hass nennen willst...es wird mich und Helene und die Welt ver-
552 4129 3507 4365 zehren. Was theils? - An werden in der gleichen Annetesterlei¬
695 4237 2723 4442 die Welt und ich. - (Stollab.)
521 4338 3376 4616 (Unter kommen allmählich mehr Leute, fliehend, drängend, Ein-
518 4558 3414 4732 zälne bleiben theuer aus der Tiefe.
498 4705 1800 4898 Der Trattnerhof brennt.
228 4832 2252 5025 Zaunthaus Das Kaisersteinische Palais auch.
1483 5102 1773 5377 - 148
