3736 5512
1155 567 3551 766 (Er streichelt ihre Wange.) Nun Agathe, wie gehts?
1173 734 3611 991 beim Kopf und küsst sie auf die Stirn.) Doch nicht
1162 891 3601 1162 am Ende. (leise zu ihr) Nicht um meinetwillen meine
1155 1080 1647 1258 natürlich.
873 1248 2831 1430 Frau Klaehr: Sieh nach dem Essen, Agathe.
870 1365 2909 1586 Agathe (ab, kommt sehr bald wieder herein).
873 1544 2674 1722 Eschenbacher: Du siehst nicht übel aus.
859 1668 3594 1889 Medardus: Du siehst mich doch heute nicht zum erstenmal so
1130 1854 3098 2014 Vier Wochen schon steck inh in dem Gewand.
841 1907 3626 2182 Eschenbacher: Bist eben tüchtig hineingewachsen in der Zeit
834 2103 3611 2307 Medardus: Nun was glauht Ihr, wer mich bis ans Haustor begle
1098 2317 3615 2496 mir in den Ohren lag, bis jetzt?.mein Freund Bernburg
1091 2428 3633 2635 mir weiss Gott was für Schätze, ich möchte nur tauschen
2606 2581 2984 2692 Obersten
3048 2599 3358 2709 teich
1091 2620 3640 2813 Er wolle es schon durchsetzen beim Steigenleuch. Er wol
1091 2766 3615 2987 marschieren an meiner statt und ich sollte daheim blei¬
1094 2898 3601 3176 den Depots. Weiss Gott, wären wir nicht so gute Freunde
1080 3041 1715 3201 hätte ihn...
788 3219 3337 3508 Fram Klaehrfast Du Dirs auch wohl überlegt, Medardus?
806 3351 2185 3540 Medardus: Ueberlegt, Mutter?
806 3526 3622 3829 Frau Klaehr: Frag Dich doch einmal aufs Gewissen, obs Dich in
1062 3651 2488 3889 hinaustreibt mit aller Macht.
770 3797 3601 4050 Eschenbacher: Es könnte wohl auch in der Stadt allerlei zu
759 3971 3611 4185 Medardus: Ich danke bestens, Oheim. Für die Bürgermiliz fühl
1027 4089 1911 4303 mich noch zu jung.
2642 4171 3201 4381 I have but
763 4200 3626 4549 Eschenbacher: Wir haben grad so junge wie sich. Von meinen Ge-
1002 4449 3223 4706 sind zwei bei den bürgerlichen Scharfschützen.
759 4556 3629 4845 Medardus: Habt Ihr gehört, dass sich der Schuster Käsmann
1012 4727 3059 5055 sen hat, weil ihn das Los traf dazubleiben.
2178 5041 2435 5233 - 16 -
