3763 5560
2049 533 3050 736 weil sie doch eine
342 464 3611 850 Berger: Ja, natürlich grad bei Ihnen, und in andern Buchhandlungen folg
2757 809 3286 911 avril it
663 801 3371 1033 auch - Der weitere Verkauf sämtlicher Landkarten ist verbote.
366 943 712 1139 Etzelt:
769 927 1078 1143 Ah...
2948 939 3647 1220 strengstens
358 1098 708 1285 Berger:
748 1078 2663 1305 Haben s' denn den Anschlag nicht gelesen?
333 1147 3180 1480 Wachshuber (an der Türe): Habe die Ehre. (Will sich entfern
342 1423 3086 1643 Eschenbacher (steht vor der Türe): Nur ein bisserl Geduld.
329 1557 3395 1765 Berger: Für einen atlas ist sogar ein besonderer Preis ausgeschrie¬
610 1732 3338 1883 ben. Weil ihn nämlich der französische Generalstab so notwendig
598 1858 3310 2127 dig braucht zu seinen Operationen. Vierhundert Dukaten fürs
586 1988 1122 2196 Exemplar...
325 2106 3302 2375 Eschenbacher: Der Teufel soll mich holen, wenns nicht der Atlas
594 2297 1509 2505 vom Schraembel ist.
317 2484 3164 2720 Berger: Mir scheint, Schreambel, ja, wird schon stimmen.
313 2590 1769 2806 Wachshuber: Ist nicht möglich.
301 2733 1171 2948 Eschenbacher: Hal
313 2924 3456 3090 Wachshuber: Der atlas von Schraembel...das ist ja... das ist ja rein,
594 3082 3347 3286 wie wenn ich in der Lotterie gewonnen hätt. Das Geschäft ist
586 3180 1529 3379 giltig, Herr Etzelt.
289 3273 3273 3542 Etzelt: Haben Sie die Absicht, den atlas an den französischen Ge-
557 3489 1651 3696 neralstab zu verkaufen?
301 3668 3188 3883 Wachshuber: Ha, Sie möchten lieber selbst das Geschäft machen?
565 3822 3342 4083 Jetzt ists zu spät. Höchstens, wenn Sie mich schön bitten auf
549 3936 1037 4139 Halbpart.
268 4034 1769 4310 Etselt: Das Exemplar bleibt da.
277 4241 3359 4453 Eschenbacher: Sie, das Nachshuber, die Zeiten könnten sich ändern, von
525 4412 3277 4591 heut auf morgen könnten die Leute, die Landkarten an die Frau
549 4579 3277 4725 zosen verkauft haben, auf Befehl der österreichischen Regie-
537 4701 1439 4936 rung gehängt werden.
