3512 5749
942 1022 2242 1200 DRITTER AUTZUG.
2035 1173 2242 1348 ====
938 1177 1371 1348 ==== =====
1053 1455 2103 1749 Erste Szene.
64 1872 3260 2190 die Burgbastei. Eine hohe Mauer, so breit, dass sie den grösseren Teil
60 2154 3220 2306 der Bühne einnimmt, zieht von vorne links nach rückwärts rechts. Die
72 2298 3180 2508 ehr wird erhöht, und vor ihnen sind Säcke aufgerichtet. Rückwärts
2520 2417 2818 2492 recht.
56 2433 2981 2620 liegt das Tor, das geschlossen ist. Ziemlich weit Zorn führt ein
60 2604 3200 2779 steinerne Treppe mit Gefänder zur Bastei hinauf, die ihrer ganzen Aus-
48 2739 3104 2910 lehnung nach parktikabel ist. Ueber den Ter eine Kanone mit Bedie-
56 2882 795 3089 ungsmannschaft.
1530 2886 2612 3057 eine erhobte Scheune
958 2981 1991 3124 trugerliche Benadten
36 3037 2973 3248 Anten am Tor einige Mann von der Bürgerwilis auf einer Bank. Unt
48 3196 1109 3403 xxxen ist Eschenbacher.
32 3287 3065 3534 Venseits der Bastei sind die Vorstädte gedacht, zu sehen sind nur
32 3502 2079 3681 stliche Turmspitzen und eine schwarze Fahne.
48 3609 3124 3820 Auf der Bastel oben ist die Bewegung ziemlich lebhaft. An einzelnen
1105 3804 1340 3872 anzeigen
1332 3800 2584 3983 1. Ebenartes u. Beschickung
24 3808 1344 4003 Stellen der Rampe sind) Bürger.
1610 3856 2588 4031 ten aufgestellt, die
2631 3820 3136 4019 Bauchwald des
36 3971 3176 4150 nicht allzu ernsthaften Versuch machen, das Publikum von vorne wegen
56 4118 3172 4281 eisen.- Eine Gruppe von Leuten, das unter Berger ^ Frau Grinzinger und
72 4277 3128 4468 uhreubler, stehen an der vordern Rampe der Bastei in lebhaften Ge-
449 4456 839 4714 win
405 4587 3108 4842 Jegen die Vorstadt zu): Aber sehne denn nicht, dass sich
437 4798 1582 5028 get gandenllis.
