3656 5272
234 453 484 635 lary
234 584 631 766 Vicomte:
655 520 1203 747 Allein...?
226 727 584 929 Melene:
623 683 3292 917 Ich verpflichte mich, Ihnen zu folgen, - sobald die Zeit
496 854 1156 1044 gekommen ist.
917 989 1080 1076 F
195 957 3264 1275 wurde: Wann die Zeit gekommen ist - + - Und wem soll hierüber
481 1144 2252 1394 die Entscheidung zustehen - Helene -!
199 1247 3165 1525 Halene: Wenn sie einmal da ist, wird ein Zweifel nicht möglich
1370 1453 1811 1545 minual.
2041 1457 2462 1573 wollte
477 1481 3264 1731 sein...Und wenn sie einmal kommen wird...  - werden wir alle
465 1616 3165 1811 nicht viel Zeit haben - unsern Hoffnungen nachzuweinen...
195 1696 532 1839 cherqué
199 1767 3380 2041 Vicante: Helene... ich will versuchen Ihrer würdig zu sein! - (Neigt
469 1918 1172 2148 sich vor ihr.)
175 2013 3292 2363 Helene: Hier kommen Ihre Freunde Dagusan und Laffray,.. Sie dürfen
461 2240 2295 2395 mich ihnen als Ihre Braut vorstellen...
429 2347 3372 2625 (Dagusan und Laffray sind zur Terasse gekommen; bleiben dort
1191 2561 1596 2752 stehen.)
425 2573 977 2744 Begleitet
2649 2597 3391 2828 Unsie Gäste
159 2653 3229 2879 Herzog: Führt mich in den Saal zurück, meine Kinder. (die uns drin
1100 2816 1565 2935 gleich erfah¬
457 2835 3316 3102 erkarten, soll'en wissen dass es nicht nur ein Totenmahl ist
449 3014 1600 3213 zu dem sie geladen sind.
1168 3149 2093 3407 (Alle in den Saal.)
1382 3320 1724 3546 (Pause)
135 3511 3137 3745 Nerina (kommt wieder): Nichts. Ich denke, man kann ruhig sein.
2494 3673 3364 3836 Nachshau halten
425 3654 2927 3904 Jetzt kommt er nicht mehr. Vielleicht sollte man ausser
405 3848 2967 4098 Aahn ob er irgendwo auf dem Wege liegen geblieben ist.
961 3983 2375 4217 (Es klopft an die Gartentür.)
123 4067 3316 4337 Nerina (zuckt zusamen): Um Himmelswillen! Ich antworte gar nicht.
369 4325 3018 4571 Es könnte ja auch vor andrer sein. Caillard an Ende...!
1096 4444 2009 4670 (Es klopft noch einen
103 4619 3225 4841 Herina: Wenn es einen nur nicht so ungeduldig machte. Dabei bring
