4456 5528
1752 664 2881 842 Zweite Szene,
1756 789 2865 979 .................................¬
825 1016 4026 1246 Kleines Wirtshaus in den Donauauen. Im Hintergrund eine Türe, rechts
825 1222 4079 1392 und links von der Türe je ein Fenster. - Rechte Wand eine zweite Täre
838 1372 4010 1566 Ein längerer Tisch in der Mitte, kleinere Tische verteilt. - Hängen-
829 1525 3358 1708 de Lampen. - Draussen Wiesen, weiterhin Weiden. Nacht.
829 1639 3868 1845 An den Tischen Winter, Leibolt, Schellbacher, Rabenau, Kribbling,
1275 1841 3779 2027 Plank, Baumann und etwa sechs andere Landwehrleute.
1052 1954 3913 2169 Elisabeth bei Winter - Marie bei Baumann - Roserl bei Leibolt.
1339 2136 3654 2371 Der Wirt geht hin und wieder. - Erhöhte Stimmung.
850 2173 1299 2408 Bannoir
817 2319 4054 2525 Plank (stösst mit Verschiedenen an): Dein Wohl, Rabenau, Dein Raah,
1084 2517 4002 2711 Kribbling. Ihr sollt leben, Ihr solle alle leben. An dem Tisch
1092 2646 4038 2828 da sitzen wir doch nie wieder alle beisammen. Ihr sollt leben -
1088 2812 3816 2970 so lang als möglich. Und sterben, so vergnügt als Möglieh!
805 2897 3941 3112 Leibolt (sehr frisch und lustig): Haha, habt ihr schon die Neuig-
1076 3116 3994 3286 keit gehört... (Ein Zeitungsblatt in der Hand, das ihm eben ein
1080 3294 3868 3435 anderer gegeben.) Der österreichische Adel hat seine alten
1080 3411 4030 3629 Kanonen von den Schlössern kommen lassen und sie unserem Kaiser
1080 3589 3949 3751 geschenkt.... (das Blatt sinken lassend) (damit unsere ArtII-
1056 3751 4030 3917 lerie um Gotteswillen nicht genötigt wäre...mit Hystierspritse
1068 3864 2128 4071 ins Feld zu siehen.
1906 4038 2448 4232 (Gelächter)
765 4143 3799 4354 Leibolt: Und auf dem Glacis heuer im Winter haben uns die Wölfe
1056 4338 1708 4524 aufgefressen.
1886 4419 2428 4682 (Gelächter)
777 4621 3816 4851 Baumann: Ein Glück, dass sie uns wieder ausgespien haben, sonst
1036 4779 2019 5017 sässen wir nicht da.
2266 5131 2480 5329 33
