3848 5384
703 604 1595 927 herumzuspazieren.
460 836 3187 1113 Etselt: Ist das nicht eine bedenkliche Sache, Frau Klaehr?
448 1003 3320 1261 Frau Klaehr: Medardus wird wahrhaftig nicht der Einzige sein (2)
726 1212 3339 1447 erst xxx  habe ich die Frau Gelder gesprochen, die
2306 1208 2746 1322 nécessions
710 1303 3385 1592 hat zwei Kameraden ihren Sonne, die beim Hiller'schen Corps
471 1387 1960 1588 Aus ihrer verstorben Gallen xxx
707 1535 3415 1706 waren, mit bürgerlichen Anzügen versehn. Von andern weiss ich
710 1679 3415 1922 Es kann den Franzosen wohl gleich sein, ob morgen frühe
699 1801 3350 2025 ein paar hundert mehr oder weniger ihre Waffen hinlegen. (2)
672 1964 3301 2173 Medardus, der wie zerbrochen auf einem kleinen Stuhl sitzt
680 2105 3430 2351 Du musst es eben tragen, Medardus. Es ist ja noch nicht alles
2553 2135 2895 2234 Lann
676 2256 3362 2511 zu Ende. Wird noch lang kein Friede gemacht. Und wer weiss,
661 2408 3396 2674 ob Du nicht noch Deinen Teil haben wirst - an dem, was kommt,
650 2526 3404 2773 mein Sohn. Nur rat ich Dir, kein voreilig Wort.- und beson-
650 2652 3445 2910 ders nicht vor den Franzosen, die bei uns einquartiert werden.
349 2811 3407 3092 Etzelt: Verzeihen Sie, Frau Klaehr, sollten Sie diese Mahnung vor
631 2948 2249 3256 allem nicht an sich selbst richten?
330 3320 3362 3643 Eschenbacher (in bürgerlicher Kleidung von rechts): Es lebe Bona-
631 3502 2097 3708 parte! Es lebe Kaiser Napolson!
334 3609 1478 3852 Frau Klaehr: Jakob....
334 3825 3366 4046 Eschenbacher: Ist er nicht ein gnädiger, grossmütiger Sieger? Ge-
577 3985 3328 4198 neralpardon hat er erlassen! Ja, was sagt Ihr dazu! - Aufge-
555 4099 3438 4361 löst ist die Landwehr, aber allen ihren Mitgliedern, sofern sie
566 4289 3343 4528 nur rechtzeitig nach ihren Wohnorten heimkehren, ist ausdrück-
539 4407 1668 4631 lich Pardon bewilligt!
274 4570 3085 4817 Frau Klachr: Ich versteh Dich nicht. Pardon.. den Leuten, die,
558 4722 2458 4927 Eide treu in Diensten des Vaterlands gehört
