4504 5512
951 324 1216 513 14.1
2125 303 2440 572 11 - 1
989 602 1729 825 heissen dürfte.
724 707 3795 1027 Agathe: Hat Dich alles nicht gekümmert. Du hast ihn doch selbst
1018 909 1628 1107 gern gehabt.
728 955 3959 1279 Medardus: Vielleicht ists darum, dass ich solche Angst um Dich habe,
1006 1195 3130 1422 weil er einer ist, den man gern haben muss...
715 1397 1485 1569 Agathe: Angst?
715 1540 3080 1755 Medardus: Agathe, kannst Du mir pein Wort geben -
724 1670 2205 1885 Agathe : - Was willst Du wissen.
728 1856 3850 2049 Medardus: Dass Du ihn nicht wiedergesehen hast, seit ihm das Haus
1014 2007 1666 2184 verboten ist.
732 2121 1645 2339 Agathe (schweigt):
736 2184 3795 2495 Medardus: Ich dacht es1) Agathe, Agathe! - (So schwör mir, dass Du
1014 2428 2125 2638 ihn nicht wiedersiehst.
728 2567 2537 2794 Agathe: Auch wenn er als Werber käme?
741 2710 2087 2954 Medardus: Es wird nie sein.
728 2882 2461 3076 Agathe: Du kannst es nicht wissen.
745 3017 3665 3219 Medardus: Ewirf Dich nicht weg, Agathe - wird Dich- nichtt weg!
732 3210 4115 3412 Agathe: Hab keine Angst, Medardus! Das kann ich Dir schwören: Nie, nie,
1027 3320 2874 3543 bring ich Schande über Euch - und mich.
728 3488 3337 3686 Medardus: Beim Andenken unseres Vaters schwör mir das.
732 3652 3219 3909 Agathe: Ich schwör es Dir bei unseres Vaters Grab!
732 4018 3812 4220 Berger und seine Frau kommen. (Er, behend, heiter, oberflächlich,
728 4178 3593 4397 sie etwas gedrückt im Wesen, manchmal bis zum weinerlichen.)
724 4363 3227 4603 Agathe. Anna. Eschenbacher. Frau Klaehr. Medardus.
732 4523 3993 4776 Berger: Guten Abend, liebe Frau Klaehr. O, der Meister Eschenbacher!
1001 4691 3812 4944 Also wir wollten auch noch so frei sein, dem jungen Krieger
2066 4948 2344 5200 - 21 -
