3606 5951
260 720 2684 1007 Münger) Die verdammten Kerle haben mich aus den xxx
249 942 2454 1191 gelassen, damit sie mich nicht füttern müssen.
126 1141 2921 1332 Ardus: Du weisst, wo wir wohnen - Geh zu uns nach Haus, da f
245 1283 2983 1474 dest Du hoffentlich irgendwas essbares...versprechen kann
245 1447 2883 1635 Dirs nicht...Hier hast Du für alle Fälle... (Gibt ihm Gel
84 1581 2841 1765 nburg: Ich danke Dir. Begleitest Du mich Ich fürchte näml
149 1734 2891 2014 werde in meinem Aufzug nicht sehr willkommen sein. Und Du
264 1868 1600 2098 Mutter könnte am Ende...)
2301 1991 2546 2129 G.C.F.P.
92 2018 2194 2286 ardus: Ich kann jetzt nicht mit Dir gehen.
84 2144 3071 2404 nburg: Warum so barsoh? Du solltest doch freundlichst bedenken,
253 2362 3029 2569 dass ich ja eigentlich soeben das Schicksal erlebe, das vom
218 2508 2875 2699 (sogenannten) Himmel Dir zugedacht war...Wenn nicht Deine
260 2676 808 2872 Schwester -
103 2776 3094 3006 ardus: Nimm mirs nicht übel, Bernburg, ich kann jetzt nicht mit
264 2971 3166 3151 Dir gehn. Dort drin in der Kasern! sitzt mein Oheim, der Satt-
264 3117 2872 3289 lermeister Eschenbacher gefangen. (Er wendet sich ab.)
92 3262 2902 3473 nburg: Willst Du vielleicht warten, bis er herauskommt? Na,
264 3411 2079 3626 kommt drauf an, was er angestellt hat.
123 3545 3105 3787 ger (zu ihm): Verbotene Landkarten hat man bei ihm gefunden...
260 3725 1183 3924 Was glauben Sie...
111 3767 3186 4093 gebürg: Warum tut er so vas...Da wird er wohl erschossen werden. Jahre
785 4101 1891 4319 beamter Pöltinges,
459 4219 747 4487 pistrat
421 4418 747 4637 te folg
394 4667 1218 4859 Was ist denn das?
2558 4813 2883 4993 clamatie
1953 4763 2179 4947 mal d
126 4832 448 4981 lt: Dd
