3707 5528
2602 453 3611 829 und wiederholt
687 564 2652 902 ...aus nutzlotzer Verschwendung gleichsam
2863 718 3323 906 an-liesse.
445 771 3120 1013 Helene: Ich wusste nicht, Dr. Assalagny, dass ich Sie als
672 979 2153 1190 Richter hier zu empfangen hatte.
1823 1109 2345 1228 hr. Varpere.
453 1074 3427 1355 Assalagny: Als einen Rater, Prinzessin... nicht als eine Richter.
1988 1274 2379 1378 Scharque
679 1305 3442 1535 (Ernst) In Ihrer Hand, Frau ### liegen die Schicksale
672 1462 3350 1665 dieses Hauses und andre auch nach. Dass Sie morgen zum Empf.
664 1604 3373 1819 fahren, kann Rettung bedeuten - für viele -! Sie werden delo
906 1696 1765 1804 nicht versaume
668 1746 3415 1965 genheit) haben den Kaiser aufzuklären / Dass der Herr Vicomte
672 1915 3396 2107 seine Freunde nicht die Leute sind, die Napelson zu fürchten
664 2065 3389 2279 hat, das dürfte ihm bekannt sein, sonst hätte er den Vicomte
652 2164 3496 2414 nie bis nach Wien gelangen (lassen) Er weiss, dass die zittern
652 2341 3454 2544 den Fäden einer kindisch-törichten Verschwörung, die zwischen
652 2464 3442 2709 hier und Paris gesponnen werden, sofort zerreissen würden, wenn
637 2636 3519 2832 die geheimnisvolle Macht aus dem Spiel genommen ist, die von dem
1646 2748 1900 2847 Valm
652 2740 3300 2986 Namen des Herzogs von Derry noch immer auszugehen scheint.
652 2916 3415 3135 Darum muss der Kaiser erfahren, aus Ihrem Mund erfuhren, Frau
610 2997 1105 3139 marquise
649 3089 3435 3323 Vicantesse, dass der Herzog heute nicht mehr bedeutet als sei-
641 3200 1216 3392 nen Namen.
3131 3331 3561 3473 Assalagny
395 3339 3469 3557 Helene:/ Denn die Macht dieses Namens nun einmal wirksam ist; Doktor-
2360 3511 2713 3615 Vorzug
629 3511 3507 3776 könnten wohl auch Leute wie der Herr Vicante und seine Freunde,
2356 3665 2771 3772 Koner
633 3676 3415 3864 am rechten Ort und im rechte Augenblicher gefährlich werden...
391 3849 3473 4041 Assalagny: Wer hätte den Lohn davon? Es ist Zeit Ihnen zu eröffnen,
606 3945 1389 4160 Prinzessin, dass
1662 3979 2199 4137 ge des Herrn
2951 3999 3243 4175 Herrn
1328 3999 1884 4194 Een Mayen
610 4125 3507 4294 Selbst wenn der Vieemte und seine Freunde, - um auch diese tell-
599 4267 3323 4444 ste Laune des Schicksals auszudenken - von Glück begünstigt
606 4425 3216 4624 würden. der Herr Herzog würde seinen Sieg nicht mehr erla###
399 4570 1600 4766 Helene: Ich aber lebe...
361 4689 2625 4893 Assalagny: Die Gott bevahren wird, mit der Erben
