3763 5544
1380 559 2344 810 Wierte Szene
1488 756 2379 952 0  =================  ==================
667 971 3007 1295 Zimmer Helenes, ziemlich klein. Im Hintergrund ein
675 1149 3284 1396 die Türe offen steht. Karge Beleuchtung im Zimmer. Nacht
667 1334 3281 1604 dem Garten draussen, dessen Wipfel bis zum Balken heraufra
416 1488 2594 1754 Helene (tritt eben vom Balkon aus ins Zimmer.)
663 1650 2934 1920 (Eine Türe wird geöffnet und Assalagny tritt ein.)
2406 1870 3022 2012 chauquise
412 1874 3423 2155 Assalagny (nach Verbeugung): Ich
628 2082 3493 2286 nach einem so vielfach bewegten Tag mir noch zu so später Stun-
1411 2170 1843 2282 nous n'avons
632 2167 3531 2467 de Gehör erbitte, kann nur ein dringender Anlass entschuldigen.
382 2332 3030 2533 Helene (nicht scharf): Den zu erfahren, ich begierig bin.
2795 2517 3204 2618 Chayner
409 2498 3496 2695 Assalagny: Eine ehrfurchtsvolle Frage vorerst. Frau Viersterst sind
601 2637 3365 2841 fest entschlossen, morgen zur Cour nach Schönbrunn zu fahren?
374 2749 3281 2999 Helene: Mich das zu fragen, liessen Sie sich zu solcher Stunde
598 2907 1912 3157 melden, Doktor Asslagany -?
3354 3057 3593 3288 vecher
359 3088 3458 3327 Assalagny: Darum, - und, wenn Sie entschlossen sind, mit Ihnen/ zu
1222 3204 2213 3354 Chassur; Mr Klennsh
598 3254 3281 3500 beraten, Frau Vicomtesse, wie Sie sich dem Kaiser gegenüber
582 3342 1396 3547 verhalten werden.
343 3508 2425 3762 Helene (höhnisch): Dem Kaiser gegenüber....
347 3735 3269 3921 Assalagny: Wir wollen ihn doch lieber so nennen, da kein Anlass
582 3863 3389 4052 vorliegt, unter vier Augen uns in Rollen zu bemühen, die wir ja
555 4005 3439 4225 doch nur für den Herrn Herzog zu spielen haben. Da handelt sich
571 4106 2594 4337 ja vielmehr davon, den Herzog in seiner wunder
586 4298 1369 4495 schung zu erhalten
1407 4325 2101 4480 ohne Unschuldung.
2822 4310 3269 4514 Octer glaue
1430 4410 1877 4510 Mann
571 4422 1411 4630 ben Sie nicht, Frau
1808 4437 3219 4653 re, dass es hiesse, die Komödie
544 4584 3150 4811 zuweit treiben, wenn man armen, Teufeln, die sich aus Freunde
520 4726 3003 4988 Leidenschaft oder Torheit in ein wahnwitziges Beginnen
