4472 5560
820 603 2468 929 Etzelt (wirft eine Scholle hinab).
844 860 2247 1069 Medardus (bleibt regungslos).
3530 836 3851 1118 med
840 985 3956 1186 Herzogin (wirft eine Scholle hinab, plötzlich schreit sie auf wie-
1069 1166 3079 1347 Tier und wirft sich weinend aufs Grab).
836 1298 2424 1540 Frau Grinzinger: Jetzt weint sie.
832 1455 2034 1688 Andre: Jetzt weint sie.
933 1608 2388 1809 Dau Föderl: Jetzt ists zu spät.
844 1769 2673 1970 Andre: Hätt sie sichs früher überlegt.
844 1922 3944 2094 Frau Grinzinger: Vom Weinen ist noch keiner wieder auf gestanden...
836 2066 2786 2259 Frau Föderl: Der Himmel wird sie strafen.
820 2227 3329 2448 Herzogin: ich bin ohne Schuld! Ich bin ohns schuld!
1733 2380 2637 2565 (Murmelm, Bewegung.
820 2492 3915 2718 Herzog (von Assalagny geführt, tritt zu Frau Klaehr): Es geziemt
1057 2713 3103 2858 sich, Madame, dass ich mich Ihnen vorstelle.
812 2802 2143 2975 Frau Klaehr: Ich kenne Sie.
832 2975 4028 3172 (Die Leute sehr erstaunt und neugierig versuchen in die Nähe zu drän-
1057 3152 3747 3353 gen, werden auf der einen Seite von Eschenbacher, auf dei
1049 3276 2693 3465 andern von Assalagny fortgedrängt.)
824 3425 4016 3614 Herzog: Madame, ich beklage das unglückselige Schicksal Ihrer Toch-
1057 3554 3007 3799 ter, nicht weniger als das meines Sohnes..
820 3739 2368 3919 Frau Klaehr: Sie beklagen es -?
808 3899 2042 4096 Medardus (starrt ihn an).
812 4036 2316 4233 Eschenbacher: Ruhig, Schwester.
812 4197 3063 4386 Herzog: Ich beklage es, doch ich bereue nichts.
820 4317 3976 4559 Frau Klaehr: so wünsch ich, dass Gott Ihnen verzeihn möge, ich ver-
1033 4506 1676 4683 mag es nicht.
800 4651 3919 4848 Herzog: Ich bedarf keiner Verzeihung von den Menschen, - und Gott
1037 4780 2830 4989 zürnt mir nicht. (Er wendet sich ab.)
796 4933 4020 5146 Die Herzogin (hat sich indes, von Desolteux und Caillard unterstützt,
1918 5158 2163 5395 64 -
