3739 5496
557 576 1592 874 lag ihm an der Feier?
317 867 3268 1035 Dagusan: Mein Lieber, wir haben keinen Einblick in die Geheimge-
565 970 3378 1214 schichte dieses Falles. Die geht uns auch nichts an. Unser Amt
576 1187 3382 1393 ist Treue, Laffraye. Seit wir uns mit dem Vicomte von dem Gra-
550 1294 3298 1481 fen von Provence losgesagt haben - in der Ueberzeugung, dass
565 1489 3390 1638 in den Händen dieses unmöglichen Dickwanst die Sache des König-
565 1611 3348 1783 tums für immer verloren ist, reisen wir in der höchst angeneh-
554 1771 3474 1989 men Gesellschaft des Vicomte und wie nicht zu leugnen ist, grös-
565 1943 3417 2134 tenteils auf seine Kosten in der Welt herum - und da wir jeden-
546 2073 3333 2256 falls bereit sind die vorteile seines Erfolgs mitzugeniessen,
554 2249 3253 2462 so müssen wir uns wohl oder übel auch in die Fährlichkeiten
481 2371 2123 2546 der ganzen Unternehmung schicken.
279 2554 2569 2726 Laffraye: Wissen Sie, dass Wien kapituliert hat?
332 2615 3394 2913 Dagusan: Ist es schon so weit? (Dto weissen Fahnen sich man ja seit
519 2802 2344 3035 dem frühen Morgen von den Besteien wohn
302 2997 2462 3191 Laffraye: Es ist anzunehmen, dass die Kapitpul
546 3157 3394 3317 zeichnet ist. In aller Frühe hat der Kaiser Napolson den Fürst-
557 3275 3321 3508 erzbischof von Wien, den Bürgermeister, den Landmarschall und
554 3428 2382 3600 etliche andre Herren bei sich empfangen.
302 3581 2821 3776 Dagusan: Woher wissen Sie denn das so genau, Laffraye?
302 3722 3352 3970 Laffraye: Ich habe die Deputation vor dem Schlosse Schönbrunn ver-
515 3909 1237 4108 fahren gesehn.
290 3970 3352 4218 Dagusan: Sie waren in Schönbrunn? Sie haben sich da hinaus gewagt?
2745 4169 3031 4268 Valen
294 4195 3233 4390 Laffraye: Glauben Sie, hier im Hause des Herzogs von Barzy sind
534 4344 3298 4528 wir sicherer? Wien steht nun einmal unter französischer Ober-
508 4493 2779 4680 herrschaft. Vissen Sie, was das für uns bedeutet?
279 4642 3336 4863 Dagusan (erregt auf und ab) : Napolson wird nichts eiligeres zu tun
512 4787 3077 5047 haben als den blinden, alten Narren verhaften zu lassen.
1779 5085 1981 5356 153 -
