3747 5576
451 671 3199 982 sehend) Vie.. (Er erkennt ihn) Schafft ihn ins Gefängnis.
751 895 2911 1142 (Plötzlich ist vollkommene Stille eingetreten)
140 982 3355 1290 Medardus (der vollkommen regungslos dagestanden ist, folgt ohne dem
455 1190 3199 1474 geringsten Widerstand zwei Gardisten, die ihn zwischen sich
431 1386 3151 1594 nehmen und verschwindet mit ihnen rechts vor der lautlosen
427 1506 815 1685 Menge.)
1645 1550 3063 1765 Ich bitte, Platz zu machen.
144 1609 359 1877 Rapp
431 1677 3315 1945 (beugt sich herab): Sie ist schwer verwundet.- Herr Leutnant,
395 1825 3558 2117 Sie sorgen dafür, dass sie augenblicklich fort geschafft wird. (Lein)
395 1997 3247 2280 Sie ist tot. Der Kaiser darf erst nach der Parade von diesem
395 2137 1242 2296 Unglück erfahren.
403 2264 3031 2572 (Die Türe oben öffnet sich, die Garden präsentieren.)
16 2217 419 2492 11 mvres
56 2424 1913 2648 Leutnant: Es ist zu spät, Herr General.
80 2592 3135 2852 Stimmen unten: Der Kaiser! Der Kaiser kommt, es lebe Kaiser Na-
363 2736 2580 2979 poleon! (lauter) Es lebe der Kaiser Napoléon.
68 2876 1817 3107 Eine vereinzelte Stimme: Frieden...
96 3051 1725 3279 Stimmen: Es lebe Kaiser Napoleon.
1234 3199 2001 3447 (Trommelwärbel.)
1490 5240 1725 5428 264
