3699 5624
640 501 1356 732 Den letzten.
262 601 2936 925 Helene: Bür inmer - doch. nicht auf lang...Desolteux...
1167 824 1649 940 Mazuise
281 867 1626 1052 Desolteux: Frau Vtoentassel!
262 1021 3348 1275 Helene:... Ich bin die ich war zu besolteux......1 Alles ist aus-
3101 982 3490 1167 in lade.
489 1144 2477 1487 Auch für mich...  Hies meine Haar
254 1479 3236 1776 Herzog (kommt): Desolteux!...Men verheimliche es mir nicht län-
501 1691 2377 1949 ger! Ich weiss ja, dass er gekommen ist!
250 1868 2489 2073 Desolteux: Mein Herzog... (Vor ihm auf die Knie)
258 2061 3232 2227 Herzog: Desolteux! Ich habe es gewusst, dass Sie mich nicht lange
493 2204 1514 2412 würden warten lassen.
243 2335 1067 2531 Helene: Vater...
2134 2323 3506 2562 Fühltnis nicht endlich
250 2535 3344 2743 Herzog: Man rufe die Herzogin. Sie lasse ab zu trauern. Das Schick-
485 2631 3267 2874 sal Frankreichs verlangte es, dass unser Sohn sterben musste.
474 2839 3209 3017 Lebte er, so wären wir heute nicht, wo wir sind...Vo bist Du,
2281 2955 2535 3067 Valou
462 3005 3244 3221 Helene!... Geliebte, xxx Tochter der Barxx. Ich küsse Deine
474 3155 2808 3356 Stirne, Mutter der künftigen Könige von Frankreich.
231 3313 3278 3591 Assalagny (eilt herrin): Heiliger Himmel, sein Vahnsinn eilt mei-
466 3537 1487 3702 ner Lüge weit voraus.
227 3675 3309 3883 Herzog: Ich binbbereit, Desolteux, noch vor Ahend wollen wir uns auf
462 3822 1911 4037 den Weg nach Frankreich machen.
212 3937 3201 4234 Assalagny: Herr Herzog! Es wird nicht möglich sein, in so kurzer
401 4130 3248 4319 Zeit zu rüsten. Auch sind die Wege noch nicht sicher genug, es
431 4288 3113 4507 wimmelt von Nachsüglern und Marodeuren der versprengten Na¬
401 4473 1429 4665 poleonischen Armee.
196 4611 3244 4843 Herzog: Vor Furcht hat bleibe hier zurück. Den, der zum Herrn von
412 4769 3155 4966 Frahkreich bestimmt ist, wird Gott beschützten. Heute abends,
424 4912 3101 5158 ein die Sonne untergeht soll alles bereit sein. Und wenn nie
