<?xml version="1.0" encoding="UTF-8" standalone="yes"?>
<PcGts xmlns="http://schema.primaresearch.org/PAGE/gts/pagecontent/2013-07-15" xmlns:xsi="http://www.w3.org/2001/XMLSchema-instance" xsi:schemaLocation="http://schema.primaresearch.org/PAGE/gts/pagecontent/2013-07-15 http://schema.primaresearch.org/PAGE/gts/pagecontent/2013-07-15/pagecontent.xsd">
    <Metadata>
        <Creator>prov=READ-COOP:name=TrHtr:version=2.1.0:model_id=51170:date=15_08_2023_10:00</Creator>
        <Created>2023-05-10T15:10:46.378+02:00</Created>
        <LastChange>2023-08-15T10:00:23.640+02:00</LastChange>
        <TranskribusMetadata docId="1429033" pageId="55435503" pageNr="117" tsid="132846289" status="IN_PROGRESS" userId="64420" imgUrl="https://files.transkribus.eu/Get?id=BTQDPFQLSTZYKJWKIRAIDLTI&amp;fileType=view" xmlUrl="https://files.transkribus.eu/Get?id=ITOBDXFSUPWUCUPJWEQZBRHU" imageId="44709493"/>
    </Metadata>
    <Page imageFilename="1429033_0117.jpg" imageWidth="3704" imageHeight="5320">
        <ReadingOrder>
            <OrderedGroup id="ro_1711800132944" caption="Regions reading order">
                <RegionRefIndexed index="0" regionRef="tr_2"/>
                <RegionRefIndexed index="1" regionRef="tr_1"/>
                <RegionRefIndexed index="2" regionRef="tr_3"/>
            </OrderedGroup>
        </ReadingOrder>
        <TextRegion id="tr_2" custom="readingOrder {index:0;}">
            <Coords points="173,666 3403,666 3403,1968 173,1968"/>
            <TextLine id="tr_2_tl_1" custom="readingOrder {index:0;}">
                <Coords points="475,783 1131,731 3068,835 3012,659 2233,679 995,535 739,615 467,531"/>
                <Baseline points="495,716 585,716 674,716 764,722 853,722 943,722 1032,722 1122,728 1212,728 1301,734 1391,734 1480,734 1570,740 1659,740 1749,740 1839,746 1928,746 2018,746 2107,752 2197,752 2286,758 2376,758 2465,764 2555,764 2645,764 2734,764 2824,770 2913,770 3003,770 3080,776"/>
                <TextEquiv>
                    <Unicode>ten darfst -? Sag mir endlich die Wahrheit, er ist tot.</Unicode>
                </TextEquiv>
            </TextLine>
            <TextLine id="tr_2_tl_2" custom="readingOrder {index:1;}">
                <Coords points="192,987 1322,895 1786,1023 2237,919 3308,1015 3304,811 3212,791 188,771"/>
                <Baseline points="208,871 298,865 388,859 477,865 567,865 656,865 746,871 835,877 925,877 1015,877 1104,877 1194,883 1283,889 1373,889 1462,889 1552,895 1641,895 1731,895 1821,901 1910,901 2000,901 2089,901 2179,907 2268,913 2358,913 2448,913 2537,913 2627,913 2716,919 2806,919 2895,919 2985,925 3074,925 3164,931 3254,931 3319,931"/>
                <TextEquiv>
                    <Unicode>Herma: Gnädigste Prinzessin, wie könnt ich... Ich schwöre bei der</Unicode>
                </TextEquiv>
            </TextLine>
            <TextLine id="tr_2_tl_3" custom="readingOrder {index:2;}">
                <Coords points="459,1059 543,1091 623,1039 1714,1075 1710,991 1474,951 1402,979 1330,935 1031,971 863,899 667,959 579,915 455,943"/>
                <Baseline points="477,1021 567,1015 656,1021 746,1021 835,1026 925,1026 1015,1032 1104,1032 1194,1032 1283,1038 1373,1038 1462,1044 1552,1044 1641,1050 1725,1056"/>
                <TextEquiv>
                    <Unicode>annen Seele des Prinzen...</Unicode>
                </TextEquiv>
            </TextLine>
            <TextLine id="tr_2_tl_4" custom="readingOrder {index:3;}">
                <Coords points="168,1214 2509,1274 2473,1083 164,1071"/>
                <Baseline points="191,1170 280,1158 370,1164 459,1176 549,1176 638,1170 728,1176 818,1176 907,1176 997,1176 1086,1182 1176,1182 1265,1188 1355,1188 1444,1194 1534,1194 1624,1200 1713,1200 1803,1200 1892,1206 1982,1200 2071,1206 2161,1212 2250,1212 2340,1212 2430,1212 2513,1218"/>
                <TextEquiv>
                    <Unicode>Helme: Lass meines Bruders Seele aus dem Spiel.</Unicode>
                </TextEquiv>
            </TextLine>
            <TextLine id="tr_2_tl_5" custom="readingOrder {index:4;}">
                <Coords points="192,1430 3392,1478 3388,1306 3232,1238 2908,1314 184,1206"/>
                <Baseline points="208,1325 298,1313 388,1313 477,1319 567,1319 656,1319 746,1325 835,1325 925,1331 1015,1331 1104,1337 1194,1337 1283,1343 1373,1343 1462,1343 1552,1349 1641,1349 1731,1349 1821,1355 1910,1355 2000,1355 2089,1361 2179,1367 2268,1367 2358,1373 2448,1373 2537,1367 2627,1373 2716,1379 2806,1373 2895,1379 2985,1379 3074,1379 3164,1385 3254,1385 3343,1379 3403,1379"/>
                <TextEquiv>
                    <Unicode>Nerina: Ich schwöre, dass alles, was ich sprach, die reine Wahrheit</Unicode>
                </TextEquiv>
            </TextLine>
            <TextLine id="tr_2_tl_6" custom="readingOrder {index:5;}">
                <Coords points="471,1558 495,1558 527,1526 579,1498 619,1514 671,1490 695,1494 695,1390 675,1390 647,1414 623,1390 595,1394 587,1386 567,1398 539,1390 471,1394"/>
                <Baseline points="495,1474 585,1474 674,1474 704,1474"/>
                <TextEquiv>
                    <Unicode>ist.</Unicode>
                </TextEquiv>
            </TextLine>
            <TextLine id="tr_2_tl_7" custom="readingOrder {index:6;}">
                <Coords points="152,1666 2373,1758 3076,1686 3296,1802 3292,1594 3132,1558 148,1486"/>
                <Baseline points="173,1636 262,1624 352,1618 441,1624 531,1624 620,1624 710,1624 800,1630 889,1630 979,1636 1068,1636 1158,1641 1247,1641 1337,1641 1427,1641 1516,1647 1606,1647 1695,1653 1785,1653 1874,1653 1964,1659 2053,1659 2143,1665 2233,1665 2322,1671 2412,1671 2501,1677 2591,1677 2680,1677 2770,1677 2860,1683 2949,1683 3039,1689 3128,1689 3218,1689 3307,1689"/>
                <TextEquiv>
                    <Unicode>Helene: Er wird es nicht wagen. Sicher sprach das Fiber aus ihm.</Unicode>
                </TextEquiv>
            </TextLine>
            <TextLine id="tr_2_tl_8" custom="readingOrder {index:7;}">
                <Coords points="459,1818 3256,1950 3220,1698 2812,1770 459,1674"/>
                <Baseline points="483,1773 573,1773 662,1779 752,1785 841,1785 931,1785 1021,1791 1110,1791 1200,1791 1289,1791 1379,1797 1468,1797 1558,1803 1647,1803 1737,1803 1827,1809 1916,1809 2006,1809 2095,1815 2185,1815 2274,1815 2364,1821 2454,1827 2543,1827 2633,1833 2722,1833 2812,1833 2901,1839 2991,1839 3080,1839 3170,1839 3260,1833 3266,1833"/>
                <TextEquiv>
                    <Unicode>Im übrigen, Du kamst doch eben durch die Gartenpforte, hast</Unicode>
                </TextEquiv>
            </TextLine>
            <TextLine id="tr_2_tl_9" custom="readingOrder {index:8;}">
                <Coords points="459,1982 935,2009 1115,1946 1362,1998 1438,1962 1546,2017 1646,1990 1614,1846 1358,1898 843,1826 731,1858 647,1810 575,1866 455,1854"/>
                <Baseline points="477,1922 567,1928 656,1928 746,1928 835,1934 925,1940 1015,1940 1104,1940 1194,1940 1283,1946 1373,1946 1462,1952 1552,1946 1641,1958 1653,1958"/>
                <TextEquiv>
                    <Unicode>Du sie wieder versperrt?</Unicode>
                </TextEquiv>
            </TextLine>
        </TextRegion>
        <TextRegion id="tr_1" custom="readingOrder {index:1;}">
            <Coords points="137,2027 3457,2027 3457,3831 137,3831"/>
            <TextLine id="tr_1_tl_1" custom="readingOrder {index:0;}">
                <Coords points="168,2141 1470,2121 1718,2205 1714,2041 1638,2021 535,2013 164,1894"/>
                <Baseline points="191,2077 280,2077 370,2077 459,2077 549,2077 638,2077 728,2083 818,2083 907,2083 997,2089 1086,2089 1176,2089 1265,2095 1355,2101 1444,2101 1534,2101 1624,2107 1713,2107 1725,2107"/>
                <TextEquiv>
                    <Unicode>Nerina: Hier ist der Schlüssel.</Unicode>
                </TextEquiv>
            </TextLine>
            <TextLine id="tr_1_tl_2" custom="readingOrder {index:1;}">
                <Coords points="168,2369 827,2245 3320,2365 3240,2157 164,2157"/>
                <Baseline points="185,2239 274,2233 364,2233 453,2233 543,2233 632,2233 722,2239 812,2239 901,2245 991,2245 1080,2250 1170,2250 1259,2256 1349,2256 1438,2256 1528,2256 1618,2262 1707,2262 1797,2262 1886,2262 1976,2268 2065,2268 2155,2274 2245,2274 2334,2274 2424,2286 2513,2286 2603,2286 2692,2292 2782,2292 2871,2292 2961,2298 3051,2298 3140,2304 3230,2304 3319,2322 3331,2328"/>
                <TextEquiv>
                    <Unicode>Helene: so. (Sie geht ein paar Schritte nach rückwärts und wirft</Unicode>
                </TextEquiv>
            </TextLine>
            <TextLine id="tr_1_tl_3" custom="readingOrder {index:2;}">
                <Coords points="447,2425 2193,2545 2717,2501 2713,2373 2557,2329 443,2305"/>
                <Baseline points="471,2376 561,2382 650,2382 740,2388 829,2388 919,2394 1009,2394 1098,2394 1188,2394 1277,2400 1367,2400 1456,2406 1546,2406 1636,2412 1725,2418 1815,2418 1904,2418 1994,2424 2083,2424 2173,2430 2262,2430 2352,2430 2442,2436 2531,2436 2621,2442 2710,2448 2722,2448"/>
                <TextEquiv>
                    <Unicode>den Schlüssel in den Teich.) Dies wird genügen.</Unicode>
                </TextEquiv>
            </TextLine>
            <TextLine id="tr_1_tl_4" custom="readingOrder {index:3;}">
                <Coords points="575,2561 607,2569 631,2561 675,2589 691,2573 707,2581 727,2557 779,2581 807,2581 803,2513 763,2509 723,2477 651,2457 607,2425 599,2437 571,2429"/>
                <Baseline points="597,2531 686,2543 776,2543 812,2537"/>
                <TextEquiv>
                    <Unicode>Oh..</Unicode>
                </TextEquiv>
            </TextLine>
            <TextLine id="tr_1_tl_5" custom="readingOrder {index:4;}">
                <Coords points="156,2609 232,2609 256,2589 280,2601 296,2585 324,2585 415,2621 511,2585 507,2445 419,2437 316,2397 280,2417 236,2405 200,2429 152,2413"/>
                <Baseline points="179,2537 268,2537 358,2531 447,2543 519,2537"/>
                <TextEquiv>
                    <Unicode>Merina:</Unicode>
                </TextEquiv>
            </TextLine>
            <TextLine id="tr_1_tl_6" custom="readingOrder {index:5;}">
                <Coords points="136,2777 751,2701 2820,2828 3252,2765 3248,2645 2309,2585 132,2597"/>
                <Baseline points="155,2692 244,2692 334,2686 423,2692 513,2692 603,2692 692,2698 782,2698 871,2698 961,2704 1050,2704 1140,2710 1229,2710 1319,2710 1409,2716 1498,2716 1588,2716 1677,2722 1767,2722 1856,2728 1946,2728 2036,2734 2125,2734 2215,2734 2304,2734 2394,2740 2483,2740 2573,2746 2662,2746 2752,2752 2842,2752 2931,2758 3021,2758 3110,2758 3200,2764 3260,2770"/>
                <TextEquiv>
                    <Unicode>Helene: Was soll dieser Seufzer bedeuten? Hast Du Caillard schon</Unicode>
                </TextEquiv>
            </TextLine>
            <TextLine id="tr_1_tl_7" custom="readingOrder {index:6;}">
                <Coords points="439,2880 2549,2988 3392,2932 3392,2836 3100,2777 435,2753"/>
                <Baseline points="459,2842 549,2842 638,2848 728,2848 818,2854 907,2854 997,2854 1086,2860 1176,2860 1265,2860 1355,2865 1444,2871 1534,2877 1624,2877 1713,2877 1803,2877 1892,2877 1982,2877 2071,2883 2161,2883 2250,2883 2340,2895 2430,2895 2519,2895 2609,2901 2698,2901 2788,2901 2877,2907 2967,2913 3057,2913 3146,2919 3236,2919 3325,2919 3403,2925"/>
                <TextEquiv>
                    <Unicode>vergessen? (Sind Dir auch schon die Sterbenden gefährliche Soll-</Unicode>
                </TextEquiv>
            </TextLine>
            <TextLine id="tr_1_tl_8" custom="readingOrder {index:7;}">
                <Coords points="447,3040 3448,3108 3360,2936 443,2908"/>
                <Baseline points="465,2991 555,2997 644,2997 734,3003 823,3003 913,3009 1003,3009 1092,3015 1182,3015 1271,3015 1361,3021 1450,3021 1540,3027 1630,3027 1719,3033 1809,3033 1898,3039 1988,3039 2077,3039 2167,3045 2256,3045 2346,3045 2436,3045 2525,3051 2615,3057 2704,3063 2794,3063 2883,3069 2973,3069 3063,3069 3152,3069 3242,3069 3331,3074 3421,3074 3457,3080"/>
                <TextEquiv>
                    <Unicode>test Du vielleicht ein wenig in eigener Angelegenheit.. xxx</Unicode>
                </TextEquiv>
            </TextLine>
            <TextLine id="tr_1_tl_9" custom="readingOrder {index:8;}">
                <Coords points="435,3200 2393,3212 3156,3308 3148,3116 2952,3080 431,3064"/>
                <Baseline points="453,3152 543,3146 632,3152 722,3158 812,3158 901,3158 991,3164 1080,3164 1170,3164 1259,3170 1349,3170 1438,3176 1528,3182 1618,3182 1707,3182 1797,3182 1886,3188 1976,3188 2065,3194 2155,3194 2245,3194 2334,3200 2424,3200 2513,3206 2603,3206 2692,3212 2782,3212 2871,3218 2961,3218 3051,3224 3140,3224 3164,3224"/>
                <TextEquiv>
                    <Unicode>Du verschleiert? Haft Du Dich für Deine Herrin ausgegeben?</Unicode>
                </TextEquiv>
            </TextLine>
            <TextLine id="tr_1_tl_10" custom="readingOrder {index:9;}">
                <Coords points="415,3344 735,3336 887,3392 1175,3328 1234,3368 1422,3336 1550,3392 1770,3360 1766,3272 1614,3240 1430,3272 1206,3216 831,3256 411,3220"/>
                <Baseline points="435,3301 525,3301 614,3301 704,3307 794,3307 883,3313 973,3313 1062,3313 1152,3319 1241,3319 1331,3325 1421,3325 1510,3331 1600,3331 1689,3331 1779,3331"/>
                <TextEquiv>
                    <Unicode>Dir wäreja alles zusutraun.</Unicode>
                </TextEquiv>
            </TextLine>
            <TextLine id="tr_1_tl_11" custom="readingOrder {index:10;}">
                <Coords points="120,3631 671,3484 3196,3580 3156,3400 887,3392 112,3284"/>
                <Baseline points="137,3463 226,3457 316,3457 406,3457 495,3457 585,3457 674,3463 764,3463 853,3469 943,3469 1032,3469 1122,3475 1212,3475 1301,3480 1391,3480 1480,3486 1570,3486 1659,3492 1749,3492 1839,3498 1928,3498 2018,3498 2107,3498 2197,3498 2286,3504 2376,3504 2465,3510 2555,3516 2645,3516 2734,3522 2824,3522 2913,3528 3003,3528 3092,3528 3182,3534 3206,3534"/>
                <TextEquiv>
                    <Unicode>Merina: Gnädigste Prinzessin, ich habe ihm bestellt, was Sie mir</Unicode>
                </TextEquiv>
            </TextLine>
            <TextLine id="tr_1_tl_12" custom="readingOrder {index:11;}">
                <Coords points="400,3623 3196,3723 3192,3596 2529,3524 2289,3607 396,3540"/>
                <Baseline points="423,3612 513,3612 603,3612 692,3612 782,3618 871,3618 961,3624 1050,3624 1140,3630 1229,3630 1319,3636 1409,3636 1498,3636 1588,3642 1677,3642 1767,3642 1856,3648 1946,3654 2036,3654 2125,3660 2215,3660 2304,3660 2394,3660 2483,3666 2573,3666 2662,3672 2752,3672 2842,3683 2931,3683 3021,3683 3110,3683 3200,3683 3206,3683"/>
                <TextEquiv>
                    <Unicode>auftrugen und habe Ihnen bestellt, was er mir auftrug...Die</Unicode>
                </TextEquiv>
            </TextLine>
            <TextLine id="tr_1_tl_13" custom="readingOrder {index:12;}">
                <Coords points="388,3795 1159,3871 1366,3819 1694,3899 1910,3851 2093,3915 2049,3683 1702,3731 1278,3651 1167,3707 947,3651 743,3703 384,3659"/>
                <Baseline points="411,3761 501,3761 591,3761 680,3767 770,3773 859,3773 949,3779 1038,3779 1128,3779 1218,3785 1307,3785 1397,3785 1486,3791 1576,3791 1665,3797 1755,3797 1844,3797 1934,3803 2024,3809 2101,3821"/>
                <TextEquiv>
                    <Unicode>Frau Herzogin. (Sie entfernt sich)</Unicode>
                </TextEquiv>
            </TextLine>
        </TextRegion>
        <TextRegion id="tr_3" custom="readingOrder {index:2;}">
            <Coords points="107,4117 3343,4117 3343,4947 107,4947"/>
            <TextLine id="tr_3_tl_1" custom="readingOrder {index:0;}">
                <Coords points="1099,4211 1195,4207 1258,4267 1386,4219 1586,4267 1798,4219 1958,4227 2013,4271 2101,4247 2093,4099 1922,4007 1842,4027 1670,3959 1598,4007 1390,3975 1266,4023 1091,3959"/>
                <Baseline points="1122,4185 1212,4173 1301,4167 1391,4167 1480,4167 1570,4167 1659,4179 1749,4185 1839,4191 1928,4197 2018,4197 2107,4215 2113,4215"/>
                <TextEquiv>
                    <Unicode>(Die Herzogin kommt.)</Unicode>
                </TextEquiv>
            </TextLine>
            <TextLine id="tr_3_tl_2" custom="readingOrder {index:1;}">
                <Coords points="84,4406 360,4426 427,4398 487,4434 531,4402 631,4446 767,4398 939,4418 963,4414 959,4287 795,4243 707,4287 591,4227 511,4299 463,4271 344,4299 292,4267 80,4307"/>
                <Baseline points="107,4376 197,4364 286,4370 376,4370 465,4376 555,4376 644,4376 734,4382 823,4388 913,4394 973,4388"/>
                <TextEquiv>
                    <Unicode>Helene: Mutter...</Unicode>
                </TextEquiv>
            </TextLine>
            <TextLine id="tr_3_tl_3" custom="readingOrder {index:2;}">
                <Coords points="156,4598 3272,4634 3264,4422 2633,4335 2097,4426 152,4402"/>
                <Baseline points="173,4513 262,4519 352,4525 441,4525 531,4531 620,4531 710,4531 800,4531 889,4537 979,4543 1068,4543 1158,4549 1247,4549 1337,4555 1427,4555 1516,4555 1606,4561 1695,4561 1785,4567 1874,4567 1964,4567 2053,4567 2143,4573 2233,4579 2322,4585 2412,4585 2501,4591 2591,4591 2680,4591 2770,4597 2860,4597 2949,4603 3039,4603 3128,4609 3218,4609 3277,4609"/>
                <TextEquiv>
                    <Unicode>Derzogin: Dein Vater sandte zum zweitenmal um mich, Helene. Es soll</Unicode>
                </TextEquiv>
            </TextLine>
            <TextLine id="tr_3_tl_4" custom="readingOrder {index:3;}">
                <Coords points="336,4698 3060,4790 3056,4646 2912,4626 2705,4690 2261,4590 1738,4658 1330,4562 332,4570"/>
                <Baseline points="358,4675 447,4681 537,4681 626,4687 716,4687 806,4693 895,4693 985,4705 1074,4710 1164,4710 1253,4710 1343,4710 1432,4716 1522,4716 1612,4716 1701,4716 1791,4722 1880,4728 1970,4734 2059,4734 2149,4740 2239,4740 2328,4746 2418,4740 2507,4746 2597,4746 2686,4752 2776,4752 2865,4758 2955,4764 3045,4770 3069,4764"/>
                <TextEquiv>
                    <Unicode>wohl ein Fest geben, heute Abend. Weisst Du nichts davon?</Unicode>
                </TextEquiv>
            </TextLine>
            <TextLine id="tr_3_tl_5" custom="readingOrder {index:4;}">
                <Coords points="344,4846 867,4982 2353,4902 3332,4986 3328,4838 3064,4786 1274,4814 340,4698"/>
                <Baseline points="364,4836 453,4836 543,4842 632,4842 722,4842 812,4848 901,4854 991,4854 1080,4860 1170,4860 1259,4866 1349,4866 1438,4866 1528,4872 1618,4872 1707,4878 1797,4878 1886,4878 1976,4884 2065,4884 2155,4890 2245,4890 2334,4896 2424,4896 2513,4902 2603,4902 2692,4902 2782,4908 2871,4913 2961,4913 3051,4913 3140,4913 3230,4925 3319,4937 3343,4931"/>
                <TextEquiv>
                    <Unicode>Sind die Musikanten schon bestellt? Beile Dich doch ein andres</Unicode>
                </TextEquiv>
            </TextLine>
        </TextRegion>
    </Page>
</PcGts>
