3763 5512
416 568 3149 896 Wachshuber: Jetzt ist der Napolson der Herr. Und das Exemple
709 755 3080 999 gehört mir, und was ich damit mach, ist meine Sache.
416 923 774 1098 Itzelt:
797 961 1830 1117 Her mit dem Exemplar.
412 1083 3450 1308 Wachshuber: So,..Sie wollen sichs behalten? Sie wollen das G'schäft
679 1270 3454 1498 rückgängig machen... Aber wissen Sie auch, dass jeder, der ei-
660 1342 3206 1666 Exemplar von Schraembel besitzt und zurückbehält, ohne
667 1502 2295 1765 und Barmherzigkeit erschossen wird?
366 1636 728 1868 Berger
804 1666 2047 1899 Ja, has stimmt, das stimmt.
385 1838 3294 2150 Wachshuber: Weil nämlich da drin die verlässlichsten Karten ein
648 1994 1281 2158 dies gibt...
343 2101 3344 2368 Eschenbacher: Also jetzt...das ist zu gefährlich für Sie, Vaohs-
637 2291 3378 2562 huber, stellen Sie sich vor, man erwischt Sie damit, eh Sies
637 2467 3466 2684 verkauft haben, auf dem Weg zum Generalstab. Ver braucht Ihnen
618 2589 3412 2802 das zu glauben, dass Sie so ein braver Franzes geworden sind,
633 2749 3374 2936 besonders Ihnen, der als österreichischer Patriot so bekannt
625 2871 3286 3100 ist, der noch gestern mit einem Morgenstern auf der Bastei
614 3080 3294 3260 herumgelaufen ist...und ganz in der Nähe gewesen sein soll,
606 3218 3340 3458 wie einem gewissen französischen Trompeter ein gewiszes Mal-
595 3355 1464 3527 heur passiert ist.
320 3477 3241 3683 Nachshuber: Wer war in der Nähr Ich habe nichts gesehn. Ich hab
587 3675 2573 3858 noch nief keinen Menschen nicht erschlagen.
320 3790 3386 4003 Eschenbacher: Sie allein gewiss nicht. Also her mit dem Schraambel
591 3942 3264 4194 und dagelassen. (Nimmt ihm das Buch aus der Hand und legt
599 4076 1655 4297 es auf den Lädentisch.)
522 4209 3355 4514 shuber: Sie, Sie Mensch, Sie... was haben Sie denn überhaupt...
545 4396 2425 4598 Seit wann sind Sie denn der Buchhändler.
290 4567 3248 4731 Eschenbacher: Ich bedaure, dass ich mein Handwerkszeug nicht bei
522 4716 3122 4968 der Hand hab. Ich verfertige nämlich auch Hundspeitschen,
