4504 5576
1034 638 3962 844 und hat das Mitgebrachte von Berger in den Tornister gesteckt,
1022 824 2617 1046 Anna und Medardus standen links.)
1793 985 2124 1244 Valvis
747 1155 3853 1357 François, Prinz von Britt ein. (Zwanzig Jahre, sehr hübsch,
771 1341 3938 1543 elegant, Degen und Schnallenschuhe.) Agathe. Anna. Eschenbacher.
1046 1458 3445 1704 Frau Klaehr. Medardus. Herr Berger. Frau Berger.
767 1708 2492 1926 François: Guten Abend. Guten abend.
763 1874 2783 2080 Berger (zu seiner Frau): Ah, der Prinz.
1821 1999 2981 2213 (Alle scheinen erstaunt.)
771 2141 2758 2351 Agathe (regungslos, starrt ihm ins Auge).
767 2330 2855 2516 Medardus (geht ihm zwei Schritte entgegen).
771 2492 1801 2690 Frau Klachr: Sie -?
767 2649 3110 2823 Medardus: Wir sind erstaunt, Sie wieder zu sehm?
775 2783 3809 2968 Franz (sehr heiter, weiter ins Zimmer tretend): Und mich freut
1050 2928 3918 3090 nichts mehr, Medardus, als dass ich eben noch zurecht komme,
1070 3090 3978 3275 Ihnen die Hand zum Abschied zu drücken. Medardus, mein Bruder!
1082 3235 2734 3421 (Er streckt ihm die Hand entgegen.)
771 3360 3340 3554 Medardus (nimmt sie zögernd): Versteh ich Sie recht?
788 3554 4035 3752 Franz: Sollte es so schwer sein? Frau Klaehr, erlauben Sie mir Ihnen
1624 3651 2048 3756 küssen.
1070 3655 4019 3885 die Hand zu drücken, der Mutter meiner Agathe. (Er küsst ihre
1058 3865 3893 4010 Hand. Dann zu Agathe, die noch immer starr dasteht.) Agathe.
1070 3958 4027 4200 meine Agathe. (Er sieht ihr lang ins Auge, dann nimmt er ihre
1074 4140 2411 4362 beiden Hände und küsst sie.)
1074 4281 3901 4523 (Die übringen noch etwas betreten, befremdet und bedenklich.
1862 4451 2932 4653 Eine Pause tritt ein.)
784 4608 3841 4846 Franz: Nun Meister Eschenbacher, werden Sie uns auf dem Spinett
1046 4737 3938 4968 zum Tanz aufspielen bei der Hochzeit? Und darf ich Sie, Fräu-
2342 5028 2597 5262 24 -
