4312 5512
763 644 1395 843 werfen täten.
763 823 3287 998 Föderl (zu Eschenbacher): Ich kondoliere von Herzen.
771 970 2325 1145 Eschebacher: Danke, Herr Föderl,
791 1093 3780 1292 Wachshuber: Mein Beileid, Herr Eschenbacher. Mein beileidt, Frau
1010 1280 1344 1443 Kleahr.
791 1359 3983 1578 (Der andere Sarg wird in das Grab gesenkt. Stille, viele schluchzen.)
803 1503 3943 1729 Frau Grinzinger: Was sagen S' dazu? Haben S' so was schon erlebt? -
1022 1677 2798 1912 Von denen, dies angeht, weint niemand.
771 1844 1940 2047 Herzog:..Assalagny.
795 1968 2127 2174 Assalagny: Mein Herzog...?
807 2095 3717 2377 Herzog: Ich hab ihn nicht in den Tod gejagt...Er hätte sie in
1022 2254 3884 2429 Purpur und Seide kleiden, mit Perlen und Diamanten schmücken
1022 2437 2393 2624 dürfen. Ich bin ohne Schuld.
807 2592 2373 2790 Assalagny: Gewiss, mein Herzog.
819 2707 3943 2926 Herzogin (zu deseltenx): Wie uns diese Leute ansehn! Welche feind
1034 2898 2464 3093 seligen Blicke! Mir wird hang.
803 3049 3776 3260 Herzog (hat es gehört): Es zwang Sie niemand hierher zu kommen.
1034 3168 3466 3355 Auch Helene blieb fern... Vielleicht hatte sie recht.
807 3319 3287 3522 Herzogin: Wohl Ihnen, der diese Blicke nicht sieht.
827 3486 3140 3661 Herzog: Ich fühle sie. Doch fichts mich nicht an.
827 3633 2643 3836 Herzogin: Es zerreisst mir die Brust.
819 3776 2274 3975 Herzog: Beherrschen Sie sich.
815 3931 2230 4166 Herzogin: Mir starb ein Sohn.
811 4094 1988 4329 Herzog: Mir starb mehr.
1395 4269 3240 4420 (Schollen werden auf das Grab geworfen.)
819 4404 3260 4571 Anna: Meine Agathe, meine gute Agathe... (sie weint)
819 4516 4003 4742 Caillard (wirft eine Scholle aufs Grab): Fahr wohl, François, mein
1045 4722 1407 4889 Freund.
2393 4694 2679 4901 Valon
819 4865 3585 5080 Desolteux: Fahre wohl, Prinz von Barry, Sohn meines Herrn.
215 4865 413 5156 P.
2206 4965 2429 5227 63
