3755 5544
613 613 1311 885 Wachshuber....
326 782 3212 1085 Vachshuber: So Hundspeitschen..? 809 Beh!...Ja, Hunde gibts ge-
617 1008 3288 1223 viel, ja.. Ich pfeif auf den Atlas.. da haben Sie ihn... ich
609 1177 3334 1395 meinem Neffen auch was andres zum Namenstag schenken, ja!...
598 1318 3311 1564 Aber weil Sie früher von meinem Morgenstern gesprochen haben
598 1468 3330 1671 ich hab ihn natürlich schon wieder ans Zeughaus abgeliefert.
583 1587 3365 1851 Hier ist die Bestätigung. Da. Es wär gut, es hielt sich jeder
594 1797 3376 1985 so nach den Verordnungen. Habe die Ehre. Entschuldigen die ver-
583 1958 3292 2204 ursachten Umstände. Ja - mein geld, mein Geld... Ah, das wär
583 2077 1035 2211 so was...
291 2200 629 2384 Erzelt
682 2204 2062 2430 (wirft ihm das Geld hin): Da-
287 2368 3258 2560 Eschenbacher (hat indessen die Ladentüre aufgemacht): Bitte, nur
560 2526 3380 2802 hier heraus, Herr Wachshuber, es muss sowieso gelüftet werden.
284 2629 1177 2863 Wachshübericht ab).
272 2802 3074 3012 Berger: Nein, so ein Mensch, das ist doch nicht zu glauben.
261 2993 3204 3215 Frau Klaehr: Bruder, Du bist zum küssen. (Sie fällt ihn um den
529 3108 855 3281 Hals.)
272 3258 2997 3472 Etzelt: Jetzt ist nur die Frage: wohin mit dem Schraambel.
261 3399 2660 3629 Eschenbacher: Zu mir. Bei Euch würde man ihn suchen.
261 3541 2993 3737 Frau Klachr: Nein, Jakob, Du begibst Dich in grosse Gefahr.
249 3729 3330 3932 Eschenbacher: Bei mir wird man ihn nicht finden, auch wenn man ihm
537 3890 3307 4062 suchte. Konnen, Itzelt, gehn wir ins Magasin, schaun wir, was
525 4001 2487 4239 es vielleicht sonst noch Verdächtiges gibt.
517 4139 2050 4381 (Die Strasse draussen ist beinahe
2154 4189 2855 4430 ankel. Ein Regim###
521 4315 1602 4530 schiert wieder vorbei.)
464 4476 2395 4714 Ruf in der Ferne: Es lebe Kaiser Napolsen.
207 4618 1560 4837 Frau Klachr: Vas war das..?
498 4760 2395 4982 senbacher: Nur einer, jetzt ists wieder stil-
