4504 5480
1977 239 2693 760 Torabnuy.
1070 322 1905 680 Werrin die
935 799 2848 994 Medardus und Etzelt (sehen einander an)
2900 792 3146 1102 2
947 959 2140 1157 Medardus (bleibt stehn).
947 1062 2617 1317 Etzelt (entschlossen zum Fenster).
963 1189 3958 1424 Wirt: Jawohl, ein junges Paar. Und wie es scheint ein vornehmes
1126 1400 3795 1603 Paar. Ja, auch das passiert schon — manchmel...
947 1503 4141 1738 Plank: Lasst uns gehn. Wirt, hier ist Ihr Geld. Was kümmern uns die
899 1488 1197 1655 Winter
1153 1655 4164 1889 kleinen Unglücksfälle. Ihr werdet andres zu sehen kriegen, Freun-
1149 1834 1850 2072 de. (Er geht)
974 2005 4061 2239 Medardus (ist durch die mittlere Tür hinausgestürzt, jetzt bleibt
1165 2132 4077 2319 sie offen stehn, hat eine Fackel ergriffen, leuchtet den Toten
1173 2299 2645 2514 ins Gesicht): Heiliger Himmel.
974 2430 2593 2633 Kribbling: Was hast Du, Medardus?
986 2601 3266 2784 Etzelt (zu den Andern): Es ist seine Schwester.
986 2768 3238 2935 Elisabeth: Jesus Maria und Josef!...Agathe....!
982 2919 2585 3110 Marie: Und der Bräutigam..... 7!...
978 2983 4025 3226 Medardus (stürzt herein mit der Fackel): Es kann auch ein Traum
1189 3178 4017 3361 sein... Es kann auch Wahnsinn sein. Kennt Ihr mich?...Bin ich
1165 3337 3910 3528 Medardus Klaehr? Redet!... Ihr redet nicht... So ist es ein
1181 3504 4188 3683 Traum...Wenn Ihr lebtet, so würdet Ihr mir antworten... Wach auf,
1189 3651 4156 3882 Medardus, Du schläfst in den Auen (in die Fackel starrend) Die
1181 3846 3341 3966 Sonne brennt Dir durch die Lider, es wird Tag.
2056 3858 3890 4065 (er nimt ihm die Fackel an de Haus)
998 3946 2120 4149 Etzelt: Medardus.....
2176 4001 3361 4180 schwärke. Sch Cebl. und da
1376 4089 1698 4180 Etselt.
986 4113 3981 4331 Medardus: Oder,, ich träume nicht die Zwei, die draussen liegen,
2721 4196 3027 4300 beiden
1181 4272 3270 4475 sind tot - und die Rine ist meine Schwester.
986 4419 2498 4610 Etzelt: Medardus, fasse Dich.
998 4570 4129 4725 Medardus: He, wo ist der Wirt? Wollen Sie sie draussen im Hof lie-
1189 4713 4137 4924 gen lassen. Herein mit ihnen. Es ist Platz genug. herein das
2406 5020 2681 5159 - 49 —
