3779 5592
525 694 706 938 so.
252 880 1632 1115 Medardus (kommt von rechts).
244 1049 1615 1239 Anna: Guten Abend, Medardus.
244 1210 2871 1442 Medardus: Anna!...Elisabet...? (Reicht beiden die Hand)
252 1359 1789 1574 Elisabet: Guten Abend, Medardus.
240 1500 1578 1727 Medardus: Wohin - Ihr zwei?
240 1694 3379 1867 Elisabet: O, wir gehören nicht zusammen. Wir haben uns nur zufällig
521 1822 1033 2008 getroffen.
240 1933 1929 2177 Frau Klaehr (sieht ihn): Medardus!
240 2128 3293 2338 Medardus: Dort ist meine Mutter! Grüss Euch Gott. (Zu Frau Klaehr
508 2285 1297 2475 nach rückwärts.)
244 2454 3565 2652 Anna: Warum bist Du so zu mir, Elisabet? Ich hab Dir nichts getan. Adio
244 2578 2181 2776 Elisabet (weicher): Wo gehst Du denn hin?
240 2764 3264 2925 Anna: Willst Du mich hegeliten? Imgeh in die kaiserliche Winter-
508 2892 3342 3074 reitschul, das ist jetzt ein Spital. Ich hab mich als Wärterin
521 3036 3359 3235 gemeldet. Vielleicht gehst Du mit mir hin. Ich weiss jede wird
525 3189 3020 3400 aufgenommen, die als barmherzige Schwester sich meldet.
231 3346 3284 3516 Elisabet: Willst vielleicht meine Seele retten? Barmherzig bin ich
525 3532 3313 3702 schön, vielleicht mehr als Du. Aber von einer Schwester hab ich
496 3644 3425 3888 freilich nicht viel. Grüss Dich Gott, Anna. (Rasch ab nach links)
190 3809 426 4016 Anna
479 3850 1004 3995 (herunter).
512 3949 3383 4168 Medardus und Frau Klaehr haben sich begrüsst, jetzt tritt eben
496 4135 1400 4346 Bargetti zu ihnen.)
219 4247 3276 4487 Medardus: Herr Hauptmann, ich habe beim Kärntnertor die Meldung er-
1496 4396 2979 4507 Inniss ist hieher die Meistens
884 4408 1388 4499 Bargett
471 4466 3160 4631 stattet. xxx hierher schon die Nachricht gelangt, dass der
479 4594 3222 4747 Marschall Massena mit einer grossen Truppenanzahl sich gegen
504 4705 3528 4941 die Donau zu in Bewegung gesetzt hat? —
194 4900 3160 5094 Bargetti: Ja, das wissen mir schon. Der Erzherzog Maximilian ist
1504 5102 1760 5366 136
