4504 5480
426 197 698 378 4-1    3
2113 181 2270 378 11
859 595 2250 828 Frau Winkler: Guten Morgen.
867 804 3386 989 Frau Föderl: Ja., es ist eine traurige Geschichte!...
867 938 3957 1143 Frau Winkler (nickt): Meiner Poldi gehts gar nah. Sie ist in die
1131 1107 3894 1281 Schul gegangen mit der armen Agathe...und bis in die letzte
1139 1234 2656 1423 Zeit manchmal ins Haus gekommen.
847 1431 4016 1596 Leopoldine (in Tränen aufs Grab weisend): Also da drinnen, da wer-
1131 1537 2156 1738 den sie beide liegen?
843 1651 1592 1896 Föderl: Beide?
863 1856 3898 2030 Frau Föderl (zu ihrem Mann): Na, weisst es denn nicht, ist doch
1131 2010 3933 2176 sogar in der Zeitung gestanden. ich hab Dirs doch vorg'lesen
1119 2120 1714 2314 beim Kaffee.
832 2262 3847 2475 Frau Winkler: Ja, das ist ihr letzter Wunsch gewesen. Sie haben
1111 2451 4056 2641 Briefe hinterlassen, dass sie im selben Grab zur Ruhe bestattet
1119 2601 2026 2763 zu werden wünschen.
828 2786 3894 2956 Leopoldine (in Tränen): Also da drinn werden sie liegen, Mutter,
1100 2932 3039 3118 Mutter... (Sie fasst ihre Mutter beim Arm)
2424 3070 2783 3192 I have
812 3114 3929 3330 Wachshuber (kommt. Junger Mensch mit dordinärer Eleganz gekleidet.
1100 3319 3977 3504 Spricht immer sehr rasch. Fahrige Bewegungen, unstete Augen):
1088 3468 3894 3606 Jawohl, in solchem engen Raume endet Lust und Leid. Habe die
1068 3583 2270 3748 Ehre, meine Herrschaften.
808 3721 2609 3898 Frau Föderl: Ah, der Herr Wachshuber.
784 3918 3799 4079 Föderl: Mir scheint, Herr Wachshuber, Sie werden noch bei Ihrer
1068 4024 2881 4233 eigenen Leich als Spassmacher mitgehn.
780 4166 3874 4418 Wachshuber: Na, hörn's, Herr Föderl! Wenn sich einer gebildet aus-
1056 4343 4004 4603 drückt bei uns, so halt mans für einen Spass. Mir ist wirklich
1048 4525 1935 4662 nicht zum Spassen.
772 4623 2412 4852 Frau Föderl: Haben Sie's gekannt?
780 4757 3929 5053 Wachshuber: Na, was denn! Glaubens unser G'schäft geht so, dass ich
2250 5124 2522 5250 54 —
