3608 5480
137 619 1567 873 schenbacher: Ja, so heiss ich.
121 707 3164 1006 tzelt: Man hat Ihnen einen Possen gespielt. Wie sollen in Ihren
353 952 898 1160 Brunnen...?
133 1131 3210 1301 eutnant: Das wird sich herausstellen. Ich erkläre Sie für verhaf-
341 1268 1463 1468 tet, Herr Eschenbacher.
112 1418 3309 1609 Medardus: Herr Leutnant, Eschenbacher ist unschuldig. Die gefundenen
353 1580 3280 1742 Karten gehören mir, auch die Buchhandlung hat nicht das Gering
528 1709 1044 1796 mit der Sache
1584 1684 2091 1800 die Raiter.
353 1738 3297 1937 ste damit zu tun; ich habe sich schon vor Jahren in mein persön-
341 1883 1634 2062 liches Eigentum übernommen.
640 1991 877 2091 Um
108 2012 3122 2224 Leutnant: Damit Sie sie im Brunnen des Herrn Eschenbacher aufbe-
345 2183 2948 2391 wahren. Herr Eschenbacher ist ein Verwandter von Ihnen?
112 2332 3218 2553 Frau Klaehr: Er ist mein Bruder. Und er ist unschuldig, besser als
366 2507 2844 2665 unschuldig. Für mich, für uns hat er sich in diese...
112 2661 3143 2840 Leutnant: Ich bitte nicht weiter zu reden, Frau Klaehr. Für mich
353 2790 3268 3018 kommt ausschliesslich in Betracht, wo diese Exemplare gefunden
353 2956 952 3131 worden sind.
108 3101 3139 3305 Medardus: Sie können sich wohl denken, Herr Leutnant, dass nicht
353 3259 3023 3417 zwei Exemplare des Schraembel bei einem Sattlermeister...
108 3368 1958 3588 Leutnant: O, es gibt Sammler aller Art.
79 3459 3430 3733 Medardus: Ich bin der Schuldige. Verhaften sie mir, Herr Lieutend
104 3717 2137 3912 Frau Klaehr: Sie müssen uns alle verhaften.
653 3812 1838 3916 Es ist ja gerufs sehr schon
104 3837 3176 4079 Leutnant: Man erlebt es nicht das erste mal, dass in solcher Weise
324 4024 3139 4220 Einer für den andern sich aufopfern möchte. Das ist ja sehr
345 4158 3243 4349 schöne aber (es handelt sich nicht darum Märtyrer zu schaffen,
341 4320 3272 4503 sondern darum Gerechtigkeit zu ühan. Die Gefängnisse hier sind
316 4457 3268 4648 wirklich allzu überfüllt, dass man auch diejenigen einsperren
328 4631 3289 4827 könnte, die sich selbst einer verbotenen Handlung beschuldigen.
328 4773 3176 4964 Und (worauf ich noch besonders aufmerksam machen möchte) Herr
1513 5006 1854 5322 205 -
