3763 5512
673 616 1887 877 der Erwartung auszufüllen.
427 673 3445 1044 Assalagny: Ob sie Erwartung, ob sie erfüllung bedeutet, weise die
669 949 3418 1146 Stunde oft selber nicht. Man könnte einer Krone entgegenge-
673 1112 3403 1346 träumt, ja, man könnte sie errungen haben und an einem späten
662 1255 3414 1475 Tag entdecken, dass der reichste Augenblick von allen einer
662 1384 3403 1599 war, in den man in einem Frühlingsgarten nach Schmetterlingen
635 1596 3490 1739 haschte. Die schlimmste Art, ein Glück zu versäumen ist, es nicht
352 1531 601 1800 dra
624 1679 983 1792 glauben
666 1732 3445 1913 Erkennen, da man es erlebte. F. Glauben Sie an 4te Schönheit die
647 1883 3343 2061 ser stunde, Frau Vicamtesse, Sie erwarten einen Geliebten
420 1993 3456 2227 Helene: Einen geliebtenel... Sie haben ihn gesehn, Doktor Assalagny,
658 2182 3501 2382 und Sie sind ja einer, der sich berufen glaubt, Menschen zu er-
654 2318 3407 2492 kennen. Sollte es Ihnen entgangen sein, welcher Art die Ver-
643 2439 3626 2704 heissungen sind, die aus seinen Augen blitzen? Ein Geliebter: gelas¬
647 2624 3471 2809 Und wenn er es nur deshalb wäre, weil er bestimmt ist ein Mit-
647 2722 3539 2919 schuldiger zu werden? — Sie haben ihn gesehen, Assalagny, und er¬
998 2878 1320 2972 Es ist him
643 2919 3547 3142 kannt! /Er ist zur Zärtlichkeit geschaffen /wie zum Hass. Und dass
639 3048 3059 3282 er zu hassen vermag, ist seines Wesens besserer Teil.
378 3165 3282 3396 Assalagny: Fürchten sie nicht, dass diese Worte Ihrem eigenen
2522 3346 2995 3441 maquer
605 3354 3044 3528 Schicksal Vorbedeutung sein könnten, Frau Visumtersse?
798 3467 2798 3660 dit werde darüber nachdenen Wett ich allein hy
378 3479 2242 3702 Helene:) Gute Nacht, Doktor Assalagh...
386 3664 2715 3880 Assalagny: Gute Nacht, Frau Vicomtesse. (Er geht)
1581 3770 2201 4016 Marquise
374 3970 3267 4239 Helene (allein): Will so einer tiefer in mich schaum, als ich
613 4144 3456 4375 selbst? Glänste heute Morgen in meinen Blicken andres als meine
613 4318 3324 4481 Seele wusste...Bebte gar in meiner Stimme die Sehnsucht nach
571 4492 3225 4696 dem Glück, das der Armselige da mir aupries. So soll er von
575 4617 2953 4814 nigstens nicht vergebens hier gewesen sein. Aus dem
582 4772 1448 5006 seiner Worte nehm
