4536 5544
3090 587 3512 731 schane
1081 683 4099 876 nur zagend flimmern sah. Ob ich den Frühling sehn werde,, den Du
1077 840 4107 1073 meinst, das weiss ich nicht. Doch wenn er mir erscheint, so will
1093 981 3721 1186 ich seinen rötesten Blütenkranz auf diese Stirn drücken.
1077 1133 3971 1346 (Schallbacher, Leibolt und Andere sind fortgegangen.)
900 1302 3999 1483 Rabenau: He, Wirt, wir haben noch unsre Zeche zu zahlen, wo sind
1081 1451 2150 1676 Sie denn schon wieder?
904 1587 2628 1776 Baumann: Was gibts denn da draussen?
1093 1788 4139 1977 (Draussen sieht man im flackernden Licht der Fackeln zwei Männer,
1081 1913 3396 2094 die irgend etwas trugen und es nun niedersetzen.)
904 2058 2608 2275 Wirt (draussen): Ich komme schon.
892 2210 4123 2435 Rabenau: Was gibts denn? Was ist das für eine gewaltige Beleuchtung?
1101 2363 2050 2560 (Am rechten Fenster)
892 2447 3942 2761 Wirt (draussen): Verzeihung, es gibt, was es Gott sei geklagt,
1089 2664 2415 2857 hier nicht eben selten gibt.
892 2789 2403 3026 Baumann, Rabenau (am Fenster).
860 2958 3758 3155 Die Andern (im Lauf der nächsten Worte auch hin mitzelt
1089 3135 4123 3303 und Medardus) stehn vorn, werden beide aufmerksam, scheinen aber
1093 3275 3187 3456 beide wie festgebannt und rühren sich nicht.)
1141 3428 4039 3589 (erklärend): Hundert Schritt von hier, wie den Herren bekannt
856 3448 1089 3657 Wirt
1081 3577 4023 3762 ist, fliesst die Donau vorüber und wenn sich Einer in einer ge-
1081 3758 4119 3902 wissen Entfernung von hier, etwa dort, wo die Hütten der Fischers-
1081 3870 4015 4063 leute stehn, ins Wasser schmeisst, er muss es nicht einmal sel-
1077 4011 3926 4228 ber tum, da reisst ihn die Strömung in ein paar Minuten ins
1069 4155 4107 4344 Schilf da unten. Das ist wie Amen im Gebet... Wir sinds gewohnt...
1081 4332 2769 4525 Im vorigen Jahr waren es vierzehn! -
844 4489 3826 4690 Kribbling (der jetzt erst zum Fenster kommt): Ein Ertrunkner.
844 4638 2697 4847 Elisabeth und Marie (draussen): Zwei.
2255 4911 2536 5152 - 48 -
