3803 5384
551 466 2963 845 was aus Deiner wunderbaren Marquise geworden ist -
235 664 3618 1021 Medardus: Ich verstehe Dich nicht, -Etzelt! Was ist - aus geworden?
235 874 3488 1189 Etzelt: Sie gibt als die Geliebte - oder als eine der Geliebten...
509 1009 1084 1240 Νapoleons.
1483 1097 3454 1328 Wenn Napolson heute aus der Welt verschwän-
206 1177 1362 1395 Medardus: - Etzelt - 7 -
1416 1185 2337 1433 xxx xxx pourbogenen Urte
2446 1261 3454 1488 es sich zu freuen, die
164 1269 3459 1647 Etzelt: Es muss nicht eben wahr sein, aber nur Einem, der von der
487 1538 3446 1778 Leidenschaft zu ihr besessen wäre könnte das Gerücht verwunder-
198 1668 3160 1929 Mademlich erscheinen. Zweifellos ist jedenfalls, dass sie ihre
168 1820 3240 2097 Sendung vergessen - und nicht nur zu Napoleons sondern wohl
466 1958 3253 2278 auch xxx eigenen Gunsten - Es ist vielleicht auch eine
139 2118 2274 2400 Medard Art über Frankreich zu herrschen....
168 2274 1815 2517 Medardus: Die Gellebte Napoleons
147 2421 517 2618 Etzelt:
576 2446 3215 2748 Berührt's Dach auch heute noch, Medardus -? Oder reut'
445 2606 1046 2786 Dich nun gar
1034 2677 3207 2887 dass Du versäumt hast, Medardus! Komm zur Be¬
1034 2719 1240 2828 cte
475 2702 857 2816 délégués ou le
437 2790 3080 3005 sinnung! Du solltest dem Himmel danken, der Dich bewahrt
139 2786 538 3005 Stimmen:
626 2862 819 2971 Da 1
424 2971 2811 3202 hat, eine Tat zu versuchen, sie Dir missglückt wäre
122 3047 1942 3312 Medardus: Missglückt....? Wer weiss -
126 3215 504 3387 Etzelt:
2568 3219 2765 3358 G.C.F.P.
563 3244 3249 3517 Einem Zittern Deiner Hand, einem Flimmern vor Deinem Aug-
2811 3181 3190 3379 die Ab¬
424 3316 849 3446 gesandten
1362 3362 1589 3471 die
412 3433 3034 3597 einem verräterischen Zucken Deiner Mienen hättest Du die
433 3475 1433 3623 garen
1870 3547 2677 3660 Innerstern
408 3576 2370 3782 Schuld/gegeben - aber in Deines Wasens T###
1143 3652 1471 3770 Grosse.
2358 3585 3156 3816 hättest Du Dir.
2034 3702 2370 3795 lehten
408 3740 2845 3929 gestehn müssen, dass Du seinfach nicht würdig warst zu
395 3795 1219 3917 der Bubns... Fried
1244 3833 1462 3942 zyn
2026 3799 3307 3976 was du wagtert.
391 3871 1328 4001 Was Du in Wahrheit.
1324 3887 2925 4123 nicht gewollt hast. Der Tat, die
391 3950 1328 4064 Iebe der Kaiser Frau
2778 3971 3160 4135 Lese der
370 4030 3295 4257 eine ganze Seele forderte, um nicht ein sammenstreich
395 4097 1282 4224 Kaiser Maueleon.
534 4207 2984 4400 den - konntest Du ### doch nur einen armen Hauch Deines
370 4181 559 4329 auch
530 4249 735 4379 ter
1009 4278 1248 4383 sich von deren Haus zu verstorben.
382 4324 3185 4568 Willens leihn: Den Atem Deiner Seele, Medardus, war nicht den
336 4392 3164 4665 Hass gegen Napolson - er war die Liebe zu Helene! -
353 4577 584 4682 nach
80 4623 3295 4774 Medardus: Stadt war’s dir mislungen, bedanntes
67 4749 273 4942 Meda
555 4736 2971 4972 darum hast die nicht gewagt
315 4921 2820 5098 der (: Seine Geliebte... So wäre ja mein Entschluss
1269 5072 1710 5186 - 259 -
