3715 5823
96 716 2617 1066 Buchartinger: Um Gotteswillen, Leichen soll ich tragen
169 974 2575 1197 nix für mich. Ich tät schön um eine andre Arbeit bis
165 1128 1532 1343 mein Weib dabei sein kann.
73 1251 2440 1513 verporal: Ah, für die find sich schon noch was. Is j
139 1470 570 1605 sauber.
2117 1570 2298 1763 G.H.F.P
112 1547 2163 1817 Zuzhartinger: Komm, wirst gleich mitkommen.
200 1713 2875 1928 (Kreuzhartinger mit der Vache ab, seine Frau läuft nach der
200 1894 954 2128 andern Seite.)
1155 1978 1347 2117 G.F.P.
92 2048 3017 2298 erger: Es ist eine traurige Zeit. Mein armes Annerl. wieviel Leven-
123 2232 2879 2463 die jeden Tag sterben sieht. Hat sie's nötig g'habt..).?
112 2394 3041 2625 selt: Und dazu lässt unsre Bürgerwache sich gebrauchen. Ist das
192 2567 1917 2763 überhaupt noch militärischer Dienst?
115 2656 3202 2929 ger: Jetzt müssen sie doch gar immer am Abend ihre Waffen im
189 2829 3094 3106 Zeughaus abgeben. Und in der Früh, da dürfen sie sich's schön
204 3025 931 3268 wieder abholen.
115 3387 847 3633 Mardus (kommt).
139 3556 2240 3776 zu Föderl: Da kommt ja der junge Herr Klachr.
123 3687 1770 3945 selt: Nun, - nun -? - Wasgibts
127 3756 3225 4095 dardus: Ich weise nicht mehr als Du. Ich weiss nichts, gar nicht.
123 4022 1355 4237 elt: Du warst doch drin?
135 4172 3017 4368 dardus: Ja, ich war im Kasernenhof, dort haben sie mich warten
200 4291 3052 4553 lassen, eine Stund' oder zwei Stunden, kein Mensch hat sich
1393 4445 1586 4534 vit
212 4465 3087 4657 mich gekümmert, endlich kommt ein Offizier herunter, sagte es
454 4595 1135 4742 In der Sache Eschen
231 4595 1582 4853 sei keinerlei Zeugenschaft zu
508 4761 2840 5000 am und setzt mich einfach wieder vor die Türe...
2036 4911 2825 5157 Was kann indes ###
1209 4915 1474 5146 zu be=
739 4969 1143 5180 kann das
293 4976 504 5153 Je ne
