3723 5528
1036 542 1197 744 5
531 681 3194 950 langen - und einigermassen in Geduld werden fassen müssen.)
247 868 3175 1062 Dagusan: Ver weiss, Herr Viceste? Die Stimmung im Lande selbst
524 1055 3426 1242 gegen Napoleon ist nicht allzugünstig. Und die neusten Rekruten-
546 1204 3418 1380 aushebungen, die er anbefehlen liess haben sie nicht verbessert.
527 1354 3321 1586 Ich verge zu hoffen, Herr Vicomte, - immer vorausgesetzt, dass
527 1515 3359 1687 wir hingelangen – wir werden in der Heimat mehr Freunde finden,
520 1634 1496 1825 als wir heute ahnen.
299 1732 3235 2012 Vicomte: Die sich nur, fürcht ich, nicht so rasch für uns erklä-
516 1956 3254 2162 ren werden, als wünschenswert sein möchte) Nun was tuts. Der
520 2128 3291 2341 Glaube an unsre grosse und gute Sache wird uns für den Anfang
512 2266 1066 2420 genug sein.
277 2338 3284 2622 Dagusan: Eine Sache deren Sieg gewiss ist, - auch wenn nicht alle
516 2566 2708 2726 von uns das Glück haben werden, ihn mitzufeiern.
333 2674 1373 2783 Majens nicht alle.
277 2749 3190 2932 Vigente: Laffraye, Sie schweigen beharrlich.... Ich wünschte Ihre
505 2869 1324 3037 Meinung zu hören.
2023 2910 2427 3082 my ser
1066 2955 1462 3086 Chaspi
254 3022 729 3172 Laffraye:
864 2992 3351 3172 Herr viecnte, wie sehr wir an die Notwendigkeit unserer
337 3123 1530 3254 Unternehmung überzeigt sein
468 3168 3362 3347 Aufgabe glauben mögen... das, was wir in Frankreich im Lauf der
1126 3287 1631 3400 daheim
494 3314 3400 3519 nächsten Zeit zu treiben gedenken, täuschen wir uns nicht, Herr
497 3433 965 3549 Thayen
479 3478 2831 3669 Vieents, es ist ein dunkles und trauriges Geschäft.
389 3587 793 3710 Margareur
273 3658 1339 3815 Vicompe: Laffraye....
2225 3684 2655 3845 charpier
266 3785 3261 3938 Dagsam: Hören Sie nicht auf Laffraye, Herr Vieente. Die Luft von
486 3949 2771 4129 Schönbrunn hat ihn ein wenig wirr in Kopf gemacht.
415 4043 785 4159 carier.
254 4065 3231 4275 Vicomte (befremdet): Sie waren in Schönbrunn? (Ruhig) Wie ge-
456 4267 1369 4424 langten Sie dahin?
2128 4271 2603 4451 marquis
224 4406 3183 4623 Laffraye: Niemand hat mich gehindert, Herr Wiedmts. Die Strassen
456 4578 1316 4739 hinaus sind frei.
60 4619 232 4787 Ma
232 4675 2850 4869 Vicanten: Sie waren wirklich in der Nähe des Schlosses?
1769 4821 2169 4929 namen
224 4840 2042 5075 Laffraye: Dm Schlosshof, Herr Vicente.
