3755 5844
637 577 3464 938 bin entschlossen jetzt einen geraden Weg zu gehn. Oeffnet sich
629 794 3355 1114 uns heut Nacht das Tor nicht, so wird es sich morgen öffnen.
297 950 1856 1175 Etzelt: Bist Du dessen sicher...
297 1134 3323 1487 Medardus: Fast so sicher, als dessen, dass die Stadt kapituliert.
305 1271 1183 1467 Etzelt: Medardus!
277 1419 3319 1696 Medardus: Oeffnet es sich nicht allen, so wird mir kein Mittel zu
617 1551 3367 1864 schurkisch und keines zu kühn sein, allein den Ausgang zu su-
613 1728 3371 2040 chen. Denn morgen soll Helene Hochzeit feiern mit dem Vicomte
613 1904 3339 2161 und ich will ihn fragen, ob es ihn gelüstet, die zur Frau zu
589 2028 2586 2273 nehmen, die meine Dirne war für eine Nacht.
253 2141 633 2357 Etzelt:
665 2169 3395 2473 Medardus! - Und du meinst noch immer - sie zu hassen?! Sol-
629 2353 3191 2646 che Erbärmlichkeit keint nicht aus Hass empor. Nur Liebe
577 2493 1704 2670 führt in solche Tiefen -
477 2614 649 2806 sir
766 2602 1644 2738 bürgerlichen Grondiern
902 2686 1339 2794 temps le
569 2698 3223 2979 Vier Gardisten tragen eine Bahre vorbei, auf der Bargetti
950 2854 1672 2966 der Arzt (Stadt)
557 2874 1880 3091 liegt; ein Heilgehilfe mit.)
216 3023 601 3203 Etzelt:
649 3039 1960 3243 Ein Verwundeter? Wer ist es?
413 3143 806 3259 Grenadik
241 3195 1948 3411 Ein Gardist: Der Hauptmann Bargetti.
216 3347 3444 3612 Medardus: Wie... (Geht zur Bahre hin, die indes, immer langsam, weiter
545 3556 2758 3748 getragen wird.) Herr Bergetti...Herr Hauptmann.
204 3680 3287 3901 Bargetti: Der Titel tut wohl nichts mehr zur Sache...! Wer spricht
537 3816 3223 4013 zu mir? Ah, Medardus Klaehr, Reichen Sie mir die Hand. (Zu
529 3929 3355 4201 den Garditten) Wohin tragt Ihr mich denn? Lässt es sich hier
529 4105 1684 4313 eben nicht auch sterben?
553 4225 742 4329 Art
184 4241 3311 4466 Der Heilgehliffe: Herr Hauptmann, wenn es ans Sterben ginge, könnten
505 4434 3231 4630 wir wohl hier bleiben. Aber Sie sollen gesund werden, darum
509 4582 3480 4859 begleit ich Sie ins Lazaret. Ich will die nicht daran finden
152 4666 3259 4911 Bargetti: Sie tun meld Ihre Pflicht. Gute Nacht, Medardus, grüssen
489 4855 3476 5139 Sie Ihre brave Mutter. (Man trägt ihn fort.) Ausvolen Auf
521 5015 994 5340 ev.
1559 5195 1888 5368 - 148 -
