4328 5496
1047 525 3895 806 und bewirbt sich um die Hand der Prinzessin. Und wir erwarten
1051 734 1468 943 Renault.
806 858 3839 1055 Assalagny: Politik ist meine Sache nicht. Ich bin der Arzt eines
1051 1007 3843 1247 blinden, kranken Mannes - betrachten Sie alles, was ich sage
1051 1167 3357 1404 und tue von diesem Standpunkt, meine Herren. (ab)
1817 1548 2796 1749 Desolteux. Caillard.
802 1753 3706 1978 Caillard: Ich weiss nicht sicher, ob Bonaparte Grund hatte, den
1043 1929 3895 2090 Herzog von Enghien zu fürchten...Das er ihn xxxx hat erschies-
1047 2066 3662 2294 sen lassen..., ist zweifellos... Werden Sie am Hofe des
1560 2190 1801 2294 Salv
1031 2258 2780 2415 Herzogs von Derry bleiben, Desoltsux?
818 2379 3955 2559 Desolteux (Ich habe vor siebzehn Jahren Frankreich
1043 2555 3907 2676 mit dem Herzog verlassen, da er noch ein Mann war und die Welt
1047 2708 3895 2872 im Lichte seiner stolzen Augen vor ihm blühte. Ich war der Ge-
1031 2828 3935 2976 fährte seiner Verzweifflungen und seiner Hoffnungen bis zum heu-
2832 2944 3394 3073 Amsterdam
1047 2980 3855 3141 tigen Tag. In Hamburg, in Kopenhagen, in Holland,..war ich an
1039 3149 3831 3313 seiner Seite. Ich habe seine Kinder ein Vaterland lieben ge-
1043 3273 3771 3442 lehrt, das sie und uns alle ausgestossen hat - Seit der un-
1023 3442 3939 3606 glückliche Sohn des hingerichteten Ludwig dahin ist, weiss ich,
1031 3570 3995 3767 dass keinem andern die Krone Frankreichs gebührt, als dem Herzog
2218 3702 2423 3839 mich
1183 3690 1464 3799 Valvi
1035 3722 3037 3935 von Berry - Und Sie fragen, ob ich bleibe?
718 3859 3943 4043 Caillard: Alles was bourbonisch denkt in Frankreich hält zum Bruder
1011 4067 3297 4232 des hingerichteten Königs... zum Grafen von Lille!
774 4192 3967 4340 Desolteux: Der Graf von Lille hat für mich jedes Recht auf die Krone
1015 4380 3851 4585 verwirkt, seit er gegen sein eigenes Vaterland die Waffen er-
995 4509 1396 4665 griff.
774 4605 3991 4882 Caillard: Er tat es doch..um zu seinem Recht zu gelangen, Desoltsuk!
2106 4946 2427 5110 — 75 -
