3683 5432
397 552 3152 726 alle, die einstmals mein gewesen sind. - Meines Gatten Grab
409 726 3076 897 ist der Hohn und - meiner Tochter Grab die Schande. Haben
397 878 3099 1101 Sie Dank, Assalagny - ich bin nun satt von Neuigkeiten für
409 1048 2210 1249 den Rest meiner Tage —  (Sie geht)
125 1146 1105 1415 Helene: Mutter! - -
1116 1385 1782 1597 Helene. Assa
1037 1525 1952 1733 Assalagny. Helene.
719 1631 3231 1809 eine Mutter?... Sie hat ihr Zimmer verlassen? Sie sprach
144 1797 3076 1994 Helene (auf Assalagny zu): Was haben Sie meiner Mutter er-
2815 1862 3114 2039 Docter
439 1956 776 2153 zählt?
159 2066 3171 2338 Assalagny: Der Herr Herzog glaubt die Stunde nah, in der man ihn
443 2244 3148 2444 nach Frankreich zurückberufen würde... Und er forderte die
439 2414 3095 2603 Herzogin auf, sich zur Reise zu rüsten... Ich war genötigt
458 2516 2879 2758 ... Aufklärungen zu ertheilen
163 2702 3171 2887 Helene: Und mich als Ihre Verbündete anzugeben
170 2864 3057 3031 Assalagny: Ich hatte allen Anlass - Sie dafür zu halten, Frau
1722 2951 2679 3065 in letzten ersentlung
458 3057 2736 3231 Marquise...Wollen Sie mich xxx Im Stiche lassen
2679 3027 2944 3197 G.C.F.P.
170 3171 3209 3379 Helene: Weil ich schwieg - Ihre Verbündete -? Ahnen Sie denn wirk¬
469 3330 3148 3515 lich nicht, Kurzsichtiger, warum ich meinen Vater von Ihren
469 3470 3046 3670 Lügen umwirbeln liess - ohne den Tanz zu stören -? Weil
2747 3553 2906 3644 G.C.F.P
3019 3489 3288 3648 Frau
450 3632 3243 3829 mich die Hoffnung nicht verliess - bis zu dieser Nacht nicht
477 3780 3379 3984 verliess, dass nach all den Neuigkeiten, die Sie erfanden, eine
477 3886 3243 4185 wahre kommen konnte, geschaffen all Ihre erlogenen zu recht-
469 4117 2808 4302 fertigen und wahr zu machen - gegen Ihren Willen -
2679 4117 3318 4310 ter Verbündeter
772 4223 1684 4329 (in waltende Mirats)
193 4223 3171 4484 Assalagny: Ist es möglichkeit und gestern Abend noch, Frau Mar-
2913 4310 3269 4416 sondern
465 4412 3156 4597 quise, versprachen Sie mir... den Kaiser um die Genehmigung
484 4578 3216 4783 zur Rückkehr des Herzogs nach Frankreich zu bitten...
185 4741 2403 4983 Helene: Und war gewillt mein Wort zu halten...
3001 4749 3288 4934 weiter
1143 4938 1631 5066 ter Assalage
