3771 5512
346 577 2107 852 Jolsdorf: Gute Nacht, Herr Hauptmann.
339 844 3361 1027 Eschenbacher: Nein, nicht Hauptmann - b端rgerlicher Sattlermeister
669 976 2756 1195 von Wien. - Gute nacht.. Doctor Solsdorf -
968 1071 1979 1215 beistes Erkententer
323 1127 3433 1366 Jolsdorf: Sagen sie das nicht. Auch jetzt wird man unserer noch be-
657 1286 1031 1434 d端rfen.
319 1362 3381 1701 Eschenbacher: Zum Polizeimann hab ich kein Talent. Gr端ss Sie Gott,
645 1585 1111 1764 Jolsdorf.
319 1724 3497 2031 Uralter Herr (der neben der Leiche des kleinen Greterl sitzt): Tot...
657 1884 1792 2099 tot... aha, weiss schon.
649 2043 2740 2298 (Die weisse Fahne erscheint 端ber den Burgtor.)
299 2238 3497 2449 Medardus: Die weisse Fahne... die weisse Fahne....Morgen, morgen!....
1716 5002 1955 5173 15 -
