3763 5512
2422 192 3447 366 Schnellt ein
805 290 3415 500 Aus dem trösten Wirbel seines zweckenden Worte.
812 457 3433 671 empor, desser jeneme Freichait une
787 551 2095 729 nicht verloren sein soll.
718 678 1283 863 auch auf dem
700 837 3292 1015 Die Stunde sei nicht versäumt! Medardus! Ich will nichts
696 972 3389 1196 als ihn. nur ihn... und nichts, als dass diese Stunde ihm ge-
671 1160 3284 1305 hört. Ich will nicht dran denken, dass in dieser Stunde
689 1276 3353 1494 der mir nichts bedeutet, auf gefährlichen Wegen nach einem
674 1428 3404 1617 gewissen Ziele irrt. Nicht dran denken, dass in dieser selben
671 1573 3371 1776 Stunde in einem nahen Schloss ein Gehasster schicksalsvoller
678 1704 3455 1921 Begegnung entgegenschläft. Nicht dran denken, dass dieser glück
682 1856 3422 2041 che Himmel über einem Grabe nachtet, darin mir ein töricht ge-
671 2026 3440 2215 storbener Bruder ruht. (Auf den Balkon) und Dich nicht
667 2179 3436 2356 hen, alter Mann, der Du von Deinem offenen Fenster die leeren
656 2309 3411 2494 Blicke hinabsenkst in ein unendliches Dunkel, das sich bis an
660 2447 3556 2672 die Grenzen Deiner Träume spannt. Will nicht wissen, dass hinter
678 2639 3455 2824 jenen vorhängen eine önselige vor mir schaudert, der ich, die
671 2795 3516 2936 ihrem Leib entspross, fremder ward als alle andern Wesen dieser
652 2918 3378 3136 Velt. Ich will nicht denken, dass ich die bin, die ich bin.
656 3052 3545 3273 Aus königlichem Blut und ohne Heimat, den Sinn nach lichten Zie-
660 3241 3422 3382 len drängend und dunkeln Zweifeln hingegeben. Den Duft dieses
631 3371 3549 3527 Gartens will ich atmen, eintrinken die Stille dieser Nacht, mei-
649 3524 3545 3701 ne Arme ausbreiten, meine Lippen öffnen, meinen Gürtel lösen für
656 3640 3451 3872 den Erwarteten, den geliebten. Medardus... Ich fühle dein Kom-
638 3817 3505 4067 men. Vergangenes und Künftiges schweigt! Stunde, ich halte Bich,
624 3988 3455 4172 und nur die stunde klingt und rauscht durch die Nacht, heilige
634 4107 3074 4339 Stunde, losgelöste, einsame in der Zeit, Du bist mein.
649 4422 1900 4712 (Die Tür öffnet sich. Medan
761 4662 2084 4876 (ihm entgegen): Medardus....
