<?xml version="1.0" encoding="UTF-8" standalone="yes"?>
<PcGts xmlns="http://schema.primaresearch.org/PAGE/gts/pagecontent/2013-07-15" xmlns:xsi="http://www.w3.org/2001/XMLSchema-instance" xsi:schemaLocation="http://schema.primaresearch.org/PAGE/gts/pagecontent/2013-07-15 http://schema.primaresearch.org/PAGE/gts/pagecontent/2013-07-15/pagecontent.xsd">
    <Metadata>
        <Creator>prov=READ-COOP:name=TrHtr:version=2.1.0:model_id=51170:date=15_08_2023_10:01</Creator>
        <Created>2023-05-10T15:11:41.358+02:00</Created>
        <LastChange>2023-08-15T10:01:45.010+02:00</LastChange>
        <TranskribusMetadata docId="1429033" pageId="55437040" pageNr="422" tsid="132846609" status="IN_PROGRESS" userId="64420" imgUrl="https://files.transkribus.eu/Get?id=PHHSPVAFGROJNKCGGBMZTFJQ&amp;fileType=view" xmlUrl="https://files.transkribus.eu/Get?id=URPMJIZIIHOAJXBUQWNGURVX" imageId="44711029"/>
    </Metadata>
    <Page imageFilename="1429033_0422.jpg" imageWidth="3707" imageHeight="5480">
        <ReadingOrder>
            <OrderedGroup id="ro_1711800918567" caption="Regions reading order">
                <RegionRefIndexed index="0" regionRef="tr_1"/>
                <RegionRefIndexed index="1" regionRef="tr_2"/>
            </OrderedGroup>
        </ReadingOrder>
        <TextRegion id="tr_1" custom="readingOrder {index:0;}">
            <Coords points="23,487 3527,487 3527,3472 23,3472"/>
            <TextLine id="tr_1_tl_1" custom="readingOrder {index:0;}">
                <Coords points="594,684 1684,543 3521,614 3454,460 2966,484 2742,374 1754,488 1420,378 822,480 594,409"/>
                <Baseline points="614,585 704,585 793,579 883,579 973,579 1062,579 1152,573 1241,567 1331,567 1420,555 1510,555 1599,549 1689,555 1778,549 1868,549 1957,549 2047,543 2137,543 2226,537 2316,543 2405,549 2495,549 2584,549 2674,555 2763,555 2853,561 2942,561 3032,567 3122,573 3211,573 3301,579 3390,579 3480,585 3527,590"/>
                <TextEquiv>
                    <Unicode>Unterbrenger Anlass meinem Wunsch nicht nachmögen</Unicode>
                </TextEquiv>
            </TextLine>
            <TextLine id="tr_1_tl_2" custom="readingOrder {index:1;}">
                <Coords points="0,700 102,692 122,716 386,590 421,582 445,602 492,437 378,393 189,445 83,378"/>
                <Baseline points="23,686 107,674 196,656 286,620 376,602 465,567"/>
                <TextEquiv>
                    <Unicode>Etselt.</Unicode>
                </TextEquiv>
            </TextLine>
            <TextLine id="tr_1_tl_3" custom="readingOrder {index:2;}">
                <Coords points="779,724 1865,732 1908,720 1908,566 1672,594 1326,555 1176,641 1046,594 779,594"/>
                <Baseline points="799,698 841,704 931,704 1020,704 1110,704 1199,704 1289,704 1378,704 1468,704 1558,704 1647,698 1737,704 1826,704 1916,692"/>
                <TextEquiv>
                    <Unicode>konnen, leedarsks.</Unicode>
                </TextEquiv>
            </TextLine>
            <TextLine id="tr_1_tl_4" custom="readingOrder {index:3;}">
                <Coords points="460,869 3316,861 3316,688 3230,665 2230,661 2053,743 460,681"/>
                <Baseline points="483,805 573,805 662,805 752,799 841,811 931,805 1020,805 1110,805 1199,805 1289,805 1378,805 1468,805 1558,805 1647,805 1737,805 1826,805 1916,805 2005,805 2095,805 2184,805 2274,805 2363,805 2453,811 2543,811 2632,811 2722,811 2811,817 2901,817 2990,817 3080,823 3169,823 3259,823 3325,823"/>
                <TextEquiv>
                    <Unicode>mit mir, Medardus. Es ist kein ersichtlicher Anlass mir das</Unicode>
                </TextEquiv>
            </TextLine>
            <TextLine id="tr_1_tl_5" custom="readingOrder {index:4;}">
                <Coords points="480,1039 641,1046 684,1011 747,1027 948,995 1039,1050 1145,991 1184,999 1184,830 1121,850 940,818 861,869 791,842 743,873 669,830 480,901"/>
                <Baseline points="501,967 567,961 656,961 746,955 835,961 925,961 1014,961 1104,961 1193,961"/>
                <TextEquiv>
                    <Unicode>zu verweigern.</Unicode>
                </TextEquiv>
            </TextLine>
            <TextLine id="tr_1_tl_6" custom="readingOrder {index:5;}">
                <Coords points="193,1149 3320,1196 3320,1023 3017,983 2643,1062 2215,956 193,995"/>
                <Baseline points="214,1128 304,1116 393,1110 483,1116 573,1110 662,1116 752,1110 841,1116 931,1116 1020,1116 1110,1116 1199,1116 1289,1116 1378,1122 1468,1122 1558,1122 1647,1122 1737,1122 1826,1122 1916,1122 2005,1122 2095,1122 2184,1122 2274,1122 2363,1122 2453,1122 2543,1122 2632,1122 2722,1122 2811,1122 2901,1122 2990,1122 3080,1122 3169,1122 3259,1122 3330,1128"/>
                <TextEquiv>
                    <Unicode>Medardus: Wenn es mir nun Spass machte, das Treiben hier anzusehn¬</Unicode>
                </TextEquiv>
            </TextLine>
            <TextLine id="tr_1_tl_7" custom="readingOrder {index:6;}">
                <Coords points="468,1349 3226,1294 3226,1192 2368,1153 468,1192"/>
                <Baseline points="489,1277 579,1277 668,1271 758,1271 847,1271 937,1271 1026,1271 1116,1271 1205,1271 1295,1271 1384,1271 1474,1277 1564,1277 1653,1277 1743,1277 1832,1277 1922,1271 2011,1277 2101,1277 2190,1277 2280,1277 2369,1277 2459,1277 2548,1277 2638,1277 2728,1277 2817,1277 2907,1277 2996,1277 3086,1277 3175,1277 3235,1277"/>
                <TextEquiv>
                    <Unicode>Auch ist heut Empfang im Schlesse vor der Revue. Wellen wir</Unicode>
                </TextEquiv>
            </TextLine>
            <TextLine id="tr_1_tl_8" custom="readingOrder {index:7;}">
                <Coords points="480,1483 3084,1499 3249,1448 3249,1306 2927,1377 2345,1302 480,1341"/>
                <Baseline points="501,1432 573,1432 662,1426 752,1426 841,1426 931,1426 1020,1426 1110,1426 1199,1426 1289,1426 1378,1426 1468,1426 1558,1426 1647,1432 1737,1432 1826,1432 1916,1432 2005,1432 2095,1432 2184,1432 2274,1426 2363,1426 2453,1432 2543,1432 2632,1432 2722,1432 2811,1432 2901,1432 2990,1432 3080,1432 3169,1426 3259,1426"/>
                <TextEquiv>
                    <Unicode>uns nicht die Gäste beträchten7. Man wird dergleichen nicht</Unicode>
                </TextEquiv>
            </TextLine>
            <TextLine id="tr_1_tl_9" custom="readingOrder {index:8;}">
                <Coords points="2301,1518 2321,1518 2329,1526 2348,1522 2356,1530 2376,1518 2388,1518 2404,1534 2431,1530 2443,1518 2463,1518 2463,1471 2411,1463 2368,1440 2352,1440 2333,1459 2301,1455"/>
                <Baseline points="2322,1510 2411,1510 2471,1510"/>
                <TextEquiv>
                    <Unicode>me</Unicode>
                </TextEquiv>
            </TextLine>
            <TextLine id="tr_1_tl_10" custom="readingOrder {index:9;}">
                <Coords points="484,1668 3355,1648 3355,1452 484,1534"/>
                <Baseline points="507,1581 596,1581 686,1581 776,1581 865,1581 955,1581 1044,1581 1134,1581 1223,1581 1313,1581 1402,1587 1492,1587 1581,1587 1671,1587 1761,1587 1850,1581 1940,1581 2029,1581 2119,1581 2208,1581 2298,1581 2387,1581 2477,1587 2566,1587 2656,1587 2745,1587 2835,1587 2925,1587 3014,1593 3104,1587 3193,1587 3283,1581 3366,1581"/>
                <TextEquiv>
                    <Unicode>oft mehr bewundern können. Der Friede scheint ja nahe sein.</Unicode>
                </TextEquiv>
            </TextLine>
            <TextLine id="tr_1_tl_11" custom="readingOrder {index:10;}">
                <Coords points="205,1833 3057,1754 3367,1861 3281,1636 205,1676"/>
                <Baseline points="226,1755 238,1743 328,1737 417,1737 507,1743 596,1743 686,1743 776,1737 865,1743 955,1743 1044,1743 1134,1737 1223,1737 1313,1743 1402,1743 1492,1737 1581,1743 1671,1743 1761,1743 1850,1737 1940,1737 2029,1737 2119,1737 2208,1737 2298,1737 2387,1737 2477,1737 2566,1743 2656,1743 2745,1743 2835,1743 2925,1743 3014,1743 3104,1737 3193,1737 3283,1737 3372,1737"/>
                <TextEquiv>
                    <Unicode>Etzelt: Medardus, mich führst Du nicht hinters Licht. Komm von hier</Unicode>
                </TextEquiv>
            </TextLine>
            <TextLine id="tr_1_tl_12" custom="readingOrder {index:11;}">
                <Coords points="460,1947 504,1924 563,1967 633,1935 700,1928 720,1912 779,1912 775,1802 736,1810 696,1794 614,1813 574,1794 527,1821 456,1817"/>
                <Baseline points="483,1898 573,1892 662,1898 752,1898 787,1904"/>
                <TextEquiv>
                    <Unicode>sert.</Unicode>
                </TextEquiv>
            </TextLine>
            <TextLine id="tr_1_tl_13" custom="readingOrder {index:12;}">
                <Coords points="193,2136 3127,2116 3171,1904 193,1947"/>
                <Baseline points="214,2047 304,2047 393,2047 483,2047 573,2053 662,2059 752,2053 841,2053 931,2053 1020,2047 1110,2047 1199,2047 1289,2047 1378,2047 1468,2047 1558,2047 1647,2047 1737,2047 1826,2047 1916,2053 2005,2047 2095,2047 2184,2047 2274,2047 2363,2047 2453,2047 2543,2047 2632,2047 2722,2047 2811,2047 2901,2047 2990,2047 3080,2047 3169,2047 3181,2047"/>
                <TextEquiv>
                    <Unicode>Medardus:  ge drehend! Und wenn ich mirs in den Kopf seiste....!</Unicode>
                </TextEquiv>
            </TextLine>
            <TextLine id="tr_1_tl_14" custom="readingOrder {index:13;}">
                <Coords points="2415,2160 2561,2124 2612,2140 2671,2120 2695,2120 2718,2144 2769,2132 2773,2061 2734,2053 2671,2073 2655,2057 2636,2069 2612,2053 2565,2077 2478,2057 2447,2081 2419,2069"/>
                <Baseline points="2441,2119 2513,2119 2602,2113 2692,2107 2781,2101"/>
                <TextEquiv>
                    <Unicode>Nedard</Unicode>
                </TextEquiv>
            </TextLine>
            <TextLine id="tr_1_tl_15" custom="readingOrder {index:14;}">
                <Coords points="205,2262 3068,2282 3178,2105 205,2124"/>
                <Baseline points="226,2208 232,2208 322,2208 411,2208 501,2208 590,2214 680,2214 770,2208 859,2214 949,2208 1038,2208 1128,2202 1217,2208 1307,2208 1396,2208 1486,2202 1575,2202 1665,2202 1755,2202 1844,2202 1934,2202 2023,2202 2113,2202 2202,2202 2292,2202 2381,2202 2471,2202 2560,2202 2650,2196 2740,2196 2829,2196 2919,2196 3008,2196 3098,2196 3187,2190"/>
                <TextEquiv>
                    <Unicode>Etzelt: Ich rühre mich nicht von Deiner Seite, (Bedeutungsvoll</Unicode>
                </TextEquiv>
            </TextLine>
            <TextLine id="tr_1_tl_16" custom="readingOrder {index:15;}">
                <Coords points="492,2423 3477,2443 3521,2144 3064,2289 496,2254"/>
                <Baseline points="513,2381 573,2369 662,2369 752,2369 841,2369 931,2363 1020,2363 1110,2357 1199,2363 1289,2363 1378,2357 1468,2357 1558,2357 1647,2357 1737,2357 1826,2357 1916,2357 2005,2357 2095,2357 2184,2363 2274,2357 2363,2357 2453,2357 2543,2357 2632,2357 2722,2351 2811,2351 2901,2351 2990,2351 3080,2351 3169,2346 3259,2346 3348,2328 3438,2310 3527,2310"/>
                <TextEquiv>
                    <Unicode>39 lang ich lebe, versteh mich wohl, Medardus, sellet du vor</Unicode>
                </TextEquiv>
            </TextLine>
            <TextLine id="tr_1_tl_17" custom="readingOrder {index:16;}">
                <Coords points="480,2549 2270,2561 2388,2529 2388,2415 1412,2380 976,2459 673,2388 480,2451"/>
                <Baseline points="501,2525 519,2525 608,2531 698,2525 787,2519 877,2519 967,2513 1056,2513 1146,2513 1235,2519 1325,2513 1414,2513 1504,2513 1593,2513 1683,2513 1772,2513 1862,2513 1952,2513 2041,2513 2131,2519 2220,2513 2310,2507 2399,2513"/>
                <TextEquiv>
                    <Unicode>der schlimmsten Fallheit bewahrt bleihen.</Unicode>
                </TextEquiv>
            </TextLine>
            <TextLine id="tr_1_tl_18" custom="readingOrder {index:17;}">
                <Coords points="2014,2581 2049,2600 2140,2588 2175,2608 2250,2600 2392,2628 2396,2537 2364,2525 2333,2541 2274,2522 2223,2545 2191,2522 2175,2533 2152,2525 2132,2545 2018,2525"/>
                <Baseline points="2035,2584 2047,2584 2137,2578 2226,2572 2316,2572 2405,2566"/>
                <TextEquiv>
                    <Unicode>mitend</Unicode>
                </TextEquiv>
            </TextLine>
            <TextLine id="tr_1_tl_19" custom="readingOrder {index:18;}">
                <Coords points="185,2754 3253,2702 3253,2549 3088,2514 2537,2533 2360,2640 1621,2533 1396,2616 185,2549"/>
                <Baseline points="208,2680 220,2680 310,2680 399,2680 489,2680 579,2680 668,2680 758,2680 847,2680 937,2680 1026,2674 1116,2674 1205,2674 1295,2674 1384,2674 1474,2674 1564,2674 1653,2674 1743,2674 1832,2674 1922,2668 2011,2674 2101,2674 2190,2668 2280,2668 2369,2674 2459,2668 2548,2668 2638,2668 2728,2668 2817,2662 2907,2662 2996,2662 3086,2662 3175,2662 3265,2668"/>
                <TextEquiv>
                    <Unicode>Medardus (immer ruhig): Und wenn ich wollte, was Du zu fürchten</Unicode>
                </TextEquiv>
            </TextLine>
            <TextLine id="tr_1_tl_20" custom="readingOrder {index:19;}">
                <Coords points="484,2848 3273,2887 3273,2695 484,2738"/>
                <Baseline points="507,2841 596,2835 686,2835 776,2835 865,2835 955,2841 1044,2835 1134,2835 1223,2835 1313,2835 1402,2829 1492,2829 1581,2829 1671,2823 1761,2823 1850,2823 1940,2823 2029,2823 2119,2823 2208,2823 2298,2823 2387,2823 2477,2823 2566,2823 2656,2817 2745,2817 2835,2817 2925,2811 3014,2817 3104,2811 3193,2811 3283,2817"/>
                <TextEquiv>
                    <Unicode>scheinst, guter Etzelt, meinst Du wirklich irgend ein Mensch</Unicode>
                </TextEquiv>
            </TextLine>
            <TextLine id="tr_1_tl_21" custom="readingOrder {index:20;}">
                <Coords points="1762,2919 1798,2919 1806,2927 1829,2907 1853,2923 1869,2911 1924,2911 1931,2903 2018,2907 2018,2868 1998,2868 1987,2852 1971,2860 1959,2844 1943,2852 1931,2840 1896,2856 1869,2828 1833,2832 1806,2856 1762,2868"/>
                <Baseline points="1784,2901 1850,2901 1940,2895 2029,2895"/>
                <TextEquiv>
                    <Unicode>daran</Unicode>
                </TextEquiv>
            </TextLine>
            <TextLine id="tr_1_tl_22" custom="readingOrder {index:21;}">
                <Coords points="484,3037 2958,3017 3218,2974 3218,2887 822,2856 488,2931"/>
                <Baseline points="507,2990 543,2990 632,2990 722,2990 811,2990 901,2990 990,2990 1080,2990 1170,2984 1259,2984 1349,2978 1438,2978 1528,2978 1617,2978 1707,2978 1796,2978 1886,2978 1975,2978 2065,2978 2154,2972 2244,2972 2334,2972 2423,2972 2513,2972 2602,2972 2692,2972 2781,2966 2871,2966 2960,2972 3050,2966 3139,2966 3229,2966"/>
                <TextEquiv>
                    <Unicode>und nun gar könnte mich/hindern? - Aber ich will nichts</Unicode>
                </TextEquiv>
            </TextLine>
            <TextLine id="tr_1_tl_23" custom="readingOrder {index:22;}">
                <Coords points="1656,3084 3352,3080 3481,3068 3485,2927 3371,2891 3241,2998 2962,3013 1660,2990"/>
                <Baseline points="1677,3068 1701,3068 1790,3062 1880,3062 1969,3056 2059,3056 2149,3050 2238,3050 2328,3050 2417,3050 2507,3038 2596,3038 2686,3038 2775,3038 2865,3038 2954,3044 3044,3044 3133,3038 3223,3044 3313,3038 3402,3032 3492,3032"/>
                <TextEquiv>
                    <Unicode>This weine Hand.th it du min zufrieden</Unicode>
                </TextEquiv>
            </TextLine>
            <TextLine id="tr_1_tl_24" custom="readingOrder {index:23;}">
                <Coords points="940,3092 1168,3060 1212,3068 1306,3045 1345,3057 1349,3013 1290,3001 1275,3017 1227,2994 1192,3029 1153,3001 1109,3021 1062,3001 1027,3013 948,3001"/>
                <Baseline points="961,3080 996,3074 1086,3068 1175,3056 1265,3044 1355,3050"/>
                <TextEquiv>
                    <Unicode>schm lavg</Unicode>
                </TextEquiv>
            </TextLine>
            <TextLine id="tr_1_tl_25" custom="readingOrder {index:24;}">
                <Coords points="480,3178 3159,3178 3135,3049 480,3037"/>
                <Baseline points="501,3157 573,3145 662,3145 752,3145 841,3139 931,3151 1020,3145 1110,3145 1199,3139 1289,3139 1378,3133 1468,3133 1558,3133 1647,3133 1737,3133 1826,3133 1916,3133 2005,3133 2095,3133 2184,3128 2274,3128 2363,3128 2453,3128 2543,3128 2632,3122 2722,3122 2811,3122 2901,3122 2990,3116 3080,3116 3169,3098"/>
                <TextEquiv>
                    <Unicode>Ich will gar nichts mehr. Glaub mirs, oder glaub nicht</Unicode>
                </TextEquiv>
            </TextLine>
            <TextLine id="tr_1_tl_26" custom="readingOrder {index:25;}">
                <Coords points="488,3340 3155,3316 3155,3186 2868,3139 2765,3222 492,3198"/>
                <Baseline points="513,3307 567,3307 656,3307 746,3301 835,3301 925,3301 1014,3301 1104,3301 1193,3295 1283,3295 1372,3295 1462,3295 1552,3289 1641,3289 1731,3295 1820,3289 1910,3289 1999,3283 2089,3283 2178,3283 2268,3283 2357,3283 2447,3283 2537,3283 2626,3283 2716,3283 2805,3283 2895,3283 2984,3277 3074,3277 3163,3271"/>
                <TextEquiv>
                    <Unicode>Ich habe Dich nicht gesucht, um Dir Aufschlüsse zu geben.</Unicode>
                </TextEquiv>
            </TextLine>
            <TextLine id="tr_1_tl_27" custom="readingOrder {index:26;}">
                <Coords points="468,3474 2793,3501 3281,3446 3281,3312 1514,3383 1259,3312 468,3411"/>
                <Baseline points="489,3462 513,3462 602,3462 692,3456 782,3456 871,3462 961,3456 1050,3456 1140,3456 1229,3462 1319,3456 1408,3450 1498,3450 1587,3450 1677,3444 1766,3444 1856,3444 1946,3444 2035,3438 2125,3444 2214,3444 2304,3438 2393,3432 2483,3432 2572,3432 2662,3432 2751,3438 2841,3438 2931,3432 3020,3438 3110,3438 3199,3432 3289,3432"/>
                <TextEquiv>
                    <Unicode>Aber wahrhaftig, Du tust mir beinah leid mit Deiner Berge..!</Unicode>
                </TextEquiv>
            </TextLine>
        </TextRegion>
        <TextRegion id="tr_2" custom="readingOrder {index:1;}">
            <Coords points="214,3531 3563,3531 3563,5060 214,5060"/>
            <TextLine id="tr_2_tl_1" custom="readingOrder {index:0;}">
                <Coords points="193,3674 3068,3651 3296,3619 3300,3446 193,3533"/>
                <Baseline points="214,3629 262,3623 352,3617 441,3617 531,3611 620,3617 710,3611 799,3611 889,3611 978,3611 1068,3611 1158,3611 1247,3611 1337,3605 1426,3605 1516,3599 1605,3599 1695,3599 1784,3599 1874,3593 1963,3593 2053,3593 2143,3593 2232,3593 2322,3593 2411,3587 2501,3587 2590,3587 2680,3587 2769,3587 2859,3587 2948,3587 3038,3581 3128,3587 3217,3581 3307,3581"/>
                <TextEquiv>
                    <Unicode>Etzelt: Ist das wahr, - so komm mit mir zu Deiner Mutter heim, um</Unicode>
                </TextEquiv>
            </TextLine>
            <TextLine id="tr_2_tl_2" custom="readingOrder {index:1;}">
                <Coords points="496,3812 3446,3745 3446,3619 3182,3592 500,3654"/>
                <Baseline points="519,3772 585,3772 674,3772 764,3766 853,3766 943,3766 1032,3766 1122,3760 1211,3760 1301,3760 1390,3754 1480,3748 1569,3742 1659,3736 1749,3730 1838,3730 1928,3724 2017,3718 2107,3724 2196,3718 2286,3724 2375,3718 2465,3718 2554,3718 2644,3713 2734,3718 2823,3718 2913,3713 3002,3713 3092,3713 3181,3713 3271,3713 3360,3718 3450,3718"/>
                <TextEquiv>
                    <Unicode>au beruhigem eine schwere Torge von ihr zu nehmen</Unicode>
                </TextEquiv>
            </TextLine>
            <TextLine id="tr_2_tl_3" custom="readingOrder {index:2;}">
                <Coords points="193,4020 3123,3894 3100,3749 2647,3831 1574,3769 1334,3859 197,3765"/>
                <Baseline points="220,3927 262,3933 352,3927 441,3927 531,3927 620,3933 710,3933 799,3927 889,3927 978,3927 1068,3921 1158,3921 1247,3921 1337,3915 1426,3915 1516,3910 1605,3910 1695,3910 1784,3910 1874,3910 1963,3904 2053,3904 2143,3904 2232,3904 2322,3904 2411,3904 2501,3898 2590,3892 2680,3898 2769,3892 2859,3892 2948,3892 3038,3886 3128,3880"/>
                <TextEquiv>
                    <Unicode>Madardus: Meine-Mutter beruhigen? Lehr Du mich meine Mutter kei-</Unicode>
                </TextEquiv>
            </TextLine>
            <TextLine id="tr_2_tl_4" custom="readingOrder {index:3;}">
                <Coords points="2498,4008 3131,3953 3367,4075 3548,4067 3552,3847 2970,3922 2502,3914"/>
                <Baseline points="2525,3975 2614,3969 2704,3969 2793,3969 2883,3963 2972,3963 3062,3957 3151,3951 3241,3951 3330,3957 3420,3963 3510,3969 3563,3975"/>
                <TextEquiv>
                    <Unicode>heute zu fürden glaubt.</Unicode>
                </TextEquiv>
            </TextLine>
            <TextLine id="tr_2_tl_5" custom="readingOrder {index:4;}">
                <Coords points="1570,3997 1633,4001 1648,4012 1660,4001 1672,4008 1684,3997 1747,3993 1790,4028 1861,4036 1865,3906 1825,3906 1790,3942 1766,3942 1731,3918 1692,3938 1574,3926"/>
                <Baseline points="1593,3993 1599,3993 1689,3987 1778,3987 1868,3987"/>
                <TextEquiv>
                    <Unicode>schaft</Unicode>
                </TextEquiv>
            </TextLine>
            <TextLine id="tr_2_tl_6" custom="readingOrder {index:5;}">
                <Coords points="468,4115 3186,4130 3214,3961 2329,3989 2030,3910 1813,4024 696,3953 472,4024"/>
                <Baseline points="495,4083 537,4083 626,4083 716,4083 805,4083 895,4083 984,4083 1074,4077 1164,4077 1253,4071 1343,4077 1432,4071 1522,4065 1611,4071 1701,4065 1790,4059 1880,4059 1969,4059 2059,4059 2149,4065 2238,4059 2328,4053 2417,4053 2507,4053 2596,4047 2686,4047 2775,4047 2865,4047 2954,4047 3044,4047 3133,4047 3223,4065"/>
                <TextEquiv>
                    <Unicode>nen. Dass sie vergeblich fürchtete, was sie förehtet wird.</Unicode>
                </TextEquiv>
            </TextLine>
            <TextLine id="tr_2_tl_7" custom="readingOrder {index:6;}">
                <Coords points="472,4307 2156,4209 2714,4288 2927,4197 3226,4233 3230,4119 472,4158"/>
                <Baseline points="495,4244 549,4244 638,4244 728,4238 817,4238 907,4232 996,4232 1086,4232 1175,4232 1265,4232 1355,4232 1444,4232 1534,4226 1623,4226 1713,4220 1802,4220 1892,4214 1981,4208 2071,4214 2160,4208 2250,4208 2340,4208 2429,4208 2519,4208 2608,4208 2698,4208 2787,4202 2877,4196 2966,4196 3056,4196 3145,4196 3235,4202"/>
                <TextEquiv>
                    <Unicode>ihr an wehesten tun. Das ich nicht der bin, den sie in wir</Unicode>
                </TextEquiv>
            </TextLine>
            <TextLine id="tr_2_tl_8" custom="readingOrder {index:7;}">
                <Coords points="1711,4323 1876,4288 2065,4300 2152,4284 2156,4221 2049,4237 1959,4217 1920,4237 1880,4209 1821,4245 1810,4229 1778,4241 1770,4229 1719,4233"/>
                <Baseline points="1737,4298 1802,4298 1892,4286 1981,4280 2071,4280 2160,4280"/>
                <TextEquiv>
                    <Unicode>es Lebens</Unicode>
                </TextEquiv>
            </TextLine>
            <TextLine id="tr_2_tl_9" custom="readingOrder {index:8;}">
                <Coords points="496,4437 3300,4398 3332,4233 496,4323"/>
                <Baseline points="519,4399 561,4399 650,4399 740,4399 829,4399 919,4399 1008,4399 1098,4393 1187,4387 1277,4387 1367,4381 1456,4381 1546,4375 1635,4375 1725,4375 1814,4369 1904,4369 1993,4369 2083,4369 2172,4363 2262,4363 2351,4357 2441,4357 2531,4363 2620,4357 2710,4357 2799,4357 2889,4351 2978,4351 3068,4351 3157,4351 3247,4357 3336,4363"/>
                <TextEquiv>
                    <Unicode>zu sehen glaubte, wird Ihr tiefster Schmerz sein. bleiben</Unicode>
                </TextEquiv>
            </TextLine>
            <TextLine id="tr_2_tl_10" custom="readingOrder {index:9;}">
                <Coords points="1164,4469 2116,4461 2116,4394 2077,4378 1987,4410 1916,4378 1727,4418 1593,4386 1534,4418 1455,4390 1389,4410 1361,4382 1282,4425 1168,4410"/>
                <Baseline points="1187,4465 1229,4465 1319,4465 1408,4459 1498,4453 1587,4453 1677,4447 1766,4447 1856,4441 1946,4447 2035,4441 2125,4435"/>
                <TextEquiv>
                    <Unicode>Aus ihrem eigen Grund</Unicode>
                </TextEquiv>
            </TextLine>
            <TextLine id="tr_2_tl_11" custom="readingOrder {index:10;}">
                <Coords points="382,4606 2777,4508 3324,4579 3391,4378 386,4469"/>
                <Baseline points="405,4554 447,4554 537,4554 626,4560 716,4554 805,4554 895,4554 984,4548 1074,4548 1164,4548 1253,4548 1343,4542 1432,4536 1522,4536 1611,4536 1701,4530 1790,4524 1880,4524 1969,4524 2059,4518 2149,4518 2238,4512 2328,4512 2417,4512 2507,4512 2596,4512 2686,4506 2775,4506 2865,4506 2954,4506 3044,4506 3133,4506 3223,4512 3313,4512 3402,4506"/>
                <TextEquiv>
                    <Unicode>elt: Du irrst. Ich weiss es, dass manche Worte, die ihr in ihrer</Unicode>
                </TextEquiv>
            </TextLine>
            <TextLine id="tr_2_tl_12" custom="readingOrder {index:11;}">
                <Coords points="2451,4599 2565,4606 2636,4591 2651,4606 2824,4587 2856,4602 2891,4587 2895,4540 2840,4540 2789,4500 2754,4524 2710,4516 2683,4543 2451,4540"/>
                <Baseline points="2471,4584 2543,4590 2632,4578 2722,4578 2811,4572 2901,4578"/>
                <TextEquiv>
                    <Unicode> O’Möller</Unicode>
                </TextEquiv>
            </TextLine>
            <TextLine id="tr_2_tl_13" custom="readingOrder {index:12;}">
                <Coords points="1758,4630 1790,4638 1833,4610 1872,4622 1892,4606 1916,4618 1963,4606 2002,4610 2006,4536 1955,4543 1916,4536 1884,4559 1845,4536 1821,4547 1762,4540"/>
                <Baseline points="1784,4602 1838,4602 1928,4602 2017,4590"/>
                <TextEquiv>
                    <Unicode>neut</Unicode>
                </TextEquiv>
            </TextLine>
            <TextLine id="tr_2_tl_14" custom="readingOrder {index:13;}">
                <Coords points="456,4740 3407,4713 3407,4579 3281,4555 460,4646"/>
                <Baseline points="483,4715 549,4709 638,4709 728,4709 817,4709 907,4709 996,4703 1086,4703 1175,4697 1265,4697 1355,4697 1444,4697 1534,4692 1623,4692 1713,4692 1802,4692 1892,4692 1981,4686 2071,4686 2160,4680 2250,4674 2340,4668 2429,4668 2519,4674 2608,4668 2698,4668 2787,4668 2877,4662 2966,4662 3056,4662 3145,4662 3235,4662 3325,4662 3414,4674"/>
                <TextEquiv>
                    <Unicode>Bitterkeit entfahren sind, sie reuen. Und am meisten reute sie,</Unicode>
                </TextEquiv>
            </TextLine>
            <TextLine id="tr_2_tl_15" custom="readingOrder {index:14;}">
                <Coords points="2246,4870 2313,4898 2404,4850 2982,4823 3155,4878 3332,4827 3336,4713 3206,4677 2978,4720 2746,4689 2604,4732 2254,4685"/>
                <Baseline points="2268,4859 2357,4847 2447,4841 2537,4835 2626,4829 2716,4823 2805,4823 2895,4823 2984,4817 3074,4817 3163,4811 3253,4817 3342,4811"/>
                <TextEquiv>
                    <Unicode>Das ists, Elvelt!</Unicode>
                </TextEquiv>
            </TextLine>
            <TextLine id="tr_2_tl_16" custom="readingOrder {index:15;}">
                <Coords points="484,4925 610,4894 755,4957 897,4882 1066,4909 1184,4862 1955,4901 1990,4756 1558,4764 1463,4717 818,4787 677,4728 488,4744"/>
                <Baseline points="507,4865 567,4871 656,4871 746,4871 835,4871 925,4865 1014,4865 1104,4859 1193,4859 1283,4853 1372,4853 1462,4853 1552,4853 1641,4847 1731,4841 1820,4841 1910,4835 1999,4835"/>
                <TextEquiv>
                    <Unicode>dass sie sie vor Dir gesprochen.</Unicode>
                </TextEquiv>
            </TextLine>
            <TextLine id="tr_2_tl_17" custom="readingOrder {index:16;}">
                <Coords points="197,5106 1129,5027 2840,5078 2915,4839 1684,4941 1188,4862 932,4968 201,4870"/>
                <Baseline points="220,5044 232,5050 322,5044 411,5044 501,5038 590,5038 680,5038 770,5038 859,5032 949,5026 1038,5026 1128,5020 1217,5020 1307,5014 1396,5014 1486,5014 1575,5014 1665,5008 1755,5002 1844,5002 1934,4996 2023,4996 2113,4990 2202,4990 2292,4996 2381,4990 2471,4984 2560,4978 2650,4978 2740,4972 2829,4972 2919,4966"/>
                <TextEquiv>
                    <Unicode>Medardus: Der nicht wert war, sie zu hören. O, lehr mich</Unicode>
                </TextEquiv>
            </TextLine>
        </TextRegion>
    </Page>
</PcGts>
