3576 5480
342 612 3175 834 Eschenbacher würde keineswegs straflos ausgehn oder auch nur
367 818 3271 1007 eine mildere Strafe erleiden, wenn diese Landkarten sich nicht
359 995 3219 1237 als sein Eigentum herausstellten. Herr Eschenbacher, ich
359 1132 681 1309 bitte.
93 1188 3146 1487 Eschenbacher: Und meine Gesellen haben Sie auch eingesperrt! Die
359 1446 1027 1632 armen Teufel!
93 1511 3328 1833 Leustnant: Man. musste sie vorläufig in Haft nehmen, umsomehr als Sie
379 1765 2449 1906 abwesend waren, Herr Eschenbacher. Vorwärts.
383 1833 3308 2087 (Die beiden Soldaten haben Eschenbacher in die Mitte genommen.
359 2055 1849 2220 Bewegen sich mit ihm zur Türe.
93 2143 3122 2369 Medardus: Herr Leutnant, Sie müssen mich verhaften, es ist Ihre
371 2341 3098 2510 Pflicht. Ich bin ein Deserteur der österreichischen Armee.
97 2486 3263 2719 Leutnant: Das heisst, Sie sind ein Gefangener der wie so viele hier
367 2659 3231 2820 frei herumgeht und auf eigene Kosten lebt. Ueberdies sind Sie
379 2776 3146 3018 unbewaffnet. Ich habe keinen Anlass von Ihrer Selbstanzeige
359 2945 1164 3150 Notiz zu nehmen.
85 3030 2115 3304 Medardus Her Leutnant, Ihr Kaiser ist....
105 3239 3110 3441 Leutnant: Keine Torheit, Herr Klaehr. Sie sind der einzige Sohn
379 3388 3155 3598 Ihrer Mutter, zwingen Sie mich zu nichts, was Sie zu bereun
367 3594 725 3727 hätten.
2796 3598 3022 3791 Sie
97 3706 3279 3916 Frau Klaehr: Und Sie, Herr Leutnant, selbst ein Deutscher, geben zu
383 3860 3183 4081 solchem Polizeidinnst sich her. Ja,. apoléon weiss nach Ver-
371 4025 1334 4226 dienst zu behandeln.
97 4162 3155 4371 Eschenbacher: Schwester, der Herr Leutnant tut seine Pflicht. Er
379 4291 3175 4500 tut nichts andres, als wir alle tun. Und Deine Medardus, ist
371 4440 3203 4726 es, Deiner Mutter zur Seite zu stehn. Lebt wohl. (Ab mit Len
355 4633 1301 4871 nant und soldaten.)
1495 4911 1761 5213 206
