3739 5592
2216 622 3339 861 I die Niele hiert
540 763 3406 1030 Frau Klaehr, Anna, Etzelt (kommen) unten an das Ter. Sie tra-
536 916 2498 1135 gen Handkörbe mit Esswaren und Flaschen.)
1288 1096 2647 1308 (Begrüssung mit Eschenbacher.)
262 1225 2443 1437 Frau Klaehr: Was war denn das für ein Auflauf?
266 1386 3328 1609 Eschenbacher: Ein Parlamentär vom Marschall Lannes ist an den Erz-
525 1550 3371 1758 herzog abgegangen... Wahrscheinlich Aufforderung zur Uebergabe.
235 1691 1879 1867 Frau Klaehr: Was denkst Du, Jakob?
239 1871 3199 2051 Eschenbacher: Wenn die Armee heute Abend oder spätestens morgen
529 1997 2823 2173 früh nicht da ist, so kann sich Wien nicht halten.
247 2134 2361 2314 Frau Klaehr: Und die Hillerschen Regimenter?
247 2306 3390 2549 Eschenbacher: Mit den paar tausend Mann ist uns wenig geholfen.
247 2447 3265 2686 Frau Kluehr: Und besteht noch eine Möglichkeit, dass der Erzherzog
521 2600 1950 2795 Karl zur rechten Zeit da wär -?
235 2764 3202 2960 Eschenbacher: Wenn eine solche Möglichkeit vorhanden wäre, hätten
517 2885 2725 3109 die Franzosen längst zu bombardieren angefangen.
227 3050 2091 3226 Frau Klaehr: Was soll man hun wünschen?
219 3191 3246 3390 Eschenbacher: Dass Menschen nicht nutzlos hingeopfert werden! das
517 3402 2811 3555 ist das einzige, was uns zu wünschen übrig bleibt.
211 3520 2486 3680 Frau Klaehr: Nutzlos... wer kann das vorhersagen?
1907 3668 2138 3770 and
215 3653 2607 3856 Eschenbacher: Franziska... Du bleibst immer die Alte.
204 3829 3339 4036 Frau Klaehr: Was wär man denn ohne Hoffnung? Ich will sie mir nicht
493 3970 1891 4216 nehmen lassen. Es gibt Wunder.
200 4130 3269 4326 Eschenbacher: Weisst Du, dass sich der Medardus unter den Freiwil-
478 4283 3234 4471 ligen befindet7, die sich für den allerdings unwahrscheinli-
485 4451 3230 4643 chen Fall gemeldet haben, dass ein Ausfall anbefohlen werden
478 4631 865 4792 sollte?
180 4776 1120 4941 Anna: Der Medardus?
184 4909 1143 5133 Etzelt: Wahrhaftig?
