4328 5512
2936 150 3875 474 9 Uhr früh
821 604 3788 809 Medardus (der sich erhoben hat): Nehmen Sie diese Blumen fort,
1046 742 3990 963 Prinzessin. Hier ruht nicht Ihr Bruder allein. Auch eine, deren
1058 908 3978 1058 anne Seele den Duft dieser Blumen wie den letzten und fürchter-
1062 998 3942 1251 lichsten Hohn in sich tränke, - meine Schwester ruht in diesem
1065 1239 1373 1417 Grabe.
1685 1227 1894 1393 an
841 1279 3859 1543 Helene (sieht ihn) dann zu Nerina): Die wohl um einiges sanfter
1062 1480 3717 1701 war, wenn sie meinem Bruder so wohl gefiel. Komm, Nerina.
848 1693 3169 1847 Medardus: Die Blumen fort, oder ich zertrete sie.
833 1760 3706 2001 Helene (nimmt sie auf): Wahrhaftig, dies wäre ein zu gemeines
1069 1953 1578 2123 Schicksal.
841 2036 3891 2261 Medardus: Nun s ind sie einem würdigeren aufbewahrt, - zu verwel-
3457 2174 3867 2293 Valois
1077 2230 3761 2399 ken in den hochmütig mörderischen Fingern einer von Berry.
1089 2376 1397 2462 adver
2024 2360 2285 2451 Valnt
848 2399 3958 2589 Der Wiechte Bertrand von Barry (etwa dreissig., sehr elegant, kommt
1089 2557 3954 2715 rasch): Ich dachte Sie hier zu finden, Prinzessin. Doch nicht
1093 2711 2084 2877 allein, wie ich sehe.
841 2782 2498 3058 Medardus: Ich bin Medardus Klaehr.
852 2975 3871 3196 Helene: Es ist der Bruder des Mädchens, das François mit sich in
1081 3137 3812 3315 den Tod nahm und 14/4 verbot mir Blumen auf das Grab zu legen.
2478 3244 3248 3362 marque salin.
852 3327 3958 3508 Bertrand: Mein Name ist Bertrand Vigamte von
1069 3477 3907 3591 Sie eine Waffe tragen, mein Herr. Wenn es Ihnen of recht ist,
1081 3615 3962 3761 werde ich so frei sein, Sie von jetzt in drei Stunden, das ist
1089 3717 3950 3942 genau um die Mittagsstunde, in der Penzinger Au bei dem Forst-
1069 3903 1918 4104 haus zu erwarten.
848 4025 2865 4246 Medardus: Ich werde zur Stelle sein. (ab)
868 4215 2960 4404 Helene: Er verdient, dass Sie ihn züchtigen.
868 4313 4033 4534 Bertrand: Sie werden mir das nähere erzählen, Prinzessin. Zuerst
1093 4530 3824 4649 aber sollen Sie eine Nachricht von höchster Wichtigkeit er-
1073 4629 3792 4854 fahren. Dieses Billet kündigt mir die Ankunft Renaulte an.
2245 4830 2502 5106 -es
