4344 5544
1065 514 3634 763 Feind gefallen ist? Das macht die Sache nur schlimmer.
795 697 4042 930 Frau Klaehr: Medardus hat recht. Beim Himmel, ich hätte es eher ver-
1093 893 3883 1028 schmerzt, wenn meinem armen Thomas ein ehrlicher Sodatentod
1089 1032 3985 1199 wäre beschieden gewesen draussen im Feld. Aber aufs Glacis be-
1101 1134 4038 1354 ordert werden, mit der ganzen Bürgergarde, - Du warst ja dabei,
1089 1305 4001 1485 Bruder, und hast Dirs auch gefallen lassen - um den Kaiser Na-
1077 1448 4083 1652 poleon zu erwarten und vor ihm zu paradieren, vergeblich warten,
1093 1623 3891 1815 wie Lakaien, und dastehn im Schneesturm von sieben Abends bis
1081 1746 3956 1974 Mitternacht, dann nach Hause geschickt werden und sich hinle-
1093 1933 3920 2137 gen und an einem Fieber sterben nach drei Tagen, das ist ein
1101 2088 2508 2280 erbärmlicher und dummer Tod.
804 2207 3883 2455 Eschenbacher: Nur die Frage, ob es viele kluge Tode gibt, solang
1089 2390 4062 2561 man noch was gescheiftes zu tun hätt auf der Welt, oder auch nur
1101 2557 2443 2708 sich seines Lebens zu freun.
1782 2659 3561 2920 (Das Dienstmädchen bringt das Essen.)
808 2843 2219 3059 Agathe: So, das Essen wär da,
795 2977 3936 3210 Frau Kaehr: Setz Dich zu uns, Bruder, und mach kein Gesicht als
1101 3177 3565 3373 wolltest Du unsrer spotten, pu verstehst es ja doch.
820 3320 3345 3483 Medardus: Ist mein Tornister gepackt und der Koffer?
812 3442 2056 3679 Agathe: Alles in Ordnung.
820 3618 2990 3801 Frau Klaehr: Du bist wohl versorgt, Medardus.
804 3728 4022 4013 Medarius: Ich glaubs xxx, Mutter. (Nimmt ihre Hand und küsst sie)
1807 3899 3300 4111 (Sie sitzen alle um den Tisch.)
820 4005 4099 4266 Eschenbacher: Ja, dass ich nicht vergesse. Auch ich habe mir erlaubt,
1093 4234 4005 4421 Dir für die Reise etwas mitzubringen. Hier ein Päckchen Tabak.
1069 4413 3952 4593 Es ist eine gute Sorte. Du wirst in Paris keinen bessern zu
1081 4544 1897 4719 rauchen kriegen.
808 4658 3997 4923 Medardus: Ich dank Bir, Oheim. Wo nur der Etzelt bleibt? Ich sprach
2113 4915 2394 5172 18 -
