4136 5448
898 655 3550 864 ernannte. Es wäre eine Scherzfrage, was weniger wert ist.
682 829 3782 1006 Herzog: Wenn es darauf ankäme - Seine Truppen sind auch in Spanien
902 968 2672 1164 siegreich, das bleibt das wesentliche.
682 1041 3770 1357 Renault: Auf offenem Felde, Herzog und unter Opfern, die ungeheuer
1168 1234 1446 1345 Aber
887 1284 3759 1457 sind. Neben diesem grossen, sozusagen offiziellen Krieg, neben
891 1415 3789 1604 diesen Schlachten und Belagerungen, gibt es auch einen kleinen,
891 1577 3886 1731 in Engpässen, auf verlorenen Strassen, in kleinen Dörfern - mit
887 1708 3624 1885 Ueberfälle aus dem Hinterhalt und dergleichen, der alles zu
3065 1866 3350 1970 henk
887 1893 3701 2082 nichte macht, was im Feld gewonnen wird. Es ist so weit, dass
875 2032 3728 2220 kein Franzose in Spanien es wagt sein Haupt zur Ruhe zu legen,
887 2190 3743 2379 wenn nicht zwei andre vor der Türe wache halten. Ungeheuer ist
887 2352 3658 2521 der Hass gegen Bonaparte im Lande. Sie fühlen, dass man kein
852 2502 3562 2664 Kriegsrecht halten muss gegen einen, vor dessen Willkür und
867 2625 3547 2787 Tücke keinerlei Gesetze gelten.) Die Welt wird ein Beispiel
867 2756 3789 2957 sehn, dass ein zweifellos grosser Feldherr allmählich an seinen
860 2891 3639 3103 Siegen verblutet. Spanien ist das Grab von Bonapartes Glück,
875 3107 3766 3242 es kann auch noch das seines Ruhmes werden - und vielleicht hat
856 3246 3550 3392 er es selbst/nur so rasch verlassen, weil er fürchtet sich
3223 3323 3843 3477 in dies are to
840 3392 3732 3577 persönlich seinem Ruhm und seinem Glücke zur Seite htneinlegen
844 3504 1353 3697 zu müssen.
613 3655 1924 3867 Herzog: Hier lächelt Einer!
613 3843 3581 4001 Caillard: Ich war es, Herr Herzog. Ich stage zu finden, dass uns
821 4005 3662 4179 Herr Renault mit all seinem Geist für den Mangel an Tatsachen
821 4109 3061 4329 auf die Dauer nicht (schadlos wird halten können.
605 4291 3574 4560 Herzog: Caillard, Sie haben keine besondere Zuneigung für Herrn
817 4395 1218 4599 Renault.
590 4537 2459 4772 Caillard: Das ist die Wahrheit, Herzog.
571 4715 3651 4958 Herzog: Caillard, Sie haben in diesem Hause niemals einena andern
2020 5081 2205 5270 79
