3699 5576
787 440 3439 780 sie sagen es, Frau Marpun, und ich glaube Unan¬
208 691 3254 919 Desolteux: Ich glaube nicht, dass sie die Gelöste Nepeleur sind.
633 787 1119 911 50 weile
2038 841 2841 957 die letzte Valer
440 841 3227 1081 Aber Er ist, der er ist — Sie, Frau Vicomtasse, die, 4te Sie
714 946 1598 1069 oder isher wir
2096 1011 2285 1096 am
432 1038 3312 1220 sind, und so ist es im Himmel oder in der Hölle gewollt - dass
432 1135 1702 1332 sie ihn leben anbeten.
193 1258 3304 1536 Helene: Und wenn Sie recht hätten,-Desolteux - verstehn Sie nicht, -
1216 1428 1745 1552 deshall him
428 1432 2760 1671 dass - mein Hass darum um so tiefer glühen müsste.
189 1579 3142 1822 Desolteux: Eine nutzlose Flamme, Frau Vicentesse, in jedem Fall.
2320 1772 2536 1864 entre
463 1787 3235 1988 Ξαρoleon wäre klüger gewesen, als ein gewisser Feldherr, der
428 1926 3212 2192 die Unvorsichtigkeit beging, - in - Judiths Armen einzuschla-
1841 2065 2324 2212 chaguise
421 2077 2247 2312 fen. - Leben Sie wohl, Frau Vicemtesse.
185 2216 2559 2447 Helene: Und so scheidet der Treueste von allen...?
1938 2382 2254 2482 icht aus
185 2420 3266 2594 Desolteux: Sie vergessen Einen, Frau Vieemtesse, dessen Treue höher
425 2575 3150 2717 anzuschlagen ist als meine. Denn er war treu, ohne Glauben a
1397 2679 1752 2787 chargent
413 2702 3142 2961 die Sache. Dem Herrn Vieemte wird der Tod bitterer sein, als
413 2895 645 3061 mir.
162 2999 3073 3277 Helene: Sie werden nicht den Tod erleiden, Desolteux. Ich habe
158 3161 930 3366 des Rechtswort.
178 3331 1625 3536 Desolteux: Dem glauben Sie...?
2551 3358 3115 3567 du Klaus
181 3497 3111 3694 Helene: Die andern verachtet er, sie nicht. Selbst seine Stimme
467 3609 1224 3733 war cinander, daß
413 3655 2324 3821 klang anders als er Ihren Namen aussprach.
1772 3675 3254 3887 wenn er es Ihnen auch verschwieg¬
162 3825 3208 3984 Desolteux: Das denk ich mir. Denn, ich kann nicht glauben, dass er
401 3960 2984 4157 gerade das eines nicht wissen sollte -: warum ich - und
382 4099 2424 4331 warum gerade i e h nach Wien gesandt bin...
158 4223 3088 4493 Erkenn: Dasolteuxi.... Und wenn er es mich wüsste, wüssen Sie
139 4443 1548 4651 ###
1895 4466 2397 4644 chagner.
139 4617 3134 4794 Desolteux: Er war gnädig genug.. Frau Väsentesse... Er gab mir Ge-
2258 4698 2717 4810 den Anter
2648 4759 3100 4949 Abschied
355 4779 2358 4979 legenheit Frau Vicomtesse. M von Ihnen. & fü¬
367 4918 1046 5122 zu nehmen.
1583 5234 1803 5443 244
