3736 5336
920 537 2232 829 Nerina (naht sich sögernd.
192 741 3456 991 Hehne: Du bists, Nerina? Entschuldigen Sie mich, meine Herren. Ich
487 916 3343 1108 hoffe, Sie werden nicht ungeduldig, der Herzog würde sehr be-
475 1053 2307 1228 dauern Ihren Besuch versäumt zu haben.
479 1170 2540 1507 (Dagusan und Laffray nach links hinten ab.)
1253 1574 2053 1845 Helene. Nerina.
187 1790 2519 2086 Helene (scheinbar ohne Erregung): Er leht..“ -
175 1999 799 2178 Nerina: Ja.
179 2103 3327 2390 Helene: Du gabst thu die Blumen? Wie nahm er es auf... Was sagte
3356 2107 3560 2373 ne
479 2286 1516 2440 er? Wie sieht er aus?
171 2361 3319 2681 Herina: Er ist..recht blass - und lässt sich ehrfurchtsvoll bedan-
462 2557 675 2752 ken.
171 2736 3377 3023 Helene: Du bist erregt, Nerina. (Nicht mit dem Ausdruck von Angst)
450 2910 2786 3160 Seine Wunde ist doch schwerer? Oder sollte gar...
150 2985 1599 3239 Nerina: Er lebt, Prinzessin.
158 3127 3256 3443 Helene: Aber es besteht wohl einige Gefahr, dass er sterben wird.
425 3368 3277 3577 Heute Nacht vielleicht. Du sprachst die Mutter, den Arzt -?
150 3518 3493 3706 Nerina: Ich wage nicht vorherzusagen, Brinsesotn. Wenn er aber
421 3672 3285 3893 heute Nacht sterben sollte, so fürcht ich wird er das nicht
433 3818 3289 4031 daheim tun, sondern auf dem vege hierher, oder vor der Mauer
412 3943 2990 4201 draussen, oder gar hier im Garten, ober weiss Gott wo.
108 4114 1870 4293 Helene: Komm zur Besinnung, Nerina.
121 4260 508 4447 Nerina:
583 4160 3523 4576 Ich bin bei Besinnung, Prinzessin.
396 4393 1624 4622 Stunde will er hier sein.
117 4547 1378 4780 Helene: Du bist vorrückt.
125 4726 1811 4972 Merina: Ich nicht. Er vielleicht.
2182 4684 2465 5005 ohne am
2573 4767 2790 4967 gose
