3699 5741
534 680 3378 980 mich begleitet, so geh ich allein, - auf diesen Stub gestützt,
573 868 3393 1114 und ich schwöre es, mitten durch die ewige Nacht find ich mir
553 1018 2167 1210 die Strasse nach meinem Vaterland.
311 1183 3362 1456 Desolteux: (vor ihm auf den Knieen): Herr Herzogl... (Er eilt
546 1326 930 1525 davon.)
304 1529 3339 1748 Herzog: Ich weiss, dass meine Tage gezählt sind - und nicht in der
1495 1637 2475 1771 En ter même eines tultes
523 1652 3289 1937 Fremde will ich als xxx sterben. Noch einmal
534 1818 3235 2017 soll die Luft meines Frankreich, das sich auf seinen wahren
2440 1979 3255 2106 où même Parlein
523 1971 3278 2206 Herrn besann, um meine Schläfen wehen, eh Ich daß ingehe. Er
530 2117 2786 2355 wendet sich um zu gehen, von Assalagny geleitet.)
1253 2306 2244 2505 (Da fällt ein Schuss.)
818 2455 3182 2694 (Alle bleiben einen Augenblick wie erstarrt stehen.)
257 2394 511 2624 Elle
296 2617 3281 2813 Ein Diener (zur Gaktenbüröffnet sie rasch, ruft herein): Es liegt
530 2778 1691 2932 ein Toter vor der Tür...
265 2936 3116 3132 Helene (ohne hinzusehn): Desolteux!  Die Waffe in der Hand?
1280 3039 1510 3139 nerge
261 3078 3351 3255 Diener: Nein, Frau Vieemtasse... Auch keine auf dem Boden... Er ist
61 3028 234 3255 Ceper
507 3228 1160 3416 erschossen...
254 3393 2140 3593 Helene (die Hand wie drohend): Oh!...
250 3516 2555 3720 Herzog (als erwachte er): Was ist geschehen....?
257 3720 3197 3950 Helene (zu Ihm xxx): Ich habe mit dem Herzog zu sprechen - Man
469 3846 1821 4038 lasse mich mit ihm allein...
918 4008 1671 4234 Omts-Andern und
81 3954 634 4204 Asvalagny.
772 4046 3074 4319 Frau harquise - im Hinelsvollen,  a
327 4138 603 4288 Art
722 4277 1702 4473 when he ist.
207 4346 2763 4649 Helen: Der letzte Herzog von Valvis nicht
619 4488 2663 4803 als Derwogenen zur Grüße fahren
1330 4672 3112 4972 Mein Vater! (In ihm 1)
530 4769 1303 4999 lamin –
200 4895 3101 5253 Herzog. (in Seelenampt, berich verstehend,)
792 5195 1406 5437 Helene.
