3368 5160
2651 365 2840 540 -62-
259 452 1315 680 Ah! C'est à devenir folle!
750 603 1992 803 LE D C C T E U R ( ironique)
249 736 3068 894 Je vous conseille, mademoiselle, de conserver votre raison, vous en aures
270 866 565 1066 besoin!
754 968 1083 1150 ANNA
259 1154 3057 1294 Et bien,je serai raisonnable, et je commencerai par ne pas bouger d'ici
256 1283 1718 1490 avant de connaître la vérité absolue.
754 1434 1494 1606 PAUL (souriant)
277 1550 2991 1767 Vos présautions sont vraiment inutiles,mademoiselle.Je ne me battrai
256 1732 466 1851 pas.
754 1823 2111 2002 ANNA (après un court silence)
256 1956 1851 2160 Alors vous n'avez plus rien à faire ici?
750 2086 1083 2233 PAUL
252 2149 445 2398 Non.
761 2388 1090 2532 ANNA
259 2524 1595 2728 Et bien, accompagnez-moi à Vienne.
806 2679 1129 2854 PAUL
266 2791 1455 2991 Alors vous ne restez pas ici?
764 2956 1080 3057 ANNA
259 3015 1168 3250 Dites-moi oui ou non.
764 3229 1097 3355 PAUL
266 3313 1788 3538 Mais ouï, mais oui je vous accompagne.
768 3513 1090 3618 ANNA
270 3594 884 3794 Dans une heure?
764 3713 1557 3892 LE Do CTEUR
266 3878 3057 4043 Je te quitte, Paul ; et comme il est probable que nous ne nous reverrons
273 3997 1353 4204 pas de longtemps....
782 4172 1101 4288 PAUL
277 4204 1438 4414 Pourquoi dis -tu “probable”?
778 4369 1550 4537 LE DoOTEUR
266 4463 3061 4712 Mettons que j'ai dit "possible". Et bien, adieu,et sois heureux. (Il lui
295 4712 2258 4909 serre la main,essayant de maîtriser son émotion.)
