3416 5176
1394 156 1670 301 1
2587 152 2760 311 “: —:
1454 318 1638 460 chos
2796 410 3011 595 -69—
796 566 1607 722 LE Do  C T E  U R
311 694 3033 860 On ne peut tout de même pas le faire poser dans l'anti-
315 832 651 987 chambre!
800 955 1157 1104 PAUL
297 1062 3026 1288 Un instantt (s'adressant à Anna) Anna, comment pouvez-vous croire que
287 1246 3065 1408 maintenant... quand tu es à moi... ne t'inquiètes pas!Mais... ne pas
297 1362 1490 1561 le recevoir,e'est impossible.
796 1493 1136 1649 ANNA
297 1603 2831 1780 Tu n'as plus le droit de disposer de ta personne,tu m'appartiens.
372 1759 570 1922 Tout
803 1755 1139 1929 PAYL
304 1868 3103 2106 Je sais. Dans une heure je suis chez vous,et nous partons. (lui serrant
329 2060 2916 2236 la main (Je te le promets.. (lui montrant le jardin) passez par là.
761 2162 2035 2307 ANNA ( le regardant fixemant)
333 2275 2088 2502 A tout à l'heure. (elle disparaît à gauche).
754 2421 3128 2647 LE D C. T. E U R (qui a marqué de vites signes d'impatri¬
340 2555 1670 2771 ence) pendant le dernier entrétien.)
333 2725 3142 2856 Je vais l'introduire. (il disparait à droite,et revient aussitôt avec
329 2838 821 3050 Rohnstaedt.)
757 2923 1331 3125 SÖENE 6.
343 3107 1745 3263 PAUL, LE niCTEur VELLNER, ROHNSTEDT.
736 3174 2912 3394 LE D O C T E U R ( salue et fait mine de s'éloigner)
750 3351 1108 3503 PAUL
333 3457 3111 3716 M. le lieutenant Rohnstedt ne peut rien me dire qui puisse être un seu-
333 3620 881 3783 ret pour toi.
743 3694 1476 3914 ROHNSTEDT
333 3861 899 4059 Bien entendu,
754 3924 3142 4236 P A U L ( fait un signe à Rohnstelt l'engageant à s'assecira)
754 4133 1458 4278 ROHNSTEDT
350 4186 2672 4455 Vous avez le droit d'être surpris de me revoir chez vous....
736 4374 2035 4615 PAUL 4 fait signet en effet)
754 4508 1465 4703 ROHNSTEDT
340 4593 3192 4823 Mais l'affaire est trop grave pour s'en tenir à l'usage établi.En consé¬
354 4749 3068 4919 quence,je vous prie d'avoir l'obligeance de croire que je ne suis chargé
