3352 5192
2854 292 3059 458 -77-
694 368 1896 632 ENDERLE (ne répond pas)
694 538 1392 698 JOSEPHINE
278 663 3035 820 Qu'est-ce que t'as donc,tu ne me dis mâme pas bonjour ; serait-ce parce
278 788 1674 969 que j'ai sausé avec le lieutenant?
674 906 2632 1076 ENDERLE (garde toujours un silence obstiné)
663 1063 1441 1226 JOSEPHINE
267 1191 2966 1347 Tu es bien vu que C'est lui qui m'a causé le premier? Que veux-tu que
253 1306 1649 1538 je fasse puisqu'il me court après?
667 1452 2886 1632 ENDERLE (se leve avec un rire haineux et s'éloigne
267 1590 1247 1747 sans proférer une parole)
677 1740 2274 1917 JOSEPHINE (le suivant des yeux)
250 1861 2976 2028 Va,va imbécile? Tu n'iras pas loin! (elle disparaît par l'entrée des
257 2018 701 2202 artistes).
677 2118 1250 2288 SÖENE 3.
260 2271 969 2462 VOGEL, ROHNSTEDT.
691 2413 1090 2559 VOGEL
250 2531 1392 2709 Ah,bonjour. Rien de nouveau?
663 2625 3059 2861 ROHNSTEDT ( fait un geste:Oest toujours la même cho-
253 2712 441 2966 se.)
681 2941 1087 3097 VOGEL
240 3073 1108 3254 Tu viens de chez lui?
674 3202 1372 3396 ROHNSTEDT
250 3368 448 3535 Oui.
677 3382 1080 3650 VOGEL
253 3604 1104 3802 Qu'est.ee qu'il fait?
667 3736 1386 3879 ROHNSTEDT
243 3841 1858 4039 Rien.Il est aoushé sur son divan et fuma.
674 3997 1070 4164 VOGEL
1271 4039 1417 4153 toutes
236 4115 3025 4275 Ah! quelle histoire,quelle sale histoire! Faut voir ce pour le croire.
243 4264 2149 4434 Et bien maintenant,qu'est. ce qui va se passer?
667 4389 1382 4549 ROHNSTEDT
222 4431 1174 4664 Est-ce que je sais, moi?
674 4622 1080 4757 VOGEL
222 4764 2927 4927 J'avais pensé que vous étiez arrivés à une solution quelconque. Vous
