3368 5160
2797 198 2977 335 4
2797 321 2995 504 —79—
808 370 1471 579 KARINSKI
392 497 1513 706 Bonjour. Il fait lourd! Ouf!
811 667 1714 942 VOGEL ( très gêné )
384 783 727 974 Oui, oui.
797 896 1439 1086 KARINSKI
363 981 3027 1213 Hé bien,mon cher Vogel, je crois qu'il est bon de se dire adieu...
811 1192 1235 1365 VOGEL
388 1295 2303 1510 Voyons Karinski,mon ami, ne dis pas de bêtises!
797 1482 1432 1630 KARINSKI
399 1549 3037 1859 Da parrait te nuire dans ta carrière,si on te voyait avec moi ;sans
374 1743 2363 1937 parler d'autres incident qui pourraient survenir,
787 1891 1506 2046 ROHNSTEDT
363 2007 1404 2261 Tu parles comme un enfant,
801 2162 1189 2325 VOGEL
1302 2243 1919 2399 qu'on me surveil
377 2289 3164 2540 Oui, moi aussi je trouve que tu parles comme un enfant. Rien n'est enco-
374 2469 3125 2670 re perdu!Rohnstedt et moi,nous allons rédiger le procès-verbal et en-
794 2642 3125 2776 suite on verra (s'adressant à Rohnstedt) du reste ce procès-
363 2730 3171 2914 verbal c'est la seule chose qui nous ooutre vis-à-vis du conseil d'hon-
353 2864 589 3097 neur.
783 2967 1499 3164 ROHNSTEDT
363 3125 3196 3393 C'est vrai, Karinski, tu ferais bien d'attendre la réunion du conseil d'homme
346 3263 610 3439 neur.
776 3355 3139 3587 KARINSKI (prenant tout d'un coup un ton très sérieux
353 3520 2243 3757 et parlant d'une voix fiévreuse et entresoupée )
363 3725 3065 3870 Je n'ai pas le tempe d'attendre.Je vous remercie de tout ce que vous
356 3834 3132 4043 avez kait jusqu'à présent pour moi ; maintenant c'est à moi seul de dé-
335 3954 1538 4159 fendre ma cause jusqu'au bout.
1644 4011 1795 4229 glo.
744 4074 1482 4244 ROHNSTEDT
317 4187 748 4466 Karinski!
762 4296 1323 4536 VOGEL
346 4480 3136 4677 Tu ne peux rien faire. Je me tromperais rudement si le monsieur en quelle
356 4607 1958 4847 tion n'avait pas déjà filé à l'anglaise.
