3336 5160
2573 318 2771 471 -81-
188 467 1377 697 qu'une chose à faire.......
648 633 1302 796 KARINSKI
198 771 1019 952 Je sais bien.
648 892 1352 1086 ROHNSTEDT
198 1023 1883 1175 Te résigner. Le reste serait de la démence.
658 1171 1281 1355 KARINSKI
198 1285 1596 1497 Crois-tu causer à un petit garçon?
669 1454 1377 1628 ROHNSTEDT
209 1575 2873 1773 J'espère que non. Ecoute -moi bien,Karinski :je comprends ce qui se
198 1702 2888 1957 passe en toi. Tu crois qu'il vient de t'arriver un malheur, un grand
202 1861 1047 2045 malheur irreparable.
658 2014 1302 2187 KARINSKI
1493 2028 1635 2187 en
212 2123 2176 2336 Qui sera réparé autant qu'il est mons pouvoir.
2594 2240 2987 2399 deux nous
428 2304 1405 2452 ROHNSTEDT
219 2378 2838 2569 Et moi je te disice n'est pas un malheur pour lequel le sang mérite
219 2566 697 2725 de oouler.
679 2689 1299 2859 KARINSKI
212 2813 740 2994 Rohnstaedt!
432 2962 1401 3146 ROHNSTEDT
230 3015 2937 3241 Pour nous, si, peut-être... Mais ohangede milieu,deviens autre et
219 3199 1490 3429 ce la te paraîtra une futilité
694 3394 1313 3549 KARINSKI
223 3510 1267 3680 Ne me parles pas de celà!
690 3567 1401 3808 ROHNSTEDT
322 3687 648 3822 vie et
230 3765 3043 3917 Il faut que tu t'habitues à cette pensée. Je ne trouve pas qu'elle soit
241 3893 2824 4055 si terrible, Rien n'est perdu quand on cesse de porter l'uniforme.
255 4045 1334 4218 KARINSKI
191 4144 3033 4314 Pour moi tout serait perdu,tu le sais bien. En quelle qualité voudrais-
205 4246 2442 4452 tu que j'existe après avoir été le lieutenant Karinshi.
2130 4385 2343 4554 Monsieur
2612 4413 2859 4544 dans une autre
340 4395 1412 4586 ROHNSTEDT
209 4501 2990 4714 Le lieutenant Karinki est donc quelque chose de si grand qu'il ne peut
248 4678 1086 4866 depenir autre chose?
