3416 5176
2588 184 2825 311 -70-1,
357 318 3118 463 d) aucune mission officielle,chose à laquelle du reste je n'aurais plus
360 459 1932 586 aucun droit d'après ce qui c'est passé.
795 554 1126 713 PAUL
367 657 3002 826 Il ne s'agit donc plus de l'affaire dont nous avons causé ce matin?
378 823 699 925 G.H.F.P.
2945 819 3111 975 G.H.P.
791 819 1561 975 ROHNSTEDT
374 953 3150 1081 Si, tout de même. Mais me je avois forcé de l'envisager différemment : plus
367 1074 3047 1229 au point de vue militaire comme je devrais le faire,mais au point de
385 1215 2045 1349 vue purement humain.
798 1345 1112 1508 PAUL
367 1476 2387 1642 Je crois que moi-même l'ai toujours envisagée ainsi.
770 1596 1501 1787 5 RCHNSTET
367 1706 3210 1900 Tout le monte n'en a pas le droit.En cette circonstance grave,et silen.
2765 1815 2963 1893 ssumer
367 1861 3143 2002 nelle même,je ne devrais pas le faire. Mais je ne veux pas
381 1978 3065 2129 respondabilité, qui me parait autrement grave que celle d'outrepasser
378 2143 2338 2267 le reglement,celle de laisser perir un camarade.
830 2271 3062 2415 P A U L (écoute sans rien dire et engage Rohnstedt par un
385 2377 1130 2592 signe à continuer)
819 2518 3136 2680 ROHNSTET (comme quelqu'un qui prend une décision)
388 2648 3203 2818 Or, je comprends que vous n'avez pas envie de risquer votre vie, surtout
399 2783 1603 2970 vous croyant dans votre droit.
830 2931 1144 3115 PAUL
406 3037 3047 3231 Vous voulez dire: étant dans votre droit.... ( avec une légère points
385 3175 2860 3365 d'ironie) puisque nous parlons au point de vue purement humain.
823 3337 1533 3507 ROHNSTEDT
403 3446 3238 3605 Soit! Moi-même je trouve que Karinski est alle trop loin et ja arois untt
410 3584 3160 3757 qu'il le sait aussi bien que nous jmais maintenant cette conviction ne
403 3736 2105 3881 nous sert à rien. Il est forcé de se battre.
840 3853 1384 4004 PAUL
2009 3846 2172 3976 G.H.F.P
1031 3941 1247 4043 pardon.
413 3941 3242 4132 Je vous demande de vous interrompre,mais j'avais cru que nous ne revien-
417 4089 1508 4287 drions plus sur ce point.
2020 4079 2232 4241 et de
812 4216 1554 4400 ROHNSTEDT
424 4273 3238 4524 Laissez moi finir : si vous persistez à lui refuser la réparation qui lui
2528 4495 2677 4644 que
420 4499 2090 4675 est due,il doit quitter l'armée.
480 4622 643 4718 S.H.F.P
830 4608 1222 4728 PAUL
427 4644 2585 4831 Je dois vous avouer que ça ne m'émeut que médioarement.
