3400 5160
2593 346 2776 504 -58-
790 473 1355 653 SCENE 2.
282 631 1887 825 LES MEMES, moins Leopold. (Court silence)
783 797 1101 917 PAUL
293 928 3097 1094 Et si tu trouves aussi qu'on ne peut plus avoir des relations avec moi.
325 1027 1559 1238 (il montre d'un geste la porte)
790 1203 1566 1323 LE BOOTEUR
293 1277 3044 1436 Je t'en prie,.... Céest ridioule entre nous deux; mais tu verras, il
286 1439 2522 1587 y en aura beaucoup... tout le månde fera comme Leopold
780 1580 1097 1721 PAUL
286 1647 3051 1855 Eh bien, je t'assure que pourrai très bien exister comme sans Léopold et
296 1848 928 2021 ses semblables
790 1937 1587 2145 LE DE C TEUR
2145 2085 2487 2180 Apercevras
286 2152 2533 2286 C'est plus difficile qu'on ne le croit. Tu t'en paeraeuras.
801 2265 1108 2395 PAUL
293 2381 2727 2564 Il me semble presque que toi aussi, tu désires que je me batte?
790 2554 2279 2730 LE Do C T E U R ( après réflexion)
286 2688 2547 2826 Franchement.... oui. J'aimerais mieux que ce duel ait lieu.
790 2829 1111 2949 PAUL
296 2924 3097 3062 Voyons mon ami,inutile de jouer la comédie. Crois-tu vraiment que nous
293 3065 3122 3231 n'ayions que deux façons d'exister : subir toute infamie sans bron-
293 3210 1711 3351 cher ou donner sa vie comme enjeu?
790 3341 1570 3513 LE DUOTEUR
293 3471 3048 3616 Theoriquement, non.Mais comment veux-tu qu'un homme,comme par éxemple
293 3602 1443 3760 Karinski obtienne réparation?
773 3736 1111 3898 PAUL
293 3880 2360 4028 Je ne vois pas du tout la nécessité d'une réparation.
762 3993 1570 4177 LE DU C TEUR
282 4145 3094 4314 Tu parles comme un enfant. Est-ce que les conséquences sont pour vous les
282 4293 2423 4406 mêmes! Pour lui ne pas se battre est une eatastrophe!
790 4385 1108 4547 PAUL
296 4505 3115 4677 Et alors sachant que le duel efface tout,il avait le droit d'être outre-
296 4653 2289 4843 suidant et importun,de vilipender et de diffamer?
