3800 5192
3155 326 3368 475 -28-
1219 358 2478 620 ENDERLE (avec un soupir)
755 581 2045 727 Allons, faut retourner turbiner!
1227 688 2361 886 SCHNEIDER (ironique)
755 830 1960 968 Mon cher monsieur Enderlé....
1227 950 2758 1131 ENDERLE (aveo un respect outré)
748 1078 1659 1266 Monsieur le directeur?
1223 1216 1928 1375 SCHNEIDER
748 1365 2531 1531 Ce n'est pas comme ça qu'on devient artiste.
1223 1489 1790 1673 ENDERLE
730 1624 915 1790 Ah!
1216 1737 1943 1925 SCHNEIDER
737 1865 2301 2095 Un peu plus d'entrain, s'il vous plait!
1209 2021 1776 2201 ENDERLE
730 2131 3510 2322 Un peu plus de galette s'il vous plait! Bonsoir,monsieur le directeur.
1198 2304 2776 2453 JOSEPHINE ( à mi-voix à Enderlé)
730 2418 3580 2577 Ne te disputés donc pas continuellement avec lui. Tu n’arriveras jamais à
737 2552 1393 2708 rien au théâtre.
1198 2676 2045 2864 LEVY ( à mi-voix)
730 2818 2237 2985 Il a tout de même du courage, Enderlé)
1191 2960 1833 3148 BAUDOUIN
723 2988 1680 3265 Bonsoir M. le directeur.
1184 3240 3456 3393 M-lle S CHUTZ (langant un tendre regard à Schneider)
713 3357 3407 3513 Au revoir, M. le directeur. (tout le monde rentre dans le théatre,à
716 3499 2347 3637 l'exception de Schneider et d'Anna Ridel.
1177 3634 1801 3814 SOÈNE 15.
702 3800 1599 3999 SCHNEIDER, ANNA RIDEL.
1180 3896 2407 4112 SCHNEIDER (sévèrement)
695 4052 2382 4289 Eh bien Ridel, pourquoi n'entrez.vous pas?
1166 4190 1524 4332 ANNA
684 4275 1588 4477 Je suis libre se soir.
1163 4435 1886 4598 SCHNEIDER
695 4538 3453 4807 Vous parriez bien tout de même assister au spectacle. J'aime à voir mes
691 4800 3403 4959 pensionnaires s'interesser aux créations de leurs collè-
