3400 5160
2087 169 2260 264 .... .
2672 292 2865 444 -43-
746 444 1366 662 KARINSKI
278 514 2876 799 Voulez vous dire par là que c'est une importunité si le lieutenant
282 679 2756 919 Karinski honore d'une invitation à souper une fille de théâtre?
767 862 2460 1042 P A U L (frappe Karinski an pleine figure)
282 993 715 1221 Misérable!
750 1070 3069 1338 K A R I N S K I (son premier mouvement est de tirer l'épée
289 1243 2946 1475 et de se jeter sur Paul. - Il est retenu par Rohnstedt et Vogel.-
306 1369 3059 1612 Grand mouvement sur la terrasse. Tout le monde se lève; une haie vi-
324 1478 3150 1732 vante se forme derrière le groupe - d'autres montent sur des chaises et
310 1679 1918 1841 des tablea pour voir ce qui se passe.)
785 1802 1485 1975 ROHNSTEDT
327 1922 831 2144 Viens,viens!
788 2063 1429 2239 KARINSKI
327 2196 1693 2390 Laisse-moi! Il faut... je dois....
813 2337 1204 2524 VOGEL
352 2436 2024 2626 Viens! Tu ne peux rien faire en ce moment.
813 2594 1975 2774 LE DoETEUR (à Paul)
359 2721 1996 2900 Mon Dieu! Pourquoi ne t'es tu pas retenu!
817 2876 1376 3045 LEOPOLD
359 2946 2820 3140 Tu ne pouvais pas agir autrement ; c’est lui qui t’a provoqué.
834 3119 1679 3326 PAUL (très dalme)
363 3249 1190 3464 Oui,j'ai bien fait.
831 3376 1394 3541 LEOPOLD
377 3509 2672 3668 Je n'ai pas besoin de te dire que tu peux compter sur moi.
848 3640 1630 3802 LE DoCTEUR
398 3766 1394 3978 Et. sur moi,bien entendu.
855 3851 2640 4080 P A U L (après les avoir regardé un instant)
398 3971 3228 4228 Ah oui, je comprende. Je vous remercie ; mais à présent laissez-moi seul
405 4157 1450 4347 Au revoir. (il disparaît)
862 4287 1450 4435 LEOPOLD
415 4453 651 4594 Paul!
