3416 5144
2614 309 2878 473 —45—
689 446 1369 638 VOGEL
220 607 1715 761 Il avait probablement un peu trop bu
686 734 1406 906 ROHNSTEDT
220 847 2926 1029 Mon avis est, que Karinski est un homme qui devrait changer de peau,
696 1015 1094 1156 VOGEL
233 1142 2597 1303 Comment ca? Ah oui, il faudrait qu'il lui tombe le gros lot.
693 1273 1413 1434 ROHNSTEDT
244 1382 2943 1530 Et encore je ne sais pas si en suffirait à le rendre raisonnable. Des
254 1516 2964 1694 gens comme Karinski ne sont fait que pour la guerre : la paix ne leur
250 1670 662 1893 vaut rien
720 1770 1115 1965 VOGEL
247 1900 641 2175 Tu crois?
710 2027 1430 2223 ROHNSTEDT
247 2188 3001 2356 Sûrement; ( à mi-voix) le monsieur à sôté a donc des relations intimes
261 2339 1032 2514 avec cette actrice?
727 2459 1122 2631 VOGEL,
257 2607 2977 2806 Bah! Jehe croie pas,autrement il n'aurait pas laissé partir Karinski
264 2741 1225 2895 Ah, la voilà qui revient!
737 2819 2363 3084 LEunter. (s'adressant à Paul)
274 2988 827 3197 Prends garde!
737 3221 1355 3416 SCHNE 22.
271 3365 1077 3581 LES MEMES: KARINSKI.
737 3499 1372 3639 KARINSKI
278 3602 1389 3797 Bonsoir! Tu as gagné,Vogel.
761 3752 1180 3907 VOGEL
274 3886 1681 4065 Tu vois bien, je te l'avais prédit.
744 3941 3005 4154 KARINSEI (vide son verre et regarde fixement Paul
305 4137 2507 4288 Vous souriez, monsieur Roenning, pourquoi souriez vous?
755 4284 1084 4442 PAUL
292 4394 1544 4593 Je souris parce que je m'amuse.
772 4541 1170 4661 VOGEL
305 4610 2555 4867 Voyons, Karineki, tout le monde rit date voir si entêté.
