3368 5192
2523 413 2756 539 —60—
679 521 1024 715 PAUL
198 654 3076 884 Qu c'est de votre faute,et pas de la mienne. Si vous pouviez voir autre¬
187 783 3048 992 ment qu'à travers votre code,vous auriez chassé cet homme à coups de pied
194 931 3058 1125 dans le derrière et vous l'auriez proclamé infame - et non moi, parce que
208 1078 2580 1290 je refuse de me battre avec lui.C'est vraiment par trop bête.
715 1233 1488 1398 LE Do C T E U R
208 1333 3019 1552 C'est pas du tout bête. Ça a même un sens très profond. Nous sommes des
205 1473 3012 1657 hommes,mon cher ; et c'est pourquoi nous avons l'obligation de répondre
212 1581 2997 1836 avec notre vie de tout ce que nous faisons et disons.Où irions nous si
248 1793 1495 1973 tout le monde faisait comme toi.
733 1948 1049 2063 PAUL
226 1966 2976 2228 Si tout le monde agissait comme moi, tout cela finirait bientôt. Mais
234 2145 3123 2365 non, il faut qu'on continue à jouer cette comédie du courage et du mépris
248 2386 661 2519 de la vie.
755 2476 1527 2627 LE DoCTEUR
241 2595 1675 2807 Tu appellés le courage une comédie71
755 2782 1082 2900 PAUL
259 2839 3105 3055 Oui, et une des pires. Qui voudrait risquer sa vie quand elle lui est chè¬
262 2990 2825 3202 re? Personne. Et à la risquer sans l'aimer, il n'y pas de courage.
765 3177 1556 3335 LE DoOTEUR
280 3267 3055 3482 Je sont des Sophismes ; cette pietre philosophie ne fera pas disparître
284 3385 3141 3608 l'héroïame, et seul oeux auront le droit de s'appeler hommes,qui seront
288 3569 2738 3745 capables de faire ce que tu méprises : mettre leur vie en jeu.
787 3745 1118 3878 PAUL
291 3791 2925 4003 indemment, oui. iais pour quelle raison? Pour une conviction,pour une
295 3867 3101 4151 grande idée, pour ce qu'on aime, soit. Mais rien de cela n'est mon cas:
305 4075 3105 4262 ai-je commis une faute si grave qu’il la faille expier par la mort.S'a-
302 4190 3177 4428 git-il de décider lequel vaut mieux de moi ou de Karinski ; et cela servi-
323 4277 3159 4535 rait-il à le décider si c'était douteux? Accomplirai-je une bonne oeuvra,
323 4413 3209 4675 si je me bate? Si je le faisais ce ne serait que pour ne pas paraître lâche
313 4550 3048 4823 à vos yeux,et je dois t'avouer que dans ce cas, le jeu ne vaut pas la
