3400 5160
2815 335 3009 494 -44-
797 466 3161 653 P A U L (qui a ausé tout le temps avec le docteur est subite¬
349 635 2399 840 ment frappé par le nom que Vogel vient de prononser)
360 794 1171 945 Chez qui dites-vous?
829 889 1221 1065 VOGEL
360 1002 3094 1203 Chez.... (il s'aperçoit subitement qu'il commis une gaffe) ah oui....
367 1157 3157 1337 il est têtu Karinski.En ce moment il veut forcer la Ridel à souper avec
367 1302 2596 1460 nous,comme si elle se laissait forcer! C'est drôle,hein?
818 1400 2607 1573 LE Do C T E U R ( prend le bras de Paul)
265 1580 681 1707 paris même
818 1556 2864 1767 ROHNSTEDT (frappe par l'excitation de Paul)
367 1693 1990 1880 Nous avons eu tort de le laisser partir :
847 1827 1238 2007 VOGEL
363 1901 3048 2145 Le laisser partir, c'est beau à dire! Il faut le connaître celui-là
377 2106 3094 2247 quand il se met quelque chose dans la tête il n'y a plus rien à faire.
370 2251 631 2385 G.C.F.P
829 2212 2064 2445 LE COCTEUR (à Paul)
399 2356 2004 2533 Paul, nous ferons mieux de nous en aller.
857 2512 1175 2660 PAUL
399 2600 2342 2808 Non, ça m'amuserait d'être la quand il va revenir.
840 2776 1633 2907 LE Do CTEUR
406 2854 3235 3048 Voyons, pourquoi? Tu sais très bien qu'elle n'acceptera pas l'invitation.
857 3041 1810 3238 V OGEL ( à Rohnstedt)
402 3161 3182 3383 Il n'est pas méchant qu fond, c'est un excellent camarade,mais il faut
406 3333 1587 3542 que tout marche comme il veut.
857 3443 1587 3640 ROHNSTEDT
395 3591 1774 3803 Hum,ca n'est pas toujours possible!
875 3746 1259 3898 VOGEL
395 3796 3206 4032 naturellement, naturellement. Et l'histoire qui lui est arrivée? On l'é-
406 4021 783 4162 touffera?
864 4028 1556 4289 ROHNSTEDT.
2042 4148 2215 4300 .
406 4191 1097 4416 J'espère que oui.
882 4385 1259 4547 VOGEL
427 4473 2653 4646 Eh bien, on aura raison. Il ne l'a pas tué le bonhomme.
878 4607 1764 4815 ROHNSTEDT
392 4688 670 4819 yours, bien
434 4755 1746 4938 Ça ne l'extise pas,mon cher Vogel,
