3800 5176
3163 243 3346 405 -95-
1152 387 2857 581 P A U L ( regardant dans la même direction)
697 500 3494 719 Ah! Plus tôt que je ne le croyais! (il s'avance d'un pas ferme et ren¬
715 659 3441 838 contre Karinski au moment où celui-ci entre en scène - la docteur le
712 831 965 1011 suit.)
1166 888 1775 1117 SCHNE 14.
701 1067 2300 1247 LES MÊMES : KARINSKI ensuite RÖHNSTEDT.
1162 1205 3540 1391 KAR INSkI (barre la route à Paul ; - ile se
722 1342 3522 1543 regardent fixement.- Paul veut faire un pas en avant pour continuer son
726 1508 1092 1684 chemin.)
733 1596 3410 1789 Pour la dehiere fois je vous demande: voulez-vous vous battre avec moi
726 1775 1201 1923 oui ou non?
1180 1853 2726 2075 P A U L (essaye de continuer sa route)
1173 2043 1793 2184 KARINSKI
719 2173 3494 2321 Pour la dernière fois je vous demande :voulez-vous vous battre avec moi
726 2332 1184 2473 oui ou non?
1191 2413 1494 2614 PAUL
722 2603 1479 2797 Laissez-moi passer.
1187 2723 1800 2899 KARINSKI
733 2836 1786 3061 Pour la dernière fois......
1198 3012 1557 3160 PAUL.
729 3135 1557 3311 Laisses-moi passer
757 3286 3589 3449 (Karinski le serre de près,Paul le repousse et fait le mouvement de ti-
740 3413 3470 3600 reison revolver ; à ce moment Karinski sort son revolver d'ordonnance
750 3579 1691 3695 et tire à bout portant.
1198 3692 3012 3832 p A U L (porte la main à son coeur en tombant)
729 3811 1173 4002 Miserable!
1205 3935 1529 4097 ANNA
743 4107 1518 4241 Mon Dieu,mon Dieu.
1198 4185 2029 4442 LE DoCTEUR
750 4297 1173 4537 Paul,Paul.
786 4467 3491 4660 (Les gens commensent à se rassembler peu à peu, on entend des voix: don
824 4590 3498 4762 tué quelqu'un - à l'assasein! à I'assassein!. Karinski reiste immobi
764 4720 3065 4928 Anna et le docteur sont occupés auprés de Paul qui expire.)
