3416 5160
2623 217 2804 416 -36-
894 318 1624 513 ROHNSTEDT
447 496 3115 653 Je t'en prie,abandonne ces manières avec moi ; laisse. moi te causer
454 625 3238 786 en camarade et en ami. Je me reproche assez de ne pas l'avoir fait plus
465 772 3272 915 tôt ; peut-être aurais-je pu...... en tout cas ça ne peut pas continuer
447 880 3189 1020 ainsi. Le Colonel est très irrité contre toi, j'ai le devoir de te le
454 1062 695 1229 dire.
901 1128 2176 1355 KARINKI (apres réflexion)
437 1257 1561 1428 Le devoir ou.... la mission?
891 1407 1589 1568 ROHNSTEDT
447 1582 1125 1757 L0un et l'autre.
891 1652 1530 1837 KARINSKI
423 1715 601 1879 G.H.F.P
437 1816 3192 2033 Enfin, que faut-il que je fasse? Je n'ai pas l'argent qu'on me demande
440 1977 2515 2148 mais ces juifs savent bien que je finirai par payer.
891 2116 1607 2291 C H N S T E D T
402 2249 2574 2438 On prétend que ton oncle ne veut plus payer tes dettes.
901 2389 1530 2567 KARINSKI
447 2504 1816 2710 Il les payera encore cette fois-oi.
891 2668 1596 2857 ROHNSTEDT
437 2696 884 2944 Et si non?
894 2871 1509 3094 KARINSKI
430 3031 1250 3224 Il payera te dis-je.
894 3115 1572 3374 ROHNSTEDT
437 3283 1292 3496 Et la prochaine fois?
880 3423 1498 3608 KARINSKI
419 3555 3080 3765 Il n'y aura pas de prochaine fois. Joui énormément perdu au jeu oes
412 3667 1851 3880 temps -oi,mais la chance reviendra.
866 3831 1565 3974 ROHNSTEDT
409 3866 3185 4107 Non,tu ne dois plus jamais toucher à une carte, car il faut que tu comme
402 4058 2990 4285 ces une nouvelle vie,si tu veux en finir avec ces compromissions.
856 4184 1505 4348 KARINSKI
395 4310 2302 4512 Autant rejoindra mon oncle et planter des choux!
852 4460 1582 4642 ROHNSTEDT
374 4551 2522 4802 Ce que je te conseillerai de tout mon coeur. (silense)
