3400 5160
1017 154 1231 372 V.J.
2717 330 2907 512 -46-
771 470 1424 635 KARINSKI
333 621 3145 785 Tout le monde? Je ne vois pas. Mais M. Roenning est d'une joie exubéran¬
326 754 3022 884 te. Oserais-je ma permettre de lui demander d'où provient cette bonne
326 877 631 1073 humeur?
785 978 3026 1217 LE C P O L D ( s'aperçoit qu'il se prépare quelque chose
326 1164 1199 1346 et devient très raide)
789 1266 2703 1431 V O G E L (essayant de détourner la conversation)
312 1402 1196 1620 A la tienne,Karinski.
771 1546 2773 1743 ROHNSTEDT ( à mi-voix,mais très energique)
319 1665 1318 1844 En voila assez,Karinski.
785 1813 2325 1971 KARINSKI (sans faire attention)
309 1911 3043 2083 Il me semble monsieur Reening que vous ne daignez pas me faire part de
309 2097 1550 2255 ce qui provoque votre hilarité.
775 2216 1178 2346 VOGEL
319 2248 1385 2489 Mais nous sommes tous gais.
771 2472 1381 2633 KARINSKI
330 2521 2503 2780 Possible! Mais comme je m'adresse à M. Roenning........
789 2759 1083 2861 PAUL
302 2819 2924 3071 Je ne me vois aucune obligation de vous répondre. ( il se lève pour
295 2959 635 3198 partir)
761 3054 1413 3303 KARINSKI
326 3205 3145 3422 Pourtant vous avez sourié au moment de mon retour.Ou peut-être me suis¬
298 3394 722 3524 je trompe?
768 3475 1083 3713 PAUL
305 3632 684 3787 Possible.
761 3685 1417 3906 KARINSKI
291 3836 2398 4050 Cela vous amuse peut—être que j'ai perdu ma gageure?
768 4032 1918 4204 ROHNSTEDT
298 4109 2584 4348 Je ne crois pas que M. Roenning s'intéresse à ta gageure.
750 4278 1402 4439 KARINSKI
302 4383 1266 4583 Est-se sela,oui ou non?
785 4551 1090 4695 P A U L
291 4611 3033 4846 Il me semble, monsieur, que vous tenez à prolonger esté interrogatoire!
