3352 5192
2587 369 2792 547 -76-
629 509 1189 694 A C T E III.
253 629 3001 796 (Même désor qu'au premier acte - il est midi - il get fait un temps
215 789 2901 940 lourd et orageux ; le soleil perce à travers les nuages ; le parc est
222 930 2242 1073 à peu près désert ; seulement de rares promeneurs.)
646 1073 1230 1203 SCHNE 1.
212 1155 1596 1377 JOSÉPHINE, VOGEL (se rencontrent)
636 1343 1343 1500 JOSEPHINE
215 1452 936 1637 Bonjour Rodolphe!
639 1606 1022 1767 VOGEL
208 1733 543 1904 Bonjour.
639 1726 1545 1904 il continue son ohemin)
294 1869 465 2003 G.H.F.P
636 1873 1343 2050 JOSEPHINE
222 1979 2057 2191 Qu'est-ce que t'as donc? Pourquoi te sauves-tu?
639 2129 1042 2290 VOGEL
212 2310 2891 2474 Je t'en prie,laisse.moi en repos. Je suis de mauvaise humeur ; j'ai
205 2426 690 2587 des soucis!
622 2522 1336 2703 JOSEPHINE
195 2662 885 2874 Ah oui, je sais.
629 2837 1018 3004 VOGEL
198 2960 861 3127 Tu ne sais rien.
636 3048 1326 3240 JOSEPHINE
195 3253 2259 3418 C'est pour ça que voua nous avez tous posé un lapin.
222 3373 2919 3558 (Enderlé arrive et s’assied sur le petit banc qui se trouve à côté de
198 3534 1090 3722 l'entrée des artistes
629 3653 1036 3780 VOGEL
198 3766 2843 3930 Encore une fois, laisse-moi en repos  va trouver ton pantin!
253 3913 2837 4060 spraévant Enderlé) le voilà qui nous reluque pershé sur son banc!
198 4050 2878 4241 Moi j'en ai assez,je ne veux pas avoir à faire à des pékins jaloux!
195 4159 2696 4388 Adieu! (il s'éloigne vers le fond,mais sans quitter la soene )
608 4309 1223 4484 SOÈNE 2.
195 4419 964 4603 JOSÉPHINE, ENDERLE
615 4528 1323 4767 JOSEPHINE
178 4651 537 4887 Bonjour!
