3848 5144
3141 204 3327 398 -19—
684 398 3384 552 contraire ; crois-tu que je n'ai pas vu comme tu as pincé la Schutz!
1128 505 1708 688 ENDERLE
673 630 2496 799 Moi, j'ai pincé la Schutz? Tu oses dire ca?!
1150 756 1869 931 JOSEPHINE
677 906 3538 1060 Elle me l'a avoué elle-même. Et les yeux de merlan frit que tu fais à la
677 1017 963 1228 Ridel?
1139 1132 1708 1321 ENDERLE
666 1279 2134 1458 Laisse la tranquille, la pauvre fille.
1125 1432 1855 1604 JOSEPHINE
673 1554 3545 1730 Ah, aht La pauvre fille! (s'adressant à Fink) Entends-tu ca!? Il appelle
659 1698 3442 1841 la Ridel pauvre fille. Et toi qui vient me dire à l'instant qu'elle se
684 1823 2131 1984 fait entretenir par un millionnaire!
1132 1937 1454 2099 FINK
666 2063 2758 2224 Je vous en prie,ne vous disputez pas continuellement.
1132 2224 1773 2371 BAUDOUIN
666 2346 3427 2514 Il ne te comprend pas. Tu es une femme incomprise, Joséphine. Viens dans
659 2471 3019 2682 mes bras,et je t'aimerai comme jamais femme n'a été aimée!
1125 2600 2278 2833 ENDERLE (avec mépris)
645 2697 971 2872 Cretin!
1121 2912 1726 3073 SoÈNE 10.
655 3051 1823 3227 LES MÊMES : CATHÉRINE SCHUTZ
1114 3191 3366 3345 Mlle S CHUTZ (affaecte des aira de Sainte-Mitouche)
652 3223 3506 3488 (Elle est mise avec une simplicité voulue,parle comme une élève du Ganne
648 3459 3194 3588 Conservatoire et baisse les yeux quand elle cause aux hommes.)
637 3574 985 3703 Bonsoir.
1103 3649 1751 3818 BAUDOUIN
637 3764 3341 3979 Bonsoir ma chère Cathérine,m'aimes-tu toujours? ne suis-je pas bel
641 3957 910 4101 homme?
1096 4065 1432 4212 LEVY
623 4161 1783 4340 Bonsoir, mademoiselle Schutz
1064 4283 2987 4502 Mlle S CHUTZ (aveo une amabilité affectée)
630 4477 2883 4670 Bonsoir, mon cher Monsieur Lévy: Vous alliez toujours bien?
1078 4577 1812 4763 JOSEPHINE
620 4691 3470 4910 Maintenant qu'elle a fini avec tous les acteurs,là voilà qui commence
