3384 5176
2018 139 2203 304 ¬
2332 154 2850 314 1 „ „ —: —:
2657 336 2853 518 -59-
757 393 1575 618 LE Do CTEUR
286 571 3078 800 Paul, tu n’es pas sincère; si la Ridel t'était indifférente tu n'aurais
289 711 754 896 pas broché.
768 836 1093 1004 PAUL
275 961 879 1161 C'est possible.
764 1104 1568 1271 LE Do CTEUR
275 1229 3078 1428 Et bien, tu vois! Et moi je te dis! quand on se place au-dessus de tous
275 1411 3021 1546 ses préjugés on laisse dire à un homme comme Karinski ce qu'il veut, et
275 1528 3043 1711 on n'y fait pas attention. Si tu avais agi ainsi, je t'aurais approuvé de
275 1682 3096 1800 tout mon sœur jmais, du moment que toi-même tu te sens offensé et que tu
279 1818 3150 1964 commences à frapper, tu te mets sur le même terrain que l'autre,et tu n'as
268 1946 3068 2121 plus le droit de te retrancher derrière des principes d'une humanité ge¬
257 2086 607 2257 nérale.
782 2193 1093 2386 PAUL
261 2350 3043 2521 Tu te trompes. Je n'étais pas du tout offensé,mais simplement révolté
261 2514 1382 2653 et j'ai agi en conséquence.
771 2593 1543 2825 LE Do CTEUR
250 2753 800 2928 Tu vois bien!
761 2907 1093 3064 PAUL
275 2996 3032 3218 Hé bien cui,je n'ai jamais dit que j'étais un ange! Je suis un homme ;
268 3196 3032 3371 tout ce que j'ai fait est très humain et le comprendra. Mais ce qu'on me
261 3296 2961 3482 demande n'est pas juste. Lui, - une giffle qu'il a mérités et moi -
257 3439 2271 3661 peut-être la mort que sûrement je n'ai pas méritée!
746 3568 1546 3721 LE BOOTEUR
250 3753 2446 3911 Tu oublies que la gifle équivaut à une offense mortelle.
746 3828 1100 3996 PAUL
257 3936 3068 4150 Mais ce qui pourait m'arriver dans le duel n'a pas d'équivalent :il y a
261 4128 725 4286 uneselle nuanoe!
754 4196 1557 4375 LE Do CTEUR
257 4293 3028 4543 Tu ne penses qu'au danger qui te menase.Quand on est tellement cirson-
257 4471 3032 4639 spect après,on n'a pas le droit d'avoir été si étourdi avant. Pourquoi
257 4600 1961 4807 nous autres sommes-nous restés tranquilles?
