3784 5160
989 369 2569 594 ROHNSTEDT (arrive en sourant)
617 456 3195 681 Qu'est-ce qui s'est passé? (en apersevant le cadavre de Paullat s'ad
617 668 3195 857 sant à Karinski avec une amertume ironique) Ton honneur est sauf!
1053 767 3279 1073 ANNA (se lève tout d'un coup et veut se précipiter au
620 931 1050 1153 Karinski )
1092 1063 2347 1246 ROHNSTEDT (la retenant)
617 1134 3192 1410 Laisses-le,le lieutenant Karinski doit savoir oe qu'il a à faire.
1085 1333 2245 1570 KARINSKI (saisissant)
633 1477 1403 1696 Il l'a toujours su,
1098 1602 1798 1827 ROHNSTEDT
507 1692 2595 1965 Alors - allons! (ils s'éloignenet très lentement)
1095 1834 3455 2148 A N N A (se précipitant à genoux devant le cadavre de Paul)
674 2026 1073 2213 Paul,Paul!
1111 2148 1901 2322 LE DoCTEUR
649 2309 1602 2463 Il ne vous entend plus!
1146 3025 1638 3198 RIDEAU
719 3099 2042 3365 ilmoittuksuksi
