3816 5128
1613 142 1834 374 1. I
3241 306 3440 431 -11-
1289 417 1727 559 VOGEL
787 531 3554 698 Est. ce que ces messieurs ne veulent pas faire un tour? Avant d'aller au
808 684 1154 837 theâtre?
1289 791 1859 958 LE 11 O L D
791 922 3622 1065 Ah c'est vrai! Il faut que je prenne mon billet pour avoir ma place habi
816 1090 3600 1214 tuelle. L'autre jour Lévy $###en a donné une autre, et je n'y étais plus
805 1189 3661 1360 du tout. Viendras-tu se soir Paul? Quoique le spectacle manquera d'attra,
798 1321 1239 1481 pour toi.
1307 1449 1645 1578 PAUL
787 1560 2902 1745 Non, je n'irai pas. Nous nous verrons après au café.
1289 1713 1877 1870 LEOPOLD
798 1809 3600 1969 C'est bien, au revoir. (il s'approche de la caisse en compagnie de Vogel
794 1991 3590 2147 tous les deux prennent leurs billets. La caissier les salue avec beau¬
798 2101 2902 2258 coup de déférence ; ensuite ils s'éloignent à droite
1300 2247 1880 2496 SCÉNE 5.
783 2447 1496 2625 LE TOCTEUR; PAUL?
1300 2564 2080 2721 LE DoCTEUR
805 2742 2033 2877 Alors tu pars, c'est: sérieux?
1311 2853 1603 3013 PAVL
798 2917 2949 3141 Oui, je suis content de quitter cette triste société.
1300 3084 2087 3276 LE DoCTEUR
798 3216 3625 3422 Et bien, puisque tu la trouves triste cette société, pouquoi la fréquen-
805 3380 1097 3551 tes-tul
1289 3408 1631 3665 PAUL
808 3629 3536 3771 Parce que ces gens m'interessent... au point de vue de milieu ; mais,
805 3746 3494 3900 pris individuellement ils ne signifient rien pour moi et mon âme n'a
787 3900 1788 4071 rien de commun avec eux.
1286 3960 2073 4181 LE Do C TE UR
2368 4056 2642 4234 dans la
3180 4071 3387 4245 was
805 4160 2030 4327 Où penses -tu aller? Chez toi?
1275 4263 1635 4384 PAUL
791 4412 3583 4569 Ches moi? Mais je n'ai pasde chez moi,je n 'ai pas de famille ; je vais
805 4523 1207 4669 voyager.
