3880 5112
3270 319 3442 457 -3—
962 402 2504 690 — ###— ###
876 2425 3521 2566 Avant le coucher du soleil, au mois de juillet,à 6 heures environ.
893 2545 3562 2724 Un parc. Va et vient continuel sur la scène - des promeneurs dans les
876 2676 3555 2830 allées - d'autres assis sur des bancs. A gauche la terasse d'un sa¬
876 2806 3552 2992 fé avec des tables et des chaises ; les garçons servent les consomma
883 2954 3411 3119 teurs. - A droite, le théâtre du Casino avec un guichet,derrière
876 3085 3401 3225 lequel on aperçoit le caissier - on voit des gens qui s'arrêtent
883 3232 3304 3370 pour lire le programme ; d'autres qui prennent des billets.
883 3366 3562 3511 Devant le théâtre sont groupés des choristes,des femmes en costumes
883 3504 2566 3669 oriards qui entrent et sortent tout à tour
883 3665 3645 3820 Le va et vient sur la sœne ne doit pas cesser jusqu'à la fin de l'acte
869 3775 2377 3950 mais sans nuire à l'action principale.
1480 3895 2638 4074 scene PREMIÈRE.
876 3930 2322 4194 Lieutenant VOGEL; Joséphine FISCHER.
893 4108 3579 4314 (VOGEL : 23 ans,uniforme. Il est completement rasé et porte une pa-
1329 4294 3311 4441 tite moustache blonde.Il arrive du sôté gauche.)
883 4380 3617 4572 (FISCHER: elle joue les rôles des soubrettes dans le théâtre du Casine
1343 4517 3610 4661 petite grassouillette Jasses jolie, mais commune.Elle sort
1322 4624 3397 4788 du théâtre et rencontre Vogel au milieu de la soene.)
