3384 5176
2637 385 2828 519 -67-
692 480 1790 706 AN NA (très bouleversée)
229 671 2167 858 Mais... je noue aime pas... je ne vous aima pas!
367 822 586 960 G.H.F.P.P
671 815 1045 957 PAUL
247 935 2962 1084 Et vous n'avez pas l'intention de me le faire croire, je sais.......
254 1031 3029 1207 surtout parce que j'ai de la fortune... c'est malheureux! mais essayer
237 1190 3000 1391 un instant de ne pas penser à ce qu'en dira le monde. Du reste, si vous
247 1338 2993 1500 demande votre main ce n'est pas par abnégation, c'est par pur égoïsme.
251 1479 2933 1596 Je souffra de vous voir exposée aux caprices et aux bassesses de votre
261 1610 3071 1761 entoutage. Il faut une autre existence,et il ne tient qu'à vous de l'ex¬
251 1747 554 1924 cepter.
713 1871 1027 2040 ANNA
251 2005 939 2182 Vous êtes si bon.
710 2150 1045 2256 PAUL
455 2242 618 2330 vous
258 2294 2940 2446 Je ne fais pas de déclaration d'amour, je ne vous dis pas que je vous
240 2418 3015 2549 adore, quoique sela soit depuis longtemps. A quoi bon toutes ces tirades
247 2577 2979 2690 de mélodrome. Nous avons besoin l'un de l'autre,nous nous inquiétons
251 2679 2506 2859 mutuellement de notre sort, et bien! pourquoi se quitter?
713 2820 1013 3000 ANNA
258 2951 3011 3145 Je ne puis vous répondre - admettons que vous n'ayez rien dit - oui,
251 3099 1299 3272 oui, vous n'avez rien dit.
713 3233 1048 3399 PAUL   I. P A. U L A
247 3375 3061 3495 Ah que non! Je n'accepte pas cette solution Je suis si content de ne pas
247 3481 3015 3629 m'être laissé intimider par vos protestations d'indifférence. Du reste,
251 3611 3089 3763 Anna, ne commences-vous pas à vous apercevoir que voue n'êtes pas du tout
254 3759 794 3954 indifférente?
710 3915 1045 4070 ANNA
258 3989 2326 4194 Je ne sais pas... je suis... tout à fait désorientée!
710 4176 1034 4314 PAUL
254 4190 2976 4458 Ca ne durera pas. (il lui prend de nouveau jes mains) Remettres-vous,
265 4412 2919 4564 vous êtes ches moi,dans une heure nous quitterens oe triste trou,et
261 4494 3057 4674 désimais nous resterons ensemble toujours. Conceves-vous ce que sela veut
261 4635 2962 4836 dire? Tous les deux! vous et moi IPenses! Rien au monde ne nous lie,
254 4748 2948 4977 nous sommes libres de faire ce que nous voulons. (pendant ses mots on
