3384 5160
2592 265 2781 436 -35-
733 315 2020 540 KARINSKI (très contrarié)
286 511 2184 686 Tu aurais pu me laisser finir en paix mon congé.
747 665 1451 826 ROHNSTEDT
286 779 2839 976 Et toi,tu aurais pu prendre les choses un peu moins à la légère,
740 922 1308 1094 KARINKI
286 1072 2935 1233 Ca n'aurait rien changé si j'avais appris tout ça 8 jours plus tard.
747 1190 1462 1348 ROHNSTEDT
286 1305 2660 1487 Mais puisque jete dis que ces gens ne veulent plus attendre.
740 1451 1373 1623 KARINSKI
286 1548 883 1762 Ils attendront
733 1709 1469 1888 ROHNSTEDT
290 1852 3046 2009 Tu me forces à mettre les points sur les I : on t'a denonsé au colo¬
282 2045 518 2234 nel.
736 2102 1376 2288 KARINSKI
282 2234 3142 2463 Il y a un an,s'était la meme histoire. N'ai-je pas payé? Qu'ils prennent
286 2424 701 2653 patience
747 2520 1473 2692 ROHNSTEDT
286 2631 3153 2828 Si encore il n'y avait que cela! Mais il y a l'autre affaire.Ça se corse
758 2785 1366 2960 KARINSKI
286 2906 2438 3171 Je prévoyais bien qu'on se servirait de cette affaire.
747 3053 1451 3228 ROHNSTEDT
297 3192 1173 3432 Tu pouvais le prévoir.
751 3321 1384 3500 KARINSKI
318 3432 3164 3621 Que veux -tu que je fasse, si un individu me bouscule sans même s'excuser?
747 3593 1459 3804 ROHNSTEDT
300 3718 3110 3875 Entendu,entendu ; tu ne feras croire à personne que cet homme inoffensif
297 3850 1909 4054 avait la moidre intention de te froisser.
747 3968 1376 4133 KARINSKI
297 4086 2510 4272 C'est égal. Il était de mon devoir d'agir comme j'ai agi,
747 4215 1476 4422 ROHNSTEDT
286 4308 1841 4547 Hum! Les avis la-dessus sont partages.
747 4479 1909 4715 KARINSKI (sursautant)
297 4562 769 4812 Commentça
