3496 5208
354 177 636 379 1, I
2829 250 3013 403 —90—
403 348 3128 559 fransa, quoique je sache très bien que ces modestes sommes n'ont aucune
400 539 1842 723 importanse pour vous
2373 584 2704 695 aais le d
2064 559 2294 712 que je
862 664 3048 855 A N N A ( avec un mouvement qui exprime tout son mépris)
427 806 1682 976 Vous etes... ah! (fausse sortie)
872 945 1588 1112 SOHNEIDER
452 931 796 1136 G.C.F.S.
424 1046 3173 1209 Mais,mademoiselle, n'oubliez pas que vous êtes en ce moment l'objet de
434 1164 3051 1418 tous les potina,de toutes les discussion. C'est une aubaine dont il
434 1355 1029 1526 faut profiter!
424 1473 1644 1644 ANNA
452 1616 1863 1793 Voulez-vous enfin me laisser passer!!
438 1741 1560 1943 SCHNEIDER
1640 1741 1904 1908 allots
445 1842 3214 2029 Oh comme vous savez faire des yeux... Vous souvenez-vous encore du pre-
445 2026 1477 2207 mier soir dans mon bureau
914 2175 1209 2328 ANNA
459 2172 1046 2342 que je désire et
462 2307 1220 2485 Tres bien; et vous?
931 2408 1619 2578 SCHNEEDER
473 2502 3211 2724 Oh moi, je M'étais toujours donté que vous aviez du temperament, mademoi-
466 2599 3249 2895 selle, mais j'aurais bien voulu m'en apercevoir d'une manière,- comment
483 2836 1883 3002 dirais-je? - plus agréable pour moi.
945 2940 1762 3138 AN NA (impatiente)
469 2992 855 3159 Riemkrien.
500 3061 2547 3270 Oui ou non, voulez vous me dire ce que vous désires?
931 3207 1630 3409 SCHNEIDER
2690 3190 2975 3353 tue as8
466 3280 907 3444 d’est im os.
500 3280 3128 3534 Ce que je désire?Ah cui, en effet,je me souviens. Vous en avez une
476 3437 3128 3715 veine,vous! Le préfet m'a fait part hier qu'il avait l'intention de
2422 3541 2610 3635 pagnie
493 3531 3117 3840 donner une soirée pour ses dames du théâtre ;il m'a remis la liste
521 3722 3204 3944 de selles qui seront invitées et votre nom y figure en grosses ronde.
462 3857 3180 4107 Renses dona mademoiselle vous êtes la seule dont le nom est écrit en
518 3996 1821 4246 grosse ronde! Qu'en dites -vous!
963 4170 1296 4347 ANNA
535 4121 3221 4476 Je dis que votre préfet ne m'intéresse pas.Laissez-moi enfin passer.
469 4219 643 4368 Nun
504 4295 3301 4615 (aperesvant Paul qui vient lentement du côté gauche ) Ah, Paul I (elle va
532 4587 1195 4823 à sa rencontre)
