3432 5160
2652 307 2937 494 -29-
346 374 2927 614 gues. (d'un ton pathétique) Cela pourrait peut-être vous profiter.
815 596 1135 741 ANNA
346 716 3110 896 C'est possible ; en attendant je voudrais vous prier de m'assorder quel
356 857 882 1012 ques minutes.
804 977 1530 1114 SCHNEIDER
356 1072 3114 1248 Ici? Je dois vous avouer que je déteste les agressions sur la voie publ
356 1224 2944 1393 que. (la regardant avec un air de concupiscence) Si vous voulez me
356 1389 1340 1534 suivre dans mon bureau...
832 1527 1139 1647 ANNA
356 1604 1992 1816 Je ne crois pas que cela soit nécessaire.
822 1749 2250 1968 SCHNEIDER (redevenu grossier)
356 1915 1485 2091 Eh bien, qu'est. ce qu'il y a?
815 2045 1167 2225 ANNA
370 2176 2042 2331 Il y a que vous m'avez signifié mon congé.
822 2317 1527 2490 SCHNEIDER
363 2437 934 2624 Oui, et après?
822 2588 1139 2722 ANNA
353 2701 1883 2881 J'ai tenu à savoir pour quelle raison.
822 2832 1530 3026 SCHNEIDER
370 3015 3050 3142 Pour la raison que vous ne remplissez pas convenablement vos devoirs.
370 3121 3142 3279 Je fais mon possible pour ma troupe ;j'ai le droit d'exiger en échange
374 3269 2204 3406 que chacun de vous me paye de la même monnaie.
832 3364 1171 3544 ANNA
374 3487 3131 3671 Comment ça? Je crois avoir fait mon devoir comme les autres : j'ai tou¬
370 3681 3064 3815 jours su mes rôles,je n'ai jamais manqué une répétition,j'ai plu au
370 3787 836 3953 publie...
596 3889 2183 4094 SCHNEIDER (l'interrompant)
370 4006 1717 4189 Ceest à moi d'en juger,pas à vous.
427 4172 1686 4309 A A N A
363 4274 3198 4418 Soit! Mais pas plus tard qu'avant-hier vous m'avez dit que vous étiez son
374 4411 1453 4577 tent de moi.
1583 4401 2285 4574 peu à être un peu m.
607 4538 779 4697 111
822 4528 2281 4704 SCHNEIDER
363 4655 2892 4799 Possible. En tout cas je n'ai dit cela que pour vous ensourager.
684 4806 1291 4972 honnoir, aussi
2310 4796 2966 4958 riant, pour vous
