3816 5144
1537 181 1708 411 1
2882 303 3112 464 -22-
1140 383 1704 610 ENDERLE
680 582 3482 714 Je puis même vous dire à l'avance ce qu'il vous offrira: si voulez res-
680 669 2579 861 ter pour la moitié du traitement,il vous garde.
1143 833 1481 983 ANNA
697 965 3063 1105 Pour la moitié du traitement? Et de quoi veut-il que je vive?
1143 1101 1858 1255 JOSEPHINE
680 1248 3116 1422 Voyons,Ridel, entre camarades... c'est pas la peine de poser!
1136 1380 3258 1554 ENDERLE (très grossier, s'adressant à Joséphine)
673 1485 1070 1627 Farme ca!
1133 1638 1415 1770 F I NK
673 1739 3363 1896 Et puis je vous conseille sincèrement d'accepter ses propositions et
666 1875 3450 2032 de rester. C'est d'un très mauvais effet pour une débutante de se trou¬
687 2035 2478 2206 ver sans engagemenet au milieu de la saison.
1133 2178 1690 2321 ENDERLE
666 2286 1840 2464 Il le sait bien, le directeur
1133 2446 1446 2582 ANNA
655 2561 1387 2736 Mais Odest inoui!
1115 2711 1680 2861 ENDERLE
666 2837 2676 2983 Inoui! Bah, c'est arrivé à chacune de vos camarades.
1126 2952 1837 3119 Mlle SCHUTZ
655 3091 2816 3262 Pardon, monsieur Enderlé,à moi ca ne m'est pas arrivé.
1126 3231 2377 3394 J O S E P H I N E (malicieuse)
648 3318 3419 3506 Ohl toi, Schutz, c'est autre chose.Tu as su contenter monsieur le di¬
648 3485 2561 3635 recteur d'une façon tout à fait exceptionnelle!
1108 3621 2049 3781 BAUDOUIN (riant)
641 3739 1948 3910 Oui,il est très content de toi.
1112 3875 1756 4053 S C E N E 12.
641 4008 1858 4234 LES MÊMES : KARINSKI et VOGEL
680 4147 3346 4346 (Karinski et Vogel apparaissent dans une allée,au fond, et s'appro-
641 4321 1798 4510 chent peu à peu des aateurs )
1094 4471 1509 4576 VOGEL
638 4496 3405 4712 Mais non, je ne me suis pas trompé, je connais bien Rohnstedt. Il était
627 4715 3314 4910 avec moi,il y a 2 ans dans la capitale et nous avons passé ensemble
