<?xml version="1.0" encoding="UTF-8" standalone="yes"?>
<PcGts xmlns="http://schema.primaresearch.org/PAGE/gts/pagecontent/2013-07-15" xmlns:xsi="http://www.w3.org/2001/XMLSchema-instance" xsi:schemaLocation="http://schema.primaresearch.org/PAGE/gts/pagecontent/2013-07-15 http://schema.primaresearch.org/PAGE/gts/pagecontent/2013-07-15/pagecontent.xsd">
    <Metadata>
        <Creator>prov=READ-COOP:name=TrHtr:version=2.1.0:model_id=51170:date=15_08_2023_06:57</Creator>
        <Created>2023-05-10T15:36:01.524+02:00</Created>
        <LastChange>2023-08-15T06:57:42.724+02:00</LastChange>
        <TranskribusMetadata docId="1428922" pageId="55434917" pageNr="89" tsid="132841399" status="IN_PROGRESS" userId="64420" imgUrl="https://files.transkribus.eu/Get?id=OJQJQGELAUUWPLHZVWQGUZPJ&amp;fileType=view" xmlUrl="https://files.transkribus.eu/Get?id=PGBPRTFBQUHAVOAVRJQUUDLL" imageId="44708907"/>
    </Metadata>
    <Page imageFilename="1428922_0089.jpg" imageWidth="3496" imageHeight="5208">
        <ReadingOrder>
            <OrderedGroup id="ro_1711801517044" caption="Regions reading order">
                <RegionRefIndexed index="0" regionRef="tr_1"/>
                <RegionRefIndexed index="1" regionRef="tr_2"/>
                <RegionRefIndexed index="2" regionRef="tr_3"/>
            </OrderedGroup>
        </ReadingOrder>
        <TextRegion id="tr_1" custom="readingOrder {index:0;}">
            <Coords points="401,334 3209,334 3209,1996 401,1996"/>
            <TextLine id="tr_1_tl_1" custom="readingOrder {index:0;}">
                <Coords points="2721,414 2760,425 2795,407 2827,425 2851,414 2900,435 2928,435 2935,253 2907,253 2886,239 2837,263 2798,225 2728,221"/>
                <Baseline points="2743,390 2767,390 2854,384 2941,384"/>
                <TextEquiv>
                    <Unicode>-eb-</Unicode>
                </TextEquiv>
            </TextLine>
            <TextLine id="tr_1_tl_2" custom="readingOrder {index:1;}">
                <Coords points="383,569 3129,593 3093,383 1956,481 383,383"/>
                <Baseline points="401,512 489,506 576,512 664,512 751,512 838,512 926,518 1013,518 1101,524 1188,530 1275,530 1363,535 1450,535 1537,535 1625,535 1712,535 1800,541 1887,535 1974,535 2062,535 2149,535 2236,535 2324,535 2411,541 2499,535 2586,530 2673,530 2761,530 2848,530 2936,530 3023,524 3110,524 3139,530"/>
                <TextEquiv>
                    <Unicode>dis que je m'en fous. Et puisque nous en sommes là,je dois vous avouer</Unicode>
                </TextEquiv>
            </TextLine>
            <TextLine id="tr_1_tl_3" custom="readingOrder {index:2;}">
                <Coords points="386,709 2770,716 3055,692 3055,586 386,590"/>
                <Baseline points="407,634 495,634 582,634 669,640 757,646 844,646 932,652 1019,658 1106,658 1194,658 1281,664 1368,664 1456,669 1543,669 1631,669 1718,669 1805,669 1893,669 1980,675 2068,669 2155,669 2242,669 2330,669 2417,664 2504,664 2592,664 2679,664 2767,664 2854,664 2941,664 3029,664 3064,669"/>
                <TextEquiv>
                    <Unicode>quelle n'aime pas voir de collages entre mes pensionnaires.De temps en</Unicode>
                </TextEquiv>
            </TextLine>
            <TextLine id="tr_1_tl_4" custom="readingOrder {index:3;}">
                <Coords points="407,832 3199,804 3199,709 2978,671 407,688"/>
                <Baseline points="425,774 512,774 600,780 687,780 774,780 862,786 949,786 1036,792 1124,792 1211,798 1299,798 1386,803 1473,803 1561,803 1648,803 1736,803 1823,803 1910,803 1998,803 2085,803 2172,798 2260,798 2347,798 2435,798 2522,798 2609,798 2697,798 2784,792 2871,792 2959,792 3046,792 3134,792 3209,798"/>
                <TextEquiv>
                    <Unicode>temps, passagèrement... ça c'est votre affaire ; mais pour de bon, non.</Unicode>
                </TextEquiv>
            </TextLine>
            <TextLine id="tr_1_tl_5" custom="readingOrder {index:4;}">
                <Coords points="386,945 3129,955 3129,843 2914,825 386,822"/>
                <Baseline points="407,902 495,908 582,914 669,914 757,914 844,914 932,920 1019,920 1106,920 1194,926 1281,932 1368,932 1456,937 1543,937 1631,937 1718,937 1805,932 1893,932 1980,937 2068,932 2155,932 2242,932 2330,926 2417,926 2504,932 2592,926 2679,920 2767,920 2854,914 2941,920 3029,914 3116,914 3139,920"/>
                <TextEquiv>
                    <Unicode>Si je voulais tolérer ça, j'engagerais des gens mariés,ça revient meil-</Unicode>
                </TextEquiv>
            </TextLine>
            <TextLine id="tr_1_tl_6" custom="readingOrder {index:5;}">
                <Coords points="393,1085 3041,1078 2967,945 2658,1015 393,959"/>
                <Baseline points="413,1036 500,1042 588,1042 675,1042 763,1042 850,1048 937,1048 1025,1054 1112,1054 1200,1054 1287,1054 1374,1060 1462,1054 1549,1060 1636,1060 1724,1060 1811,1060 1899,1060 1986,1060 2073,1060 2161,1060 2248,1054 2336,1060 2423,1054 2510,1054 2598,1054 2685,1054 2772,1048 2860,1048 2947,1048 3035,1048 3046,1048"/>
                <TextEquiv>
                    <Unicode>leur marché ; mais je désire que le public ait toujours le sentiment</Unicode>
                </TextEquiv>
            </TextLine>
            <TextLine id="tr_1_tl_7" custom="readingOrder {index:6;}">
                <Coords points="393,1215 3079,1218 3171,1050 393,1106"/>
                <Baseline points="413,1182 500,1182 588,1176 675,1182 763,1182 850,1182 937,1188 1025,1188 1112,1188 1200,1194 1287,1194 1374,1194 1462,1194 1549,1194 1636,1194 1724,1194 1811,1194 1899,1194 1986,1194 2073,1194 2161,1194 2248,1194 2336,1194 2423,1188 2510,1188 2598,1188 2685,1188 2772,1188 2860,1182 2947,1182 3035,1188 3122,1176 3180,1182"/>
                <TextEquiv>
                    <Unicode>que mes comédiens et surtout mes commédiennes sont - comment dirais-je</Unicode>
                </TextEquiv>
            </TextLine>
            <TextLine id="tr_1_tl_8" custom="readingOrder {index:7;}">
                <Coords points="397,1404 667,1359 783,1390 836,1366 881,1397 913,1373 1008,1376 1004,1246 969,1239 916,1254 885,1225 864,1246 720,1243 695,1264 576,1222 509,1261 471,1239 393,1254"/>
                <Baseline points="413,1316 500,1316 588,1322 675,1322 763,1322 850,1322 937,1328 1013,1328"/>
                <TextEquiv>
                    <Unicode>indépendants.</Unicode>
                </TextEquiv>
            </TextLine>
            <TextLine id="tr_1_tl_9" custom="readingOrder {index:8;}">
                <Coords points="674,1503 737,1492 860,1527 916,1489 1001,1524 1092,1489 1166,1503 1218,1489 1222,1390 1166,1373 1138,1394 913,1383 885,1401 829,1373 783,1390 723,1362 678,1373"/>
                <Baseline points="693,1462 704,1462 792,1462 879,1456 967,1450 1054,1456 1141,1450 1229,1450"/>
                <TextEquiv>
                    <Unicode>FINK</Unicode>
                </TextEquiv>
            </TextLine>
            <TextLine id="tr_1_tl_10" custom="readingOrder {index:9;}">
                <Coords points="386,1678 2949,1650 3107,1605 3107,1492 386,1520"/>
                <Baseline points="407,1578 495,1578 582,1584 669,1584 757,1584 844,1584 932,1584 1019,1590 1106,1590 1194,1590 1281,1590 1368,1590 1456,1590 1543,1590 1631,1590 1718,1590 1805,1590 1893,1584 1980,1590 2068,1590 2155,1584 2242,1584 2330,1584 2417,1584 2504,1584 2592,1584 2679,1584 2767,1584 2854,1578 2941,1578 3029,1578 3116,1578"/>
                <TextEquiv>
                    <Unicode>Monsieur le directeur a parfaitement raison. Allons répéter,Enderlé.</Unicode>
                </TextEquiv>
            </TextLine>
            <TextLine id="tr_1_tl_11" custom="readingOrder {index:10;}">
                <Coords points="850,1770 3136,1745 3136,1661 2816,1608 850,1657"/>
                <Baseline points="868,1718 873,1712 961,1712 1048,1712 1135,1712 1223,1712 1310,1718 1398,1718 1485,1718 1572,1718 1660,1712 1747,1712 1835,1712 1922,1712 2009,1712 2097,1712 2184,1712 2271,1706 2359,1706 2446,1706 2534,1706 2621,1706 2708,1701 2796,1701 2883,1701 2971,1701 3058,1695 3145,1701"/>
                <TextEquiv>
                    <Unicode>SOHNEIDER (en apercevant Anna Ridel qui vient du</Unicode>
                </TextEquiv>
            </TextLine>
            <TextLine id="tr_1_tl_12" custom="readingOrder {index:11;}">
                <Coords points="386,1928 2022,1861 3150,1970 3104,1738 1970,1822 386,1763"/>
                <Baseline points="407,1846 448,1852 535,1852 623,1846 710,1846 798,1852 885,1852 972,1852 1060,1852 1147,1858 1235,1858 1322,1852 1409,1852 1497,1852 1584,1852 1671,1852 1759,1846 1846,1846 1934,1852 2021,1852 2108,1852 2196,1852 2283,1846 2370,1846 2458,1840 2545,1846 2633,1840 2720,1840 2807,1835 2895,1840 2982,1835 3070,1835 3157,1829"/>
                <TextEquiv>
                    <Unicode>fond (Et là-dessus, au revoir messieurs. (il se tourne de l’autre eô-</Unicode>
                </TextEquiv>
            </TextLine>
            <TextLine id="tr_1_tl_13" custom="readingOrder {index:12;}">
                <Coords points="400,2054 2114,2065 2205,2019 2205,1900 400,1917"/>
                <Baseline points="419,1980 466,1980 553,1986 640,1980 728,1980 815,1986 902,1980 990,1980 1077,1980 1165,1986 1252,1986 1339,1986 1427,1986 1514,1980 1602,1980 1689,1980 1776,1980 1864,1980 1951,1980 2038,1974 2126,1974 2213,1974"/>
                <TextEquiv>
                    <Unicode>te; - Fink et Enderlé entrent dans le théâtre )</Unicode>
                </TextEquiv>
            </TextLine>
        </TextRegion>
        <TextRegion id="tr_2" custom="readingOrder {index:1;}">
            <Coords points="407,2105 3209,2105 3209,3645 407,3645"/>
            <TextLine id="tr_2_tl_1" custom="readingOrder {index:0;}">
                <Coords points="867,2219 1029,2163 1436,2205 1478,2191 1478,2051 1299,2075 1232,2040 1064,2086 867,2065"/>
                <Baseline points="885,2161 972,2155 1060,2155 1147,2155 1235,2161 1322,2161 1409,2161 1485,2161"/>
                <TextEquiv>
                    <Unicode>SC E N E 11.</Unicode>
                </TextEquiv>
            </TextLine>
            <TextLine id="tr_2_tl_2" custom="readingOrder {index:1;}">
                <Coords points="400,2353 1338,2338 1338,2191 1145,2177 1039,2219 864,2188 709,2223 607,2198 509,2230 400,2198"/>
                <Baseline points="419,2289 506,2295 594,2289 681,2289 768,2295 856,2295 943,2289 1031,2289 1118,2289 1205,2289 1293,2295 1345,2295"/>
                <TextEquiv>
                    <Unicode>SCHNEIDER, ANNA RIEDEL</Unicode>
                </TextEquiv>
            </TextLine>
            <TextLine id="tr_2_tl_3" custom="readingOrder {index:2;}">
                <Coords points="878,2440 3199,2504 3129,2296 878,2349"/>
                <Baseline points="897,2423 937,2423 1025,2423 1112,2423 1200,2423 1287,2423 1374,2423 1462,2423 1549,2423 1636,2423 1724,2423 1811,2423 1899,2423 1986,2417 2073,2417 2161,2417 2248,2417 2336,2417 2423,2411 2510,2411 2598,2411 2685,2411 2772,2405 2860,2405 2947,2405 3035,2405 3122,2405 3209,2405"/>
                <TextEquiv>
                    <Unicode>S CH N E I D E R (saluant Anna aveo une déférence laquel¬</Unicode>
                </TextEquiv>
            </TextLine>
            <TextLine id="tr_2_tl_4" custom="readingOrder {index:3;}">
                <Coords points="400,2626 1766,2598 1766,2468 1678,2504 1496,2433 906,2489 836,2447 671,2500 400,2468"/>
                <Baseline points="419,2569 460,2569 547,2563 634,2563 722,2563 809,2563 897,2563 984,2563 1071,2563 1159,2557 1246,2557 1334,2557 1421,2557 1508,2557 1596,2557 1683,2551 1770,2557"/>
                <TextEquiv>
                    <Unicode>le on n'est pas habitue de sa part)</Unicode>
                </TextEquiv>
            </TextLine>
            <TextLine id="tr_2_tl_5" custom="readingOrder {index:4;}">
                <Coords points="400,2742 572,2725 621,2742 713,2714 741,2739 801,2735 846,2711 916,2735 976,2718 976,2598 867,2602 822,2630 629,2612 572,2644 499,2623 400,2640"/>
                <Baseline points="419,2697 506,2697 594,2697 681,2697 768,2697 856,2697 943,2697 984,2697"/>
                <TextEquiv>
                    <Unicode>Mademoiselle!</Unicode>
                </TextEquiv>
            </TextLine>
            <TextLine id="tr_2_tl_6" custom="readingOrder {index:5;}">
                <Coords points="864,2872 1415,2865 1482,2897 1538,2858 1678,2872 1728,2858 1731,2707 1633,2721 1573,2676 1475,2676 1390,2728 1215,2683 1099,2742 1022,2718 867,2753"/>
                <Baseline points="885,2831 955,2831 1042,2825 1130,2831 1217,2825 1304,2825 1392,2825 1479,2825 1567,2819 1654,2819 1741,2819"/>
                <TextEquiv>
                    <Unicode>ANNA ( très froide)</Unicode>
                </TextEquiv>
            </TextLine>
            <TextLine id="tr_2_tl_7" custom="readingOrder {index:6;}">
                <Coords points="386,2981 2935,2978 3157,2949 3157,2816 386,2914"/>
                <Baseline points="407,2965 454,2971 541,2965 629,2971 716,2965 803,2965 891,2965 978,2965 1066,2965 1153,2959 1240,2959 1328,2959 1415,2953 1502,2953 1590,2953 1677,2953 1765,2947 1852,2953 1939,2947 2027,2947 2114,2947 2202,2947 2289,2941 2376,2941 2464,2941 2551,2941 2638,2941 2726,2941 2813,2941 2901,2941 2988,2941 3075,2941 3163,2936"/>
                <TextEquiv>
                    <Unicode>Je vous demande pardon, mais je dois encore aller chercher quelques me-</Unicode>
                </TextEquiv>
            </TextLine>
            <TextLine id="tr_2_tl_8" custom="readingOrder {index:7;}">
                <Coords points="407,3143 692,3181 1043,3111 1303,3157 1640,3083 1970,3100 1970,3027 1661,2971 411,3041"/>
                <Baseline points="425,3104 489,3104 576,3104 664,3104 751,3099 838,3099 926,3093 1013,3093 1101,3087 1188,3087 1275,3087 1363,3087 1450,3087 1537,3087 1625,3081 1712,3081 1800,3081 1887,3081 1974,3081"/>
                <TextEquiv>
                    <Unicode>nus objets qui se trouvent dans ma loge.</Unicode>
                </TextEquiv>
            </TextLine>
            <TextLine id="tr_2_tl_9" custom="readingOrder {index:8;}">
                <Coords points="867,3283 1099,3244 1148,3269 1215,3234 1376,3269 1422,3241 1573,3234 1577,3104 1303,3157 1225,3118 1159,3160 1036,3114 987,3157 871,3167"/>
                <Baseline points="885,3233 972,3227 1060,3221 1147,3221 1235,3221 1322,3221 1409,3221 1497,3215 1584,3215"/>
                <TextEquiv>
                    <Unicode>SCHNEIDER</Unicode>
                </TextEquiv>
            </TextLine>
            <TextLine id="tr_2_tl_10" custom="readingOrder {index:9;}">
                <Coords points="407,3416 3199,3385 3164,3220 411,3290"/>
                <Baseline points="431,3372 500,3372 588,3372 675,3372 763,3367 850,3367 937,3367 1025,3361 1112,3367 1200,3361 1287,3355 1374,3355 1462,3355 1549,3355 1636,3349 1724,3349 1811,3349 1899,3349 1986,3349 2073,3349 2161,3349 2248,3349 2336,3343 2423,3343 2510,3343 2598,3343 2685,3343 2772,3343 2860,3338 2947,3338 3035,3332 3122,3332 3209,3338"/>
                <TextEquiv>
                    <Unicode>Laisses tout cela, chère mademoiselle Rädel,car je n'ai pas l'intention</Unicode>
                </TextEquiv>
            </TextLine>
            <TextLine id="tr_2_tl_11" custom="readingOrder {index:10;}">
                <Coords points="414,3571 527,3532 692,3560 895,3518 1580,3522 1584,3420 1334,3430 1173,3388 885,3448 607,3416 418,3445"/>
                <Baseline points="436,3512 454,3512 541,3512 629,3506 716,3506 803,3501 891,3501 978,3501 1066,3495 1153,3495 1240,3495 1328,3489 1415,3483 1502,3483 1590,3483"/>
                <TextEquiv>
                    <Unicode>de résilier votre engagement.</Unicode>
                </TextEquiv>
            </TextLine>
            <TextLine id="tr_2_tl_12" custom="readingOrder {index:11;}">
                <Coords points="808,3690 980,3708 1096,3659 1197,3683 1201,3560 1057,3560 1039,3574 966,3560 902,3522 811,3532"/>
                <Baseline points="827,3635 862,3635 949,3635 1036,3629 1124,3629 1211,3623"/>
                <TextEquiv>
                    <Unicode>ANNA</Unicode>
                </TextEquiv>
            </TextLine>
        </TextRegion>
        <TextRegion id="tr_3" custom="readingOrder {index:2;}">
            <Coords points="413,3707 3221,3707 3221,4909 413,4909"/>
            <TextLine id="tr_3_tl_1" custom="readingOrder {index:0;}">
                <Coords points="400,3827 537,3859 636,3796 878,3859 1025,3789 1088,3824 1176,3775 1289,3806 1348,3792 1352,3669 1254,3638 1180,3680 1099,3659 1011,3704 846,3687 709,3722 614,3683 400,3739"/>
                <Baseline points="419,3792 483,3786 570,3786 658,3780 745,3780 833,3780 920,3780 1007,3774 1095,3769 1182,3763 1269,3763 1357,3757"/>
                <TextEquiv>
                    <Unicode>Il l'est déja,je pense.</Unicode>
                </TextEquiv>
            </TextLine>
            <TextLine id="tr_3_tl_2" custom="readingOrder {index:1;}">
                <Coords points="442,3968 709,3926 1004,3961 1348,3897 1408,3933 1584,3897 1591,3785 1503,3754 1401,3817 1025,3789 881,3859 751,3827 446,3905"/>
                <Baseline points="466,3932 547,3926 634,3920 722,3914 809,3914 897,3908 984,3903 1071,3897 1159,3897 1246,3891 1334,3885 1421,3885 1508,3885 1596,3879"/>
                <TextEquiv>
                    <Unicode>SCHNEIDER</Unicode>
                </TextEquiv>
            </TextLine>
            <TextLine id="tr_3_tl_3" custom="readingOrder {index:2;}">
                <Coords points="418,4087 3192,4070 3220,3796 418,3978"/>
                <Baseline points="436,4054 512,4054 600,4060 687,4054 774,4048 862,4042 949,4037 1036,4037 1124,4031 1211,4031 1299,4025 1386,4025 1473,4019 1561,4019 1648,4013 1736,4007 1823,4013 1910,4007 1998,4007 2085,4007 2172,4007 2260,4013 2347,4007 2435,4002 2522,4007 2609,4002 2697,4002 2784,3996 2871,3996 2959,3996 3046,3996 3134,3996 3221,3996"/>
                <TextEquiv>
                    <Unicode>Non, nou mademoiselle.Vous resterez chez nous,et,va sans dire que vous</Unicode>
                </TextEquiv>
            </TextLine>
            <TextLine id="tr_3_tl_4" custom="readingOrder {index:3;}">
                <Coords points="407,4259 1429,4161 1907,4210 2209,4164 2212,4063 1636,4027 411,4112"/>
                <Baseline points="431,4194 471,4188 559,4188 646,4182 734,4176 821,4176 908,4171 996,4171 1083,4165 1170,4159 1258,4153 1345,4153 1433,4147 1520,4147 1607,4147 1695,4141 1782,4136 1869,4136 1957,4136 2044,4136 2132,4136 2219,4141"/>
                <TextEquiv>
                    <Unicode>continuerez à toucher votre traitement entier.</Unicode>
                </TextEquiv>
            </TextLine>
            <TextLine id="tr_3_tl_5" custom="readingOrder {index:4;}">
                <Coords points="878,4326 969,4354 1060,4305 1099,4329 1180,4312 1268,4350 1327,4322 1499,4322 1524,4315 1531,4175 1320,4221 1243,4171 1036,4196 952,4231 881,4221"/>
                <Baseline points="897,4305 920,4305 1007,4293 1095,4293 1182,4293 1269,4287 1357,4281 1444,4281 1532,4270"/>
                <TextEquiv>
                    <Unicode>ANNA (riant)</Unicode>
                </TextEquiv>
            </TextLine>
            <TextLine id="tr_3_tl_6" custom="readingOrder {index:5;}">
                <Coords points="407,4477 509,4466 537,4484 572,4466 604,4491 643,4477 664,4491 681,4477 695,4494 755,4480 758,4322 688,4291 643,4305 565,4277 495,4294 446,4263 414,4263"/>
                <Baseline points="425,4450 500,4450 588,4444 675,4444 763,4439"/>
                <TextEquiv>
                    <Unicode>Adieu.</Unicode>
                </TextEquiv>
            </TextLine>
            <TextLine id="tr_3_tl_7" custom="readingOrder {index:6;}">
                <Coords points="520,4635 1591,4572 1598,4435 1383,4410 1166,4484 530,4477"/>
                <Baseline points="541,4584 547,4590 634,4578 722,4573 809,4555 897,4555 984,4549 1071,4543 1159,4543 1246,4538 1334,4532 1421,4526 1508,4526 1596,4526"/>
                <TextEquiv>
                    <Unicode>SCHNEIDER</Unicode>
                </TextEquiv>
            </TextLine>
            <TextLine id="tr_3_tl_8" custom="readingOrder {index:7;}">
                <Coords points="393,4737 3139,4712 3216,4582 2051,4530 397,4649"/>
                <Baseline points="413,4712 425,4712 512,4712 600,4707 687,4707 774,4701 862,4701 949,4695 1036,4695 1124,4689 1211,4683 1299,4677 1386,4672 1473,4666 1561,4666 1648,4660 1736,4654 1823,4654 1910,4648 1998,4648 2085,4648 2172,4642 2260,4642 2347,4642 2435,4642 2522,4642 2609,4642 2697,4642 2784,4642 2871,4642 2959,4642 3046,4642 3134,4648 3221,4654"/>
                <TextEquiv>
                    <Unicode>Je vous en prie,ne faites pas des bêtises ; peut-être trouves-vous que</Unicode>
                </TextEquiv>
            </TextLine>
            <TextLine id="tr_3_tl_9" custom="readingOrder {index:8;}">
                <Coords points="397,4926 1699,4930 2216,4831 3076,4898 3111,4684 2286,4765 1766,4670 1373,4803 400,4807"/>
                <Baseline points="419,4899 495,4899 582,4893 669,4887 757,4887 844,4887 932,4881 1019,4875 1106,4870 1194,4864 1281,4858 1368,4852 1456,4846 1543,4840 1631,4840 1718,4840 1805,4840 1893,4835 1980,4835 2068,4829 2155,4829 2242,4823 2330,4823 2417,4823 2504,4823 2592,4817 2679,4817 2767,4817 2854,4817 2941,4817 3029,4811 3116,4811"/>
                <TextEquiv>
                    <Unicode>Je ne vous paie pas assez l'En bien, vous augmente de 200, 300... 400</Unicode>
                </TextEquiv>
            </TextLine>
        </TextRegion>
    </Page>
</PcGts>
