3368 5160
482 71 739 307 " " " "
2670 303 2874 539 -61-
321 486 3120 653 chandelle ; ei en effet il existe des vérités qui méritent qu'on leur saa-
307 675 3092 800 rifie la vie.... la vérité que j'ai insorite sur la figure de Karinski
307 778 1196 950 n'est pasde celles-là.
785 978 1410 1153 SCÈNE 3.
300 1082 1885 1299 Les MÊMES : ANNA ( entrant précitemment)
793 1264 2042 1428 LE Do C T E U R ( à mi-voix)
311 1392 1110 1557 Ah! Je m'en doutais.
785 1517 1114 1721 PAUL
300 1664 518 1839 Anna!
785 1774 1499 1988 ANNA
307 1914 1753 2113 Vous êtes encore là,Dieu soit loué!
793 2085 1110 2238 PAUL
307 2199 2945 2381 Vous voilà tout essouflée,mademoiselle. Donner-vous la peine de vous
307 2363 646 2499 asseoir.
785 2492 1114 2599 ANNA
293 2635 3163 2788 C'est bien, s'est  bien. Dites-moi plutôt s'il est vrai que vous voulez vous
293 2745 1135 2938 battre avec Karinski?
803 2906 1107 3052 PAUL
293 3024 1110 3231 Vous n'y penses pas!
789 3174 1100 3342 ANNA
293 3263 3099 3477 On xxxx m'a rasonté ce qui s'est passé entre vous deux, et personne au
293 3463 3020 3591 theatre ne voulait croire que je l'ignorais encore. Mon Dieu, parles,
293 3577 3149 3748 dites quelque chose! (frappée subitement d'une idée) Serait-ce déjà fini?
782 3720 1564 3873 LE DoCTEUR
289 3827 3017 4027 Si c'était déjà passé il n'y aurait pas d'inconvénient à vous le dire,
282 4013 814 4180 medemoiselle.
785 4134 1089 4284 PAUL
289 4223 1635 4427 Il ne se passera rien,croyez m'en.
764 4384 2777 4520 A N A ( sans faire attention aux paroles de Paul
278 4509 3142 4677 Je sais bien, vous voulez que tout soit tenu secret,mais moi je m'en
271 4602 3052 4802 moque. Puisque'il s'agit de moi,j'ai le droit de savoir la vérité. Et
289 4766 3024 4937 soyez persuadé que je ne permettrai pas que vous vous battiez...........
