3832 5144
2914 341 3112 490 -14-
1235 452 2024 622 LE Do CTE UR
810 612 3495 755 Jéai l'impression qu'il veut se griser à tout prix. Il sait bien que
803 720 3564 883 Tôt ou tard ça va finir ;alors il joue,fait des dettes et court après
817 862 1607 1026 toutes les femmes
1259 1002 1565 1161 PAUL
821 1123 1401 1356 Après toutes?
1235 1214 2020 1419 LE Do C T E U R
817 1447 1043 1617 Oui.
1259 1495 1572 1673 PAUL
821 1624 2299 1819 Mais surtout après une,n'est-ce pas?
1252 1770 2020 1993 LE Do C T E U R
828 1930 3610 2097 Il est très bien, Paul, que tu partes. Car à la fin tu pourrais devenir
828 2083 1732 2253 sérieusement amoureux
1269 2219 1575 2375 PAUL
835 2319 3627 2483 Je ne crois pas.Jcai un seul désir en ce qui la concerne. Je voudrais
828 2479 2086 2653 la savoir dans un autre milieu.
1245 2615 2024 2751 LE COCTEUR
828 2737 1989 2932 C'est son premier engagement?
1259 2865 1575 3036 PAUL
821 2998 1036 3165 Oui.
1262 3112 2048 3290 LE Do Es F E U R
845 3231 2904 3429 Et pourquoi a-t-elle embrassé la carrière théatrale?
1290 3384 1589 3544 PAUL
842 3457 3171 3631 Qu'est-ce que tu veux, il fallait bien qu'elle ganguesa vie.
1259 3634 2038 3818 LE DoCTEUR
835 3780 1485 3933 La gagne-t-elle?
1269 3888 1572 4062 PAUL
835 4037 1492 4190 Je ne crois pas.
1252 4079 2052 4302 LE Do CTEUR
842 4239 1780 4399 Alors de quoi vit. elle?
1259 4357 1603 4562 PAUL
845 4507 3488 4688 elle a hérité quelques sous de son père; mais elle les aura bientôt
