3848 5160
1312 379 1876 635 LEOPOLD
777 521 3617 766 Il est venu en costume de eyesliste! Pensez donc,pour le tennys en sos-
816 699 3518 869 tume deoyeliste! A-t-on jamais vu chose parielle! Et Paul ou est-il?
823 830 2908 986 Serait.il déjà parti,comme il en avait l'intention?
1316 968 2099 1142 LE DoCTEUR
816 1067 2770 1241 Non, non, il ne partira pas sans nous dire adieu.
1312 1241 1862 1418 LEOPOLD
816 1379 3589 1511 Est-ce qu'on sait jamais avec lui. Du reste il a bien changé ses temps
819 1525 1007 1709 ai.
1305 1631 2135 1809 LE Do C T E U R
823 1773 1284 1943 Comment ca?
1319 1777 1887 2014 LEOPOLD
830 2021 3351 2149 Oh oui,il fait un tas de choses qui me déplaisent foncièrement.
1319 2128 2114 2280 LE Do C T E  UR
833 2277 1326 2426 Par exemple?
1323 2390 1883 2532 LEOPOLD
830 2507 2213 2688 Pourquoi a-t-il quitté le service?
1316 2667 2106 2805 LE Handreur
840 2759 2050 2961 Puisque ca ne lui plaisait pas!
1337 2908 1876 3082 LEOPOLD
833 3011 3653 3192 Mais c'était la volonté de son père! Il lui restaient toujours les après-
830 3170 3677 3298 midi pour faire de la peinture; et puis, la pein ture... aprés tout c'est
833 3287 2482 3465 un luxe! Le monde peut bien s'en passer!
1337 3426 1997 3589 V O G E L (rit)
1337 3539 2422 3720 LEOPOLD ( continuant)
840 3621 3653 3823 Moi je soutiens toujours qu'il va assez de tableaux, on n'a pas besoin
833 3798 3507 3940 de nouveaux.Voyez dans les galeries et dons les musées, ce qu'il y
840 3936 3270 4099 en a de cette peinture à l'huile, une toile à côté de l'autre!
1340 4050 2170 4213 LE DoCTEUR
844 4181 2454 4351 Céest une affaire de goût.
1337 4305 1919 4486 LEOPOLD.
840 4451 3642 4571 Non, cela n'est pas une affaire de goût... Et puis,enfin, Paul n'e¬
840 4553 3624 4784 plus le même! Il ne met plus les pieds chez nous. Ma sceur est très mé-
