3400 5208
2808 390 3016 612 -71-
738 562 1462 756 ROHNSTEDT
327 692 3030 872 Quitter l'armée,s'est pour lui la fin.Je sais que s'il est réduit à
320 815 3076 998 cette extrémité, et surtout dans ces conditions, il n'y survivra pas.
738 974 1476 1121 PAUL (se tait (
717 1090 1473 1269 ROHNSTEDT
309 1255 3055 1378 Il est mon camarade.Cala vous fait tout de même quelque chose, quand
327 1346 3030 1515 on a eu des relations amicales avec quelqu'un depuis des années,même
327 1494 3090 1670 quand ce quelqu'un.... je ne peux pas assister tranquillement
327 1645 3051 1768 à m perte, je ne le peux pas. Et c'est pourquoi je vous prie,je vous
320 1768 2025 1926 supplie encore une fois : acceptes ce duel.
728 1877 2387 2074 PAUL (après un long moment de silence)
316 2025 3125 2200 Monsieur le lieutenant, ma stupefaction est sans bornes. Avez-vous séri-
316 2183 3097 2334 eusement pensé que les raisons que vous venez de me soumettre
327 2292 3072 2446 pourraient avoir pour moi la moindre importance? Ma croyez-vous dispo¬
316 2436 3107 2612 sé à risquer la vie parce que monsieur Karinski s'imagine ne pas pouvoir
316 2594 3044 2745 exister sans porter un uniforme? Je ne lui resonnais aucun droit pour
320 2707 685 2819 me tuer.
745 2749 1884 3005 ROHNSTEDT (se levant)
309 2893 3002 3146 Mais en agissant comme vous le faites,vous le tuez. En avez-vous le
316 3128 587 3287 droit?
735 3178 2573 3395 PAUL ( avec une énergie toujours croissante)
309 3346 3065 3487 Qui ose dire que je le tue? Je rencontre un individu que je châtie com-
309 3519 3104 3663 me il le mérite : c'est tout ce que j'avais à faire.De quel droit veut-
309 3631 3090 3779 on me rendre responsable de ce qui peut en advenir? Il n'est pas en mon
309 3754 3118 3926 pouvoir de lui rendre son honneur,pas plus qu'il n'était en mon pouvour
2837 3859 3072 3940 desin.
309 3891 3100 4056 de le lui prendre ; et s'il l'a perdu cet honneur,ce n'est pas de reca¬
316 4007 3090 4134 une gifle mais de l'avoir méritée. Cet homme qui prétend tellement
316 4158 3135 4320 tenir à l'honneur a essayé d'attenter à celui de quelqu’un qu’il connais¬
299 4236 851 4450 sait à peine.
717 4397 1459 4559 ROHNSTEDT
302 4482 3044 4668 Nous savons bien que la est son tort : mais le châtiment que vous lui
302 4629 1255 4837 infliges est trop aruel.
