3416 5144
2569 379 2772 575 -33-
854 397 1200 686 PAUL
368 607 1986 800 Mais vous ne refuserez pas de me écrire?
836 775 1161 986 ANNA
372 915 882 1104 A quoi bon?
882 1047 1525 1229 AUL (agasé)
379 1157 3083 1340 Comme vous voudrez! (silence) Je serais tout de même surieux de con¬
368 1283 1140 1525 naître vos projets.
829 1468 1165 1633 ANNA
350 1604 3226 1754 Pour l'instant je vais retourner chez ma mère; et pour la saison prochain
361 1754 2204 1929 ne on verra!Il se trouvera bien quelque chose.
829 1879 1154 2076 PAUL
343 2011 672 2197 Si non?
815 2136 1140 2297 ANNA
361 2247 3205 2447 Qui sait! Si je change de caractère... quand j'aurai vécu un peu plus
343 2429 1504 2615 longtemps en cette compagnie!
811 2569 1136 2715 PAUL
339 2690 1290 2872 Vous êtes plutôt amère.
800 2837 1147 3012 A N NA
339 2972 3079 3165 Je deviendrai comme les autres „soyez sur. Actuellement tout le monde
350 3094 2658 3287 est indigné parce que j'ose encore me défendre,mais!.....
804 3255 1140 3401 PAUL
350 3372 3187 3540 Voyons, en embrassant cette carrière vous deviez pourtant bien savoir que
318 3526 2158 3701 le théâtre n'est pas une pépinière à rosiéres.
790 3644 1115 3794 ANNA
322 3708 3172 3958 Gertainement et ce n'est pas cela qui me choque.Ce qui me révolte,s'est
329 3912 3147 4040 lutôt de voir comment on me traite son me fait comprendre d'une manière
318 4030 3165 4194 non équivoque que c'est une outresuidance de ma part de ne pas vouloir me
332 4183 639 4326 vendre.
779 4226 1111 4423 PAUL
304 4387 1236 4541 Qui peut vous y foreer?
761 4516 1107 4673 ANNA
300 4616 3094 4905 Moy forser,personne! Mais finalement, on se lasse.... et on sède!...
