3384 5176
2634 385 2844 584 -63-
727 506 1051 698 ANNA
225 666 3043 841 Un instant, monsieur le docteur. (silense) Je sais pourquoi vous vous en
235 830 713 973 alles ainsi.
727 912 1511 1119 LE DoCTEUR
239 1055 887 1244 Je vous en prie.
741 1212 1062 1372 ANNA
235 1287 3026 1504 Je ne suis pas amoureusele votre ami,et ne lui jamais fait croire. Mais
239 1436 3054 1607 on n'a pas besoin de cela pour vouloir éviter un malheur, surtout quand
257 1582 2028 1764 on en est la cause. Vous me comprenes docteur?
748 1746 2245 1896 LE DoCTEUR (sans conviction)
249 1896 780 2128 Certainement.
759 2017 1087 2195 ANNA
249 2074 3008 2299 Et dans ce but on fait tout ce qui semble bon et utile, n'est. ce pas?
759 2295 1087 2445 PAUL
278 2438 1101 2612 Personne n'en doute
770 2569 1564 2737 LE Do C TE U R
264 2687 1429 2904 Je n'aurais jamais ose......
780 2872 1101 2994 ANNA
282 2994 2716 3147 Mais vous osez penser que je sais bien profiter des occasions.
798 3154 1115 3343 PAUL
285 3314 502 3439 Anna!
791 3371 1130 3553 ANNA
303 3596 1222 3767 Je sais qu'il le pense.
791 3607 1604 3874 LE Do C TEUR
303 3756 2534 4006 On No'est pas responsable des occasions qui se présentent.
777 3974 1087 4145 PAUL
310 4113 670 4305 Wellner!
777 4219 1572 4405 LE DU C TEUR
324 4252 3186 4554 Je vous demande pardon, mais ce n'est pas moi qui aiamene la conversation
317 4480 1828 4683 sur ce perrain. Adieu. (il disparaît)
