3448 5160
2639 280 2834 443 -27-
772 567 2101 747 KARINSKI (l'interrompant)
315 701 2405 868 Je pense que ce rôle irait à merveille à M-Ile Ridel.
779 840 1112 967 FINK
319 953 2529 1141 En province c'est toujours l'ingénue qui fait le "Bébé",
772 1095 2852 1251 KARINSKI (ne cessant pas de fixer Anna Ridel)
315 1226 3153 1389 Et le oostume lui sierra divinament bien,...d'après ce qu'en peuvent ju
329 1367 1991 1555 ger ceux qui ne la connaissent qu'un peu.
783 1477 1598 1651 LEVY ( à mi-voix)
308 1591 1863 1810 Mais le bébé ne porte qu'une chemise...
776 1754 2427 1931 SOHNEIDER (d'un ton sévère à Fink)
315 1913 2175 2044 Oui, nous ferons jouer le bébé par M-lle Ridel.
772 2019 1424 2172 KARINSKI
319 2154 1612 2331 Au revoir monsieur le directeur.
779 2285 1187 2458 VOGEL
301 2423 1031 2600 A tout à l'heure.
769 2558 2731 2753 SCHNEIDER ( saluant avec grande déférence)
308 2675 1739 2838 A l'honneur de vous revoir, messieurs.
290 2834 1580 2979 (KARINSKI et VOGEL s'éloignent)
776 3036 1389 3210 SOÈNE 14.
308 3149 1686 3333 LES MÉMES moins les deux officiers.
769 3305 1509 3465 M-lle sCHUTZ
956 3376 1286 3468 de voir
298 3383 3149 3578 Oest un plaisir avec quelle urbanité messieurs les officiers
308 3581 1676 3723 sausent avec monsieur le directeur.
762 3670 1488 3826 SCHNEIDER
308 3805 3050 3946 Il ne dépend quéde nous,mes chers, d'être honorés de l'amitié des plus
308 3925 3075 4134 distingués personnages. Le moyen est très simplete est d'être distingué
315 4063 684 4255 soi-Même.
956 4070 1279 4223 pourquel
772 4187 1336 4340 ENDERLE
283 4297 1173 4488 C'est pas facile, ca!
737 4425 2604 4612 SCHNEDER (lui lance un régard sévère)
765 4573 1158 4736 selk.
365 4556 747 4726 Vous peux
290 4719 2607 4885 Mes enfants il est temps. A bientôt,monsieur le directeur.
1622 4804 1835 4921 orens
2313 4807 2600 4960 sons de la
