3912 5128
1343 401 2070 541 JOSEPHINE
858 510 2267 682 Ah! Enderlé... Mais non, mais non!
1360 647 1765 801 VOGEL
847 763 1786 1009 On sait ce qu'on sait!
1364 840 2482 1076 JOSEPHINE (offensée)
861 988 3504 1220 Eh ben merci! Pour qui me prenez vous, monsieur? (tendrement) Ch) mon
868 1100 3406 1315 petit Rodolphe! Et puis,un camarade,est.oe qu'on y pense jamais!
1388 1283 1782 1452 VOGEL
865 1399 3504 1596 Du reste, tu peux faire ce que tu veux ; est-ce que ce me regarde!
1395 1557 2081 1708 JOSEPHINE
875 1624 3691 1817 A la bonheur! Tu n'es pas jaloux,toi! Obest le cas de le dire. Au revoir!
1399 1821 1796 1975 VOGEL
893 1902 3533 2084 A ce soir, alors. Et tu tacherade bien jouer pour que je n'aie pas
889 2067 1982 2260 honte devant mes camarades.
1395 2176 2095 2380 JOSEPHINE
900 2316 1413 2513 Tu seras là?
1420 2450 1824 2640 VOGEL
907 2584 2960 2773 Mais comment donc? (la saluant negligemment) Bonjour!
1420 2707 3185 2872 JOSEPHINE ( fait le salut militaire)
924 2840 3550 3048 (Elle s'avance un peu vers le théâtre ; cause quelque temps avec ses
924 2963 3497 3185 collegues et disparaît par l'entrée des artistes. Pendant ce temps
931 3146 2429 3343 VOGEL a rencontré le DOCTEUR WÈLLNER.)
1441 3276 2021 3483 scene II.
924 3431 1993 3631 VOGEL; LE toncieur weLLNER.
956 3550 3554 3740 l'LE DoOTNUR a 30 ans,il est grand et fort. Il porte un pinse-nes
949 3680 2858 3881 sans cordon - complet gris.Il fume un eigare.)
1455 3782 3599 3958 V O GEL (il traite le docteur avec un léger méprie,
953 3926 2520 4113 comme du reste tous les autres civils.)
946 4095 1613 4271 Bonjour dooteur.
1438 4077 3800 4320 LE D C T E U R (traite Vogel avec une certaine ironie
953 4267 2450 4492 mais dont l'autre ne s'aperçoit pas.)
967 4278 3789 4615 Bonsoir lieutenant, Que diable avez vous fait toute la journée? On ne vous
984 4570 2102 4798 a pas vu au Casino oe matin?
