4472 5400
1797 372 2193 570 - 19 -
1287 661 1920 922 Ah Charles!
808 693 1104 954 Elsa:
1310 784 4165 1057 Habe keine Angst, es kommt niemand..O komm!...Wie schön du
839 895 1247 1097 Charles:
1322 994 3088 1243 bist! Lass' mich deine Hände küssen.
1314 1168 1754 1397 Charles!
827 1148 1128 1382 Elsa:
1330 1283 4074 1520 Elsa - Elsa! Ich bin berauscht! Verzeih mir, deine Schön-
851 1366 1259 1587 Charles:
1310 1437 4113 1718 heit reisst mich hin!... Darf ich dir nicht ein Glas Cham¬
1322 1611 2209 1833 pagner anbieten?
1334 1821 1655 2007 Nein.
855 1805 1148 2019 Elsa:
867 1912 4022 2177 Charles: O bitte! Nippe nur daran,- nippe, mein Engel!... So. Nun
1342 2066 4006 2288 ist es Nektar für mich geworden. (Er trinkt und schenkt
1362 2193 3998 2423 ein zweites ein) So, nun will ich nippen und du sollst
1370 2355 4046 2629 trinken. O bitte! (Sie trinkt) So, ein Kuss!...Ach,  ein
1358 2490 4169 2751 Kuss auf diesen Rosenmund! Welche Wonne!...Ach! und ist es
1366 2640 4165 2910 möglich, dass mich dieser Engel liebt,- wirklich liebt?...
1374 2862 3084 3048 Hab' keine Angst, es kommt niemand.
1382 3009 2355 3230 Charles....Charles!
891 3028 1211 3242 Elsa:
1393 3116 4232 3405 Ich Tor, dass ich so lange auf dieser Welt herumirren konn-
911 3203 1346 3389 Charles:
1386 3306 4248 3488 te, ohne zu ahnen, dass eine Elsa hierselbst (er sucht nach
1382 3456 4026 3666 Worten)...ihren Wohnsitz hat... Meine Elsa, o es ist zu
1382 3602 4161 3844 viel!...Ist dies meiner Else Ohr?.... Ja, meiner lieben,
1405 3757 4200 3994 Heinzigen Else süsses Ohr!.... Deine Augen! Ah! ich vergehe!
1405 3911 3808 4180 Charles.... ach Charles.... was machst du aus mir!
934 3998 1271 4165 Elsa:
946 4078 4133 4311 Charles: Sei ruhig, mein Kind, es ist alles nur zu deinem Besten.
1401 4216 4240 4422 Vor Gott bist du die Meinem, du sollst/es bald auch vor den
1393 4370 3179 4588 Menschen seiden.- Es kommt niemand.
1401 4541 4307 4770 Ach ja, ich weiss, dass du ein Ehremann bist. Ich hab
946 4608 1267 4861 Elsa:
1437 4715 4054 4956 es ja immer gewusst, dass du nicht dein Spiel mit mir
1437 4857 4085 5107 treibst. Sie sind nur alle neidisch, wenn sie auf die
