4408 5128
2269 570 2544 767 G.H.F.P.
1475 664 3904 905 meine Lieben, ich weiss, dass ihr alle wohl seid, -
1408 851 3944 1139 klingkling, trara!... (Er pfeift wie eine Lokomotive;
1414 1072 1924 1233 rasch ab)
1451 1227 3686 1532 Der Mann wäre imstande, mich nervös zu machen.
838 1314 1310 1585 Mathilde:
1448 1414 3965 1679 Sonein Filou! Mein Bettzeug at er mir gestohlen, das
845 1511 1200 1712 Mutter:
1411 1575 3978 1853 ganze Küchengeschirr, die Vorhänge, die Teppiche....
871 1669 1290 1867 Mathilde
1464 1682 4048 2004 Fassen Sie sich, junger Mann, er kommt erst in sieben
875 1820 1280 2061 Charles:
1458 1944 2235 2158 Jahren wiedern.
1505 1984 3975 2255 Sollte man nicht nachsehen, wohin der gnädige Herr -
871 2108 1270 2332 Anita:
1495 2172 4132 2430 So setzen wir uns doch wieder hin und nehmen die unter-
868 2296 1280 2480 Charles:
1501 2366 3975 2574 brochene Festlichkeit wieder auf. - Meine verehrten
1498 2487 3971 2715 Herrschaften! Ich bin so frei., einen kleinen Toast
1515 2668 3968 2852 zu halten, und zwar trink' ich auf die wahre Liebe,
1505 2788 4072 3040 die frei und lose von den Fesseln der Konvenienz, un-
1521 2966 4115 3221 eigennützig, Herz zu Herzen, was auch geschehen möge,-
1532 3090 4229 3358 wie auch die Hindernisse sich türmen, - einem brausenden
1525 3244 4132 3472 Strome gleich über die blühenden Fluren sich ergiesst.
1535 3415 4139 3623 Ich will nicht viel Worte mahhen - hier erheb' ich den
1535 3593 3971 3810 schäumenden Becher und trinke auf den sympathischen
1558 3686 4196 3951 jungen Mann, der heute zum ersten und hoffentlich nicht
1532 3864 4196 4142 letzten Male unter uns weilt, und dem ich wünsche, dass
1558 4005 4172 4239 er sich in unserem stillen kleinen Kreise so recht von
1555 4139 4196 4404 Herzen wohl und behaglich fühlen möge! Herr Franz, ich
1542 4303 4172 4605 bin so frei, Ihnen das Du anzutragen. (Händedruck) So!
1572 4551 2446 4772 Und nun ein Kuss!
1568 4638 2617 4940 Er hat ein gutes Erz!
1076 4769 1330 4950 tter:
