4424 5160
1186 548 3956 881 Meine Kinder!.. sie haben ein Herz für ihren alten Vater!
833 638 1145 873 Vater:
820 816 4061 1032 Mutter: Woher kommst du?.... Wie kannst du es wagen?... Mein Bettzeug
1190 963 4086 1206 at er mir gestohlen, meine Staubtücher, mein Küchengeschirr!
833 1084 4094 1340 Vater: Ich habe viel durchgemacht, Kinder,- viel: die Frau, die ihr
1202 1247 4199 1478 Schicksal an das meine gekettet hat, ist tot. Wir wollen ihrem
1214 1454 2705 1641 Andenken ein Glas Wein widmen.
820 1560 3026 1783 Mathilde:Du hast ja wieder einen neuen Orden.
1214 1645 4130 1917 Ach, du weisst, dass ich darauf nie etwas gegeben habe. Aber
861 1767 1174 2018 Vater:
1226 1880 4073 2079 es geht mir jetzt besser als seit langer Zeit. Ich lebe in
1226 1970 4106 2246 Paris und führe einen Prozess gegen die Republik wegen Rück-
1226 2189 4102 2380 gabe unserer Schlösser, und ihr könnt euch denken, dass man
1231 2351 3996 2559 mich anfeindet,- umsomehr, als die Schlösser dem Erdboden
922 2388 1105 2526 G.C.F.P.
1243 2465 4037 2697 gleichgemacht sind und ich wünsche, dass sie neu aufgebaut
1255 2656 4102 2843 werden.- Meine Feine haben es endlich durchgestzt, dass man
1239 2831 3960 3001 mich für irrsinnig erklärt hat, und seit vier Wochen bin
1251 2993 4000 3176 ich in einem Irrenhaus. Vorgestern hab' ich meinen Wärter
1263 3103 4187 3330 totgeschlagen, bin durchgegangen und habe mir ein Billet nach
1255 3249 4061 3456 Konstantinopel genommen, um dem Saltan meine Angelegenheit
1263 3395 4033 3647 vorzutragen. Dort werde ich Gerechtigkeit finden!- Da bin
1263 3606 4073 3753 ich nun hier ausgestiegen, um doch meine Familie wiederzu-
1267 3728 3968 3956 sehen. (zur Mutter) Habe keine Angst, altes Weib, es ist
1263 3834 3996 4037 nur ein kleine Fahrtunterbrechung. Bitte. (Er zieht sein
1271 4033 3956 4224 Billet aus der Westentasche, zu Franz) Wollen Sie sich
1239 4138 4004 4398 überzeugen, junger Mann, hier hat der Stationschef einen
1263 4337 2425 4512 Knips gemacht.
861 4536 2587 4731 Franz: (bestätigt) Ein Knips.
885 4618 3834 4861 Mathilde: Ha, Franz hat gesprochen! Ein Knips! Sag's noch einnte:
1470 4804 3286 5073 Denn! Was hat der Stationschef gemacht?
1255 4878 1434 5068 F d
