4504 5512
1815 453 2102 655 6
821 695 2506 982 Mathilde: Bei diesem Börsenjobber?
1302 934 1488 1152 Ja.
821 962 1205 1168 Mutter:
825 1015 3937 1294 Mathilde: Es wird doch damit enden, dass er eine Tochter Israels
1318 1249 1819 1443 heimführt.
1330 1383 1880 1601 Gott geb's.
837 1387 1205 1601 Mutter:
837 1492 3234 1738 Mathilde: Wieviel Töchter hat denn dieser Judas?
1326 1661 4002 1868 Eine einzige. Sie bekommt eine Million Mitgift. Sie ist
837 1718 1233 1920 Mutter:
1338 1843 2615 2070 ja so verliebt in Charles!
849 1948 4079 2211 Mathilde: Das ist allerdings begreiflich. Charles ist dazu geboren,
1350 2171 2624 2397 ein Dollarkönig zu werden.
1354 2300 3489 2498 Ja, mein liebes Kind, der ist klüger als du.
853 2316 1217 2523 Mutter:
1354 2482 3153 2696 Was soll denn das nun wieder heissen?
861 2482 1306 2680 Mathilde
1338 2527 4115 2805 Ach Gott, mein liebes Kind, rege dich doch nicht auf. Iss
861 2648 1229 2854 Mutter:
1310 2777 3012 2979 nur weiter. Ik abe ja nikts gesagt.
865 2894 3735 3129 Mathilde: Entschuldige, meine Mutter, du hast etwas gesagt.
1354 3109 4063 3283 Nein, ik abe nikts gesagt. Gar niks! Du kannst ja maken,
873 3113 1257 3323 Mutter:“
1374 3250 2498 3448 was dir Vergnügen makt.
889 3375 2062 3594 Mathilde: Gott sei Dank!
1366 3541 2349 3764 Ik war ja auch jung,
889 3646 1241 3764 Mutter:
1374 3630 4091 3913 Wenn du es nur einsiehst. Du hast doch auch meinen Vater
897 3711 1334 3937 Mathilde
1374 3905 4140 4123 geliebt und hast seinetwegen alle Anderen hinausgeschmis-
1374 4043 3056 4220 sen. Du hast ihn sogar geheiratet.
1387 4119 4111 4354 Das ist ja meine Angst, liebes Kind, dass es dir auch so
901 4176 1290 4402 Mutter:
1387 4342 4111 4507 geht. Wenn ik diesen Filou nikt geheiratet ätte, säh' es
1387 4483 2337 4665 anders mit mir aus.
885 4556 4127 4851 Mathilde: Ach, erzähl' mir doch nichts - der Grossfürst hätte dich
1403 4807 2494 5021 doch nicht geheiratet.
1399 4912 4224 5166 Gewiss hätt' er es getan. O Gott, ik wäre heute Schwägerin
897 4980 1269 5211 Mutter:
