4456 5336
1839 319 2197 538 - 16
1437 559 3873 743 (tritt angekleidet mit Mantel aus der Türe, steckt
840 600 1294 774 Mathilde;
1426 715 4049 979 eben den Hut fest und will einfach durchs Zimmer fort-
1447 878 1759 1065 gehen)
1426 1097 1898 1267 Mathilde!
861 1103 1242 1270 Mutter!
1437 1242 2068 1419 Was tust du?
881 1260 1298 1409 Charles:
1464 1315 4022 1607 (zornbebend) Was ich tue?... Ich verlasse dieses Haus!
871 1426 1322 1565 Mathilde:
895 1520 1284 1683 Charles:
1440 1586 1950 1822 Mathilde!
920 1673 1218 1766 G.C.F.P.
871 1745 1260 1919 Mutter:
1468 1711 4167 1967 Ich verlasse dieses Haus auf immer...Wenn ich noch einen
881 1874 1332 2103 Mathilde:
1450 1926 4164 2165 Augenblick hier blieben, würde ich das Weib, das mich ge-
1457 2085 4112 2346 boren hat, niederschiessen!... Und so etwas soll in bes-
1457 2256 4126 2446 seren Kreisen nach Tunlichkeit vermieden werden.- Leben
1471 2356 4202 2606 Sie wohl, Fräulein Ringelspiel, Mein Beileid zu dem Böse-
1461 2540 4088 2811 wicht, den Sie unter dem Herzen tragen.- Niemand folge
1461 2762 1943 2956 mir! (ab)
1426 3099 1870 3296 Charles!
923 3085 1273 3234 Mutter:
1444 3196 4056 3369 Lass sie nur gehen, es ist ganz gut so. In dieses Haus
933 3213 1315 3432 Charles:
1433 3331 4147 3581 hat brie längst nicht mehr gehört,- sie ist deine Tochter
1437 3557 2006 3748 nicht mehr!
1464 3675 2394 3914 Wohin geht sie nur?
926 3657 1294 3932 Mutter:
1447 3831 4161 4060 Kümmere dich nicht drum, sie soll gehen, wohin sie will.
940 3886 1339 4046 Charles:
1454 3990 3519 4136 Ja, xx was soll ik denn ohne Mathilde tun?
923 4032 1294 4185 Mutter:
1461 4081 3984 4348 Mama, hast du nicht mich?..Ich bin ein reicher
923 4171 1357 4414 Charles:
1454 4275 3984 4462 Mann.- Was brauchst du von dem Sündengeld zu leben!?
1468 4442 4261 4678 O Charles, du glaubst doch nikt, dass sie von diesem Franz
937 4393 1322 4730 Mutter:
1468 4636 2894 4855 je einen Kreuzer bekommen at!
1457 4674 4154 4997 Das hab' ich mir ja gedacht - so ein Lump!... Sie hat ihn
954 4802 1378 5032 Charles:
1482 4941 2110 5115 ausgehalten!
