4440 5304
1860 254 2249 492 - 24 -
1273 543 3272 762 Edelmann, wie der Graf, oder ein Bankier.
900 643 4050 944 Charles: Meine Mutter, wenn du mir eine Szene machst, gehe ich aus
1297 948 1832 1154 dem Hause.
1305 964 4161 1305 So geh dok,- geh zum Teufel, du Lamp! Du bist gerade so ein
904 1107 1277 1293 Mutter:
1301 1186 2348 1436 Filou wie dein Vater!
1448 1368 1606 1479 G.C.F.P.
1337 1598 1884 1828 (tritt ein).
924 1686 1253 1876 Anita:
2181 1733 2348 1947 G.H.F.P
928 1781 2114 2047 Mutter: Was wollen Sie?
1333 1916 2899 2158 Ein junger Herr im Frack ist da.
944 1999 1265 2146 Anita!
3867 2062 4145 2229 nicht
976 2122 1575 2332 Charles:Wer?
944 2225 3994 2491 Anita : Ein junger Herr im Frack. Er will mit der gnädigen Frau
1352 2415 1805 2606 sprechen.
952 2507 4073 2757 Mutter: Nein, ik danke. Ik abe nikt zu spreken mit eine junge Erre
1360 2717 1821 2947 in Frack.
988 2824 3431 3125 Charles:Lassen Sie ihn herein. Man kann nie wissen.
964 3030 1586 3300 Anita: (ab)
1618 3391 2205 3574 0, ik bin ja
992 3391 3280 3736 Piccolo: (tritt ein) Guten Abend, küss die Hand.
988 3673 2047 3903 Charles:Wer sind Sie,
1007 3724 3708 4030 Piccolo:Bitte sehr, ich bin der Piccolo vom Hotel Royal.
1015 3891 4117 4133 Charles: Was wünschen Sie? Ich habe nie im Hotel Royal gespeist. -
1404 4073 4184 4299 Was wollen Sie denn mitten in der Nacht?... Eine Frechheit!
999 4176 4188 4494 Piocolo:Ja, bitt' schön, i bin ja herg'schickt word'n vom Fräulein
1372 4458 1860 4676 Delorme.
1916 4522 2078 4656 dans la fois de
999 4617 1896 4847 Mutter: Wie?
1007 4795 1749 5009 Charles:
