<?xml version="1.0" encoding="UTF-8" standalone="yes"?>
<PcGts xmlns="http://schema.primaresearch.org/PAGE/gts/pagecontent/2013-07-15" xmlns:xsi="http://www.w3.org/2001/XMLSchema-instance" xsi:schemaLocation="http://schema.primaresearch.org/PAGE/gts/pagecontent/2013-07-15 http://schema.primaresearch.org/PAGE/gts/pagecontent/2013-07-15/pagecontent.xsd">
    <Metadata>
        <Creator>prov=READ-COOP:name=TrHtr:version=2.1.0:model_id=51170:date=15_08_2023_03:12</Creator>
        <Created>2023-05-10T15:09:28.928+02:00</Created>
        <LastChange>2023-08-15T03:12:15.652+02:00</LastChange>
        <TranskribusMetadata docId="1428811" pageId="55430767" pageNr="7" tsid="132838213" status="IN_PROGRESS" userId="64420" imgUrl="https://files.transkribus.eu/Get?id=UHYPOWXIXYPLEQDYBSKGQPBC&amp;fileType=view" xmlUrl="https://files.transkribus.eu/Get?id=KHRDZKWFSLTXCHXJAEXGLRVZ" imageId="44704839"/>
    </Metadata>
    <Page imageFilename="1428811_0007.jpg" imageWidth="4536" imageHeight="5496">
        <ReadingOrder>
            <OrderedGroup id="ro_1711804359213" caption="Regions reading order">
                <RegionRefIndexed index="0" regionRef="tr_3"/>
                <RegionRefIndexed index="1" regionRef="tr_1"/>
                <RegionRefIndexed index="2" regionRef="tr_2"/>
            </OrderedGroup>
        </ReadingOrder>
        <TextRegion id="tr_3" custom="readingOrder {index:0;}">
            <Coords points="878,607 4092,607 4092,1748 878,1748"/>
            <TextLine id="tr_3_tl_1" custom="readingOrder {index:0;}">
                <Coords points="1851,730 1923,726 2018,666 2058,686 2086,686 2098,523 2050,515 2002,483 1970,495 1954,479 1915,503 1899,483 1863,495"/>
                <Baseline points="1875,669 1923,669 2013,663 2102,657"/>
                <TextEquiv>
                    <Unicode>5 -</Unicode>
                </TextEquiv>
            </TextLine>
            <TextLine id="tr_3_tl_2" custom="readingOrder {index:1;}">
                <Coords points="1304,977 3019,917 3023,782 2972,766 2637,814 2349,718 2002,786 1312,766"/>
                <Baseline points="1326,967 1415,955 1505,955 1595,949 1684,943 1774,937 1863,937 1953,937 2043,931 2132,925 2222,919 2311,914 2401,908 2491,902 2580,902 2670,896 2759,890 2849,890 2939,884 3028,890"/>
                <TextEquiv>
                    <Unicode>Ich will eine andere Flasche holen.</Unicode>
                </TextEquiv>
            </TextLine>
            <TextLine id="tr_3_tl_3" custom="readingOrder {index:2;}">
                <Coords points="854,1001 925,997 953,1021 1005,993 1053,997 1081,981 1145,1017 1181,1009 1193,814 1169,818 1153,798 1141,810 1109,798 1085,806 1053,786 1025,810 1013,802 882,858 862,854"/>
                <Baseline points="878,991 925,985 1015,979 1105,973 1194,973"/>
                <TextEquiv>
                    <Unicode>Anita:</Unicode>
                </TextEquiv>
            </TextLine>
            <TextLine id="tr_3_tl_4" custom="readingOrder {index:3;}">
                <Coords points="870,1149 3311,1081 3961,1021 3965,909 878,1009"/>
                <Baseline points="890,1135 925,1135 1015,1129 1105,1129 1194,1123 1284,1117 1374,1117 1463,1111 1553,1105 1642,1099 1732,1099 1822,1093 1911,1087 2001,1081 2090,1081 2180,1075 2270,1069 2359,1069 2449,1069 2538,1057 2628,1057 2718,1051 2807,1045 2897,1039 2986,1039 3076,1039 3166,1027 3255,1027 3345,1021 3435,1015 3524,1009 3614,1003 3703,997 3793,991 3883,985 3972,979"/>
                <TextEquiv>
                    <Unicode>Mathilde:Bemühen Sie sich nicht, Fräulein Ringelspiel. Für eine</Unicode>
                </TextEquiv>
            </TextLine>
            <TextLine id="tr_3_tl_5" custom="readingOrder {index:4;}">
                <Coords points="1316,1316 4033,1201 4077,1073 3769,997 2956,1117 1324,1157"/>
                <Baseline points="1338,1272 1397,1266 1487,1260 1577,1260 1666,1254 1756,1248 1845,1248 1935,1242 2025,1236 2114,1230 2204,1230 2293,1224 2383,1224 2473,1212 2562,1212 2652,1206 2742,1200 2831,1200 2921,1194 3010,1188 3100,1182 3190,1182 3279,1176 3369,1176 3458,1170 3548,1164 3638,1164 3727,1158 3817,1152 3906,1146 3996,1141 4086,1135"/>
                <TextEquiv>
                    <Unicode>kleine Operettensängerin ist Essigsäure gut genug.- Warum</Unicode>
                </TextEquiv>
            </TextLine>
            <TextLine id="tr_3_tl_6" custom="readingOrder {index:5;}">
                <Coords points="1324,1472 2976,1364 3610,1460 4080,1396 4088,1197 1332,1304"/>
                <Baseline points="1350,1415 1403,1421 1493,1415 1583,1415 1672,1409 1762,1403 1851,1397 1941,1397 2031,1391 2120,1391 2210,1385 2299,1379 2389,1374 2479,1374 2568,1368 2658,1362 2748,1356 2837,1356 2927,1350 3016,1344 3106,1338 3196,1332 3285,1326 3375,1326 3464,1320 3554,1314 3644,1308 3733,1308 3823,1302 3912,1296 4002,1290 4092,1290"/>
                <TextEquiv>
                    <Unicode>sind Sie denn so traurig? Wer ist Ihnen denn schon wieder</Unicode>
                </TextEquiv>
            </TextLine>
            <TextLine id="tr_3_tl_7" custom="readingOrder {index:6;}">
                <Coords points="1340,1607 1607,1576 1847,1603 2034,1564 2154,1596 2162,1436 2030,1492 1891,1476 1759,1412 1592,1496 1508,1432 1348,1452"/>
                <Baseline points="1362,1571 1445,1571 1535,1571 1624,1565 1714,1565 1804,1559 1893,1553 1983,1547 2072,1541 2162,1535"/>
                <TextEquiv>
                    <Unicode>untreu geworden?</Unicode>
                </TextEquiv>
            </TextLine>
            <TextLine id="tr_3_tl_8" custom="readingOrder {index:7;}">
                <Coords points="1356,1755 1400,1747 1436,1771 1508,1731 1596,1783 1703,1731 1727,1755 1787,1755 1843,1723 1994,1723 1998,1584 1974,1576 1775,1596 1731,1623 1639,1576 1576,1580 1512,1627 1404,1603 1364,1619"/>
                <Baseline points="1379,1738 1463,1732 1553,1726 1642,1720 1732,1714 1822,1714 1911,1708 2001,1702"/>
                <TextEquiv>
                    <Unicode>0, Fräulein —</Unicode>
                </TextEquiv>
            </TextLine>
        </TextRegion>
        <TextRegion id="tr_1" custom="readingOrder {index:1;}">
            <Coords points="925,1694 4271,1694 4271,3468 925,3468"/>
            <TextLine id="tr_1_tl_1" custom="readingOrder {index:0;}">
                <Coords points="901,1771 957,1767 1013,1787 1053,1763 1113,1795 1149,1795 1181,1763 1225,1783 1233,1611 1177,1611 1141,1580 1093,1599 1057,1584 1025,1599 985,1592 945,1619 909,1611"/>
                <Baseline points="925,1762 967,1756 1057,1750 1146,1744 1236,1750"/>
                <TextEquiv>
                    <Unicode>Anita:</Unicode>
                </TextEquiv>
            </TextLine>
            <TextLine id="tr_1_tl_2" custom="readingOrder {index:1;}">
                <Coords points="905,1943 1927,1919 2086,1855 2445,1887 2453,1723 2066,1755 1954,1711 1611,1779 1488,1743 1296,1831 1181,1767 913,1771"/>
                <Baseline points="931,1905 937,1905 1027,1899 1117,1899 1206,1893 1296,1887 1385,1887 1475,1881 1565,1875 1654,1875 1744,1869 1833,1863 1923,1863 2013,1857 2102,1851 2192,1851 2282,1845 2371,1839 2461,1833"/>
                <TextEquiv>
                    <Unicode>Mathilde:Mein Bruder, der Lump?</Unicode>
                </TextEquiv>
            </TextLine>
            <TextLine id="tr_1_tl_3" custom="readingOrder {index:2;}">
                <Coords points="1356,2078 1492,2074 1524,2046 1611,2042 1647,2070 1719,2038 1735,2054 1954,2030 2002,2014 2006,1911 1915,1919 1767,1879 1663,1935 1548,1939 1468,1903 1404,1935 1364,1923"/>
                <Baseline points="1379,2043 1385,2043 1475,2037 1565,2031 1654,2025 1744,2019 1833,2013 1923,2013 2013,2013"/>
                <TextEquiv>
                    <Unicode>O, Fräulein!</Unicode>
                </TextEquiv>
            </TextLine>
            <TextLine id="tr_1_tl_4" custom="readingOrder {index:3;}">
                <Coords points="921,2086 941,2086 969,2110 993,2090 1029,2094 1053,2078 1073,2094 1125,2078 1149,2086 1189,2062 1241,2074 1244,1990 1185,1998 1169,1982 1157,1994 1121,1978 1101,1990 1057,1986 1017,1950 933,1919"/>
                <Baseline points="949,2066 979,2061 1069,2055 1158,2049 1248,2049"/>
                <TextEquiv>
                    <Unicode>Anita:</Unicode>
                </TextEquiv>
            </TextLine>
            <TextLine id="tr_1_tl_5" custom="readingOrder {index:4;}">
                <Coords points="921,2298 1735,2182 2509,2194 2517,2022 2385,1978 2206,2062 2090,2002 1755,2094 1201,2054 929,2098"/>
                <Baseline points="949,2216 997,2216 1087,2210 1176,2204 1266,2198 1356,2198 1445,2198 1535,2192 1624,2186 1714,2180 1804,2180 1893,2174 1983,2168 2072,2162 2162,2156 2252,2150 2341,2144 2431,2138 2520,2144"/>
                <TextEquiv>
                    <Unicode>Mathilde:No, was haben Sie denn?</Unicode>
                </TextEquiv>
            </TextLine>
            <TextLine id="tr_1_tl_6" custom="readingOrder {index:5;}">
                <Coords points="1380,2357 4256,2266 4260,2134 1384,2238"/>
                <Baseline points="1403,2347 1493,2347 1583,2341 1672,2335 1762,2335 1851,2329 1941,2323 2031,2317 2120,2317 2210,2311 2299,2305 2389,2299 2479,2299 2568,2293 2658,2293 2748,2282 2837,2282 2927,2276 3016,2270 3106,2270 3196,2264 3285,2258 3375,2252 3464,2246 3554,2240 3644,2234 3733,2234 3823,2228 3912,2222 4002,2222 4092,2216 4181,2210 4271,2204"/>
                <TextEquiv>
                    <Unicode>Fràulein, Fräulein! O Gott, o Gott!.... Ich trat trau' mich's</Unicode>
                </TextEquiv>
            </TextLine>
            <TextLine id="tr_1_tl_7" custom="readingOrder {index:6;}">
                <Coords points="933,2413 1001,2409 1045,2377 1073,2381 1109,2409 1125,2397 1157,2417 1209,2381 1252,2389 1256,2305 1221,2309 1193,2294 1049,2305 997,2278 965,2305 941,2302"/>
                <Baseline points="961,2377 991,2371 1081,2365 1170,2359 1260,2359"/>
                <TextEquiv>
                    <Unicode>Anita:</Unicode>
                </TextEquiv>
            </TextLine>
            <TextLine id="tr_1_tl_8" custom="readingOrder {index:7;}">
                <Coords points="1376,2529 1643,2545 1791,2497 1927,2533 2042,2493 2142,2501 2146,2385 2078,2341 1855,2373 1759,2345 1671,2401 1384,2365"/>
                <Baseline points="1397,2503 1433,2503 1523,2497 1612,2491 1702,2491 1792,2491 1881,2485 1971,2479 2061,2473 2150,2473"/>
                <TextEquiv>
                    <Unicode>nicht zu sagen.</Unicode>
                </TextEquiv>
            </TextLine>
            <TextLine id="tr_1_tl_9" custom="readingOrder {index:8;}">
                <Coords points="957,2720 2740,2664 3458,2585 3554,2445 965,2545"/>
                <Baseline points="979,2682 1051,2676 1141,2670 1230,2670 1320,2664 1409,2664 1499,2658 1589,2658 1678,2652 1768,2646 1857,2646 1947,2634 2037,2628 2126,2628 2216,2628 2305,2622 2395,2616 2485,2610 2574,2604 2664,2598 2753,2592 2843,2586 2933,2586 3022,2574 3112,2574 3202,2568 3291,2568 3381,2562 3470,2556 3560,2556"/>
                <TextEquiv>
                    <Unicode>Mathilde:Ach so!....Mutter, und du lässt so etwas zu?</Unicode>
                </TextEquiv>
            </TextLine>
            <TextLine id="tr_1_tl_10" custom="readingOrder {index:9;}">
                <Coords points="1400,2824 3957,2768 4208,2712 4216,2569 1404,2688"/>
                <Baseline points="1421,2813 1439,2813 1529,2807 1618,2807 1708,2801 1798,2801 1887,2795 1977,2789 2066,2783 2156,2777 2246,2777 2335,2771 2425,2765 2515,2765 2604,2759 2694,2753 2783,2753 2873,2748 2963,2748 3052,2736 3142,2736 3231,2730 3321,2724 3411,2718 3500,2718 3590,2712 3679,2706 3769,2700 3859,2694 3948,2688 4038,2682 4127,2682 4217,2676"/>
                <TextEquiv>
                    <Unicode>Was soll ich denn tun? Es ist ja immer die selbe Geschich-</Unicode>
                </TextEquiv>
            </TextLine>
            <TextLine id="tr_1_tl_11" custom="readingOrder {index:10;}">
                <Coords points="953,2916 977,2920 1009,2900 1045,2920 1073,2908 1109,2928 1149,2928 1169,2912 1229,2908 1284,2868 1332,2884 1336,2744 1288,2740 1237,2700 1177,2700 1153,2716 1121,2716 1105,2700 1081,2720 965,2716"/>
                <Baseline points="979,2843 985,2837 1075,2831 1164,2825 1254,2825 1344,2819"/>
                <TextEquiv>
                    <Unicode>Mutter:</Unicode>
                </TextEquiv>
            </TextLine>
            <TextLine id="tr_1_tl_12" custom="readingOrder {index:11;}">
                <Coords points="1412,3004 1448,3004 1464,2988 1500,2996 1528,2984 1556,3012 1572,3019 1596,3015 1592,2864 1564,2856 1532,2876 1492,2844 1408,2828"/>
                <Baseline points="1433,2969 1523,2969 1606,2975"/>
                <TextEquiv>
                    <Unicode>te.</Unicode>
                </TextEquiv>
            </TextLine>
            <TextLine id="tr_1_tl_13" custom="readingOrder {index:12;}">
                <Coords points="969,3163 3925,3047 4172,3008 4180,2896 977,3008"/>
                <Baseline points="991,3148 1045,3148 1135,3142 1224,3136 1314,3130 1403,3130 1493,3124 1583,3124 1672,3118 1762,3112 1851,3106 1941,3100 2031,3100 2120,3094 2210,3088 2299,3088 2389,3082 2479,3076 2568,3076 2658,3070 2748,3064 2837,3058 2927,3052 3016,3046 3106,3046 3196,3040 3285,3034 3375,3028 3464,3028 3554,3022 3644,3016 3733,3016 3823,3010 3912,3004 4002,2998 4092,2998 4181,3004"/>
                <TextEquiv>
                    <Unicode>Mathilde: Nun, Fräulein Ringelspiel, es soll Ihr Schade nicht sein.</Unicode>
                </TextEquiv>
            </TextLine>
            <TextLine id="tr_1_tl_14" custom="readingOrder {index:13;}">
                <Coords points="1428,3319 3773,3215 3809,3087 1436,3155"/>
                <Baseline points="1451,3285 1487,3285 1577,3273 1666,3267 1756,3267 1845,3261 1935,3255 2025,3255 2114,3249 2204,3243 2293,3237 2383,3231 2473,3231 2562,3225 2652,3225 2742,3219 2831,3213 2921,3207 3010,3207 3100,3202 3190,3196 3279,3196 3369,3184 3458,3184 3548,3184 3638,3178 3727,3178 3817,3172"/>
                <TextEquiv>
                    <Unicode>(Entlässt sie mit einer königlichen Handbewegung)</Unicode>
                </TextEquiv>
            </TextLine>
            <TextLine id="tr_1_tl_15" custom="readingOrder {index:14;}">
                <Coords points="1436,3474 1456,3474 1460,3482 1492,3478 1504,3490 1536,3494 1568,3470 1599,3466 1619,3446 1647,3450 1659,3307 1611,3315 1607,3307 1588,3319 1576,3303 1544,3323 1524,3323 1508,3307 1452,3299"/>
                <Baseline points="1463,3446 1481,3440 1571,3429 1660,3429"/>
                <TextEquiv>
                    <Unicode>(ab)</Unicode>
                </TextEquiv>
            </TextLine>
            <TextLine id="tr_1_tl_16" custom="readingOrder {index:15;}">
                <Coords points="981,3494 1001,3498 1093,3466 1157,3486 1209,3470 1304,3470 1312,3367 1173,3311 1137,3315 1073,3359 989,3374"/>
                <Baseline points="1003,3458 1051,3458 1141,3452 1230,3446 1320,3440"/>
                <TextEquiv>
                    <Unicode>Anita:</Unicode>
                </TextEquiv>
            </TextLine>
        </TextRegion>
        <TextRegion id="tr_2" custom="readingOrder {index:2;}">
            <Coords points="1021,3558 4331,3558 4331,5028 1021,5028"/>
            <TextLine id="tr_2_tl_1" custom="readingOrder {index:0;}">
                <Coords points="1440,3785 3841,3706 4212,3634 4220,3486 2988,3602 1448,3594"/>
                <Baseline points="1463,3751 1535,3739 1624,3739 1714,3733 1804,3727 1893,3721 1983,3721 2072,3715 2162,3715 2252,3709 2341,3703 2431,3697 2520,3691 2610,3685 2700,3685 2789,3679 2879,3673 2969,3673 3058,3667 3148,3667 3237,3662 3327,3656 3417,3650 3506,3644 3596,3638 3685,3632 3775,3632 3865,3626 3954,3620 4044,3614 4133,3608 4223,3614"/>
                <TextEquiv>
                    <Unicode>Es ist sreklik, keine können wir länger behalten als vier</Unicode>
                </TextEquiv>
            </TextLine>
            <TextLine id="tr_2_tl_2" custom="readingOrder {index:1;}">
                <Coords points="993,3797 1073,3825 1133,3789 1149,3801 1193,3793 1272,3761 1392,3761 1396,3658 1308,3654 1288,3638 1193,3658 1149,3634 1065,3650 1041,3670 1001,3646"/>
                <Baseline points="1021,3769 1039,3769 1129,3763 1218,3757 1308,3751 1397,3751"/>
                <TextEquiv>
                    <Unicode>Mutter:</Unicode>
                </TextEquiv>
            </TextLine>
            <TextLine id="tr_2_tl_3" custom="readingOrder {index:2;}">
                <Coords points="1452,3913 1596,3933 1627,3905 1651,3925 1715,3909 1755,3929 1831,3933 1835,3753 1659,3793 1651,3781 1619,3793 1560,3781 1520,3801 1456,3785"/>
                <Baseline points="1475,3900 1487,3894 1577,3894 1666,3889 1756,3889 1845,3889"/>
                <TextEquiv>
                    <Unicode>Monate:</Unicode>
                </TextEquiv>
            </TextLine>
            <TextLine id="tr_2_tl_4" custom="readingOrder {index:3;}">
                <Coords points="1009,4096 3051,4053 3363,3957 3913,4029 4212,3953 4216,3821 1017,3961"/>
                <Baseline points="1033,4074 1087,4074 1176,4068 1266,4062 1356,4056 1445,4050 1535,4050 1624,4044 1714,4044 1804,4038 1893,4032 1983,4026 2072,4026 2162,4020 2252,4014 2341,4008 2431,4002 2520,4002 2610,3996 2700,3996 2789,3990 2879,3984 2969,3978 3058,3972 3148,3972 3237,3966 3327,3960 3417,3954 3506,3954 3596,3948 3685,3942 3775,3942 3865,3936 3954,3930 4044,3930 4133,3924 4223,3912"/>
                <TextEquiv>
                    <Unicode>Mathilde: Wo ist denn der Bursche? Man müsste ihm wieder einmal ins</Unicode>
                </TextEquiv>
            </TextLine>
            <TextLine id="tr_2_tl_5" custom="readingOrder {index:4;}">
                <Coords points="1460,4228 4292,4136 4324,3977 1468,4069"/>
                <Baseline points="1481,4211 1547,4205 1636,4199 1726,4193 1816,4193 1905,4187 1995,4181 2084,4181 2174,4175 2264,4169 2353,4163 2443,4163 2532,4151 2622,4151 2712,4145 2801,4145 2891,4145 2980,4139 3070,4133 3160,4127 3249,4127 3339,4122 3429,4116 3518,4110 3608,4104 3697,4104 3787,4098 3877,4098 3966,4092 4056,4086 4145,4080 4235,4074 4325,4074"/>
                <TextEquiv>
                    <Unicode>Gewissen reden. Betti weint sich die Augen aus. Immer macht</Unicode>
                </TextEquiv>
            </TextLine>
            <TextLine id="tr_2_tl_6" custom="readingOrder {index:5;}">
                <Coords points="1460,4404 4316,4308 4324,4128 1468,4244"/>
                <Baseline points="1487,4354 1553,4360 1642,4354 1732,4354 1822,4349 1911,4343 2001,4343 2090,4337 2180,4331 2270,4331 2359,4319 2449,4319 2538,4313 2628,4307 2718,4307 2807,4301 2897,4295 2986,4295 3076,4289 3166,4283 3255,4283 3345,4277 3435,4271 3524,4265 3614,4265 3703,4259 3793,4253 3883,4247 3972,4241 4062,4241 4151,4235 4241,4229 4331,4223"/>
                <TextEquiv>
                    <Unicode>sie mir Szenen in der Garderobe, wenn dieser xxx Rigo Janczi</Unicode>
                </TextEquiv>
            </TextLine>
            <TextLine id="tr_2_tl_7" custom="readingOrder {index:6;}">
                <Coords points="1484,4527 3159,4447 3343,4511 3694,4416 4232,4491 4240,4340 3526,4284 1492,4388"/>
                <Baseline points="1505,4528 1559,4516 1648,4516 1738,4510 1828,4504 1917,4504 2007,4498 2096,4492 2186,4486 2276,4486 2365,4480 2455,4480 2544,4474 2634,4474 2724,4468 2813,4462 2903,4456 2992,4450 3082,4450 3172,4444 3261,4438 3351,4426 3440,4426 3530,4420 3620,4420 3709,4414 3799,4414 3889,4408 3978,4402 4068,4396 4157,4396 4247,4390"/>
                <TextEquiv>
                    <Unicode>sie betrügt oder prügelt. Ich werde nicht mehr gestatten,</Unicode>
                </TextEquiv>
            </TextLine>
            <TextLine id="tr_2_tl_8" custom="readingOrder {index:7;}">
                <Coords points="1476,4691 4220,4627 4228,4487 1484,4527"/>
                <Baseline points="1499,4671 1547,4671 1636,4671 1726,4665 1816,4665 1905,4659 1995,4653 2084,4653 2174,4647 2264,4641 2353,4641 2443,4635 2532,4629 2622,4629 2712,4623 2801,4617 2891,4617 2980,4605 3070,4605 3160,4599 3249,4593 3339,4587 3429,4581 3518,4581 3608,4576 3697,4570 3787,4570 3877,4564 3966,4558 4056,4558 4145,4552 4235,4546"/>
                <TextEquiv>
                    <Unicode>dass Charles mit meinen Kolleginnen Verhältnisse hat. — Wo</Unicode>
                </TextEquiv>
            </TextLine>
            <TextLine id="tr_2_tl_9" custom="readingOrder {index:8;}">
                <Coords points="1496,4862 1703,4826 1759,4858 1787,4830 1907,4858 1958,4826 2090,4854 2130,4838 2142,4671 1974,4707 1935,4671 1723,4691 1651,4739 1592,4707 1504,4711"/>
                <Baseline points="1517,4838 1601,4832 1690,4826 1780,4820 1869,4814 1959,4809 2049,4809 2138,4809"/>
                <TextEquiv>
                    <Unicode>ist er denn?</Unicode>
                </TextEquiv>
            </TextLine>
            <TextLine id="tr_2_tl_10" custom="readingOrder {index:9;}">
                <Coords points="1500,5022 3594,4958 3602,4775 3303,4735 2657,4854 1508,4862"/>
                <Baseline points="1523,5006 1547,5000 1636,4994 1726,4988 1816,4982 1905,4976 1995,4976 2084,4970 2174,4964 2264,4958 2353,4958 2443,4952 2532,4952 2622,4946 2712,4940 2801,4934 2891,4928 2980,4928 3070,4922 3160,4916 3249,4910 3339,4910 3429,4904 3518,4904 3608,4904"/>
                <TextEquiv>
                    <Unicode>Er ist heute zum Dinner geladen bei Pollak.</Unicode>
                </TextEquiv>
            </TextLine>
            <TextLine id="tr_2_tl_11" custom="readingOrder {index:10;}">
                <Coords points="1049,5022 1125,5038 1141,5026 1205,5058 1292,5018 1340,5050 1428,5038 1432,4918 1388,4934 1364,4922 1332,4942 1312,4914 1244,4914 1217,4934 1165,4898 1093,4942 1049,4942"/>
                <Baseline points="1069,5018 1081,5018 1170,5012 1260,5006 1350,5006 1439,5012"/>
                <TextEquiv>
                    <Unicode>Mutter:</Unicode>
                </TextEquiv>
            </TextLine>
        </TextRegion>
    </Page>
</PcGts>
