4504 5384
1811 420 2228 595 - 20 —
1233 658 4110 939 schimpfen... Ja, ich will deine Frau werden! O ich kann mich
1241 860 4051 1086 in alle Verhältnisse finden! Wir werden arbeiten, Charles,
1253 995 4118 1260 nicht wahr? Du wirst irgend eine Stellung annehmen in einem
1257 1165 3972 1399 Büreau, ich werde englische Lektionen geben,...Klavier-
1257 1336 3302 1562 stunden.... Aber wir werden beisammen sein.
916 1407 3944 1712 Charles:Ja, mein Schatz - wir werden Kinder haben, ganz kleine
1268 1645 2291 1871 anfangs,- Zwillinge.
1284 1827 1696 2018 Charles!
931 1843 1205 2022 Elsa:
951 1903 4134 2101 Charles:Und dann werden wir sehen, was sie sagen werken, deine ge-
1316 2073 3995 2323 schätzten Herren Eltern,- dann wollen wir sehen, ob ich
1340 2228 4221 2469 ihnen noch zu schlecht sein werde! Ja, auf den Knieen werden
1324 2410 4162 2624 sie mich bitten, im Triumpf werden wir einziehen, Rosengir-
1328 2553 4198 2771 landen werden über dem Eingang prangen,
1344 2707 4154 2905 bengalisch wird der Park beleuchtet sein, vor dem Tor wird
1332 2858 3175 3100 ein Transparent leuchten: "Willkommen".
1340 3024 3425 3211 Was für ein Tor?... was für en Park?......
951 3064 1225 3211 Elsa:
959 3175 2600 3405 Charles: Nun, Euer Ischler Park?!
975 3314 3813 3579 Elsa: Der Park, - ach Gott, der gehört uns ja nicht mehr.
971 3532 1689 3734 Charles: Wieso?
955 3655 3433 3821 Elsa: Ach Gott! die Villa ist ja längst verkauft.
975 3809 2798 4035 Charles:Seit wann denn?..warum denn?
963 3952 3908 4178 Elsa: Ja, wahrscheinlich, weil Papa das Geld gebraucht hat.
991 4106 3278 4313 Charles: Warum hat dein Papa das Geld gebraucht?
975 4257 3127 4491 Elsa: Nun, weil wir zugrund gegangen sind.
987 4420 3349 4677 Charles:Zugrungs gegangen?! Dn scherzt wohl?
975 4562 4154 4820 Elsa: O nein, ich hab' es längst geehnt.... Dass es so arg ist,
1367 4749 4229 4919 hab' ich freilich nicht gewusst. Heut Abend erst, in seiner
1364 4887 2679 5109 Wut hat Papa alles gesagt.
