4424 5432
1391 688 4158 908 So, so! Darum is auk so slekt aufgeräumt. Wenn Sie lieber
852 685 1251 894 Mutter:
1401 845 2722 1066 den Staub abwischen mökten.
1418 1244 3937 1502 (tritt ein. Er ist ein sehr schöner, grosser, junger
880 1352 1300 1541 Charles:
1411 1464 4074 1684 Mann, mit schwarzem kleinen Sennurrbart. Er ist in ele-
1408 1618 4035 1838 ganter Balltoilette) Bon soir, meine Mutter, bon soir.
1425 1782 2404 1981 Mein lieber Charles!
894 1764 1258 1988 Mutter:
1408 1887 4102 2131 Anita, bringen Sie eine Flasche Champagner. (zur Mutter,
905 1943 1324 2166 Charles:
1418 2082 2697 2299 Ist Mathilde schon zuhaus?
1418 2253 2222 2439 Ja. Aber — — —
894 2264 1265 2463 Mutter:
1418 2379 3123 2603 Hm. eine Flasche Champagner, Anita!
919 2425 1307 2610 Charles:
1446 2575 1653 2781 (ab)
912 2596 1223 2785 Anita:
1432 3012 4004 3190 Mama, wir wollen eine Flasche Champagner auf das Wohl
922 3036 1338 3232 Charles:
1432 3155 3567 3389 meiner Braut, Fräulein Elsa Pollak, trinken.
1460 3312 3965 3504 O, mein lieber Sohn - meiner lieber, lieber Charles!
919 3302 1275 3525 Mutter:
1436 3497 4021 3679 Ja, ich bin Bräutigam. Heute Abend haben wir uns ver-
936 3515 1321 3700 Charles:
1443 3595 4248 3794 lobt, während des Diners. Jetzt eben spricht sie mit ihren
1439 3763 4025 4049 Eltern, und morgen Mittag halte ich offiziell um ihre
1450 3948 1883 4154 Hand an,
1453 4067 4039 4311 Charles, Charles, ik bin so glücklik! Erzähle mir dok
912 3993 1300 4357 Mutter:
1450 4283 2012 4448 ausfürhlik!
1453 4416 3937 4636 Geduld, Mama. - Wo ist Mathilde? Ich möcht' es ihr
919 4437 1352 4640 Charles:
1464 4559 3647 4762 auch erzählen. Sie soll unsere Freude teilen,
1453 4755 1880 4961 Nun ja -
919 4745 1289 4923 Mutter:
1670 4909 2805 5083 xxx könnt! ich doch jeden xxx
