4440 5416
1733 396 2137 623 - 11 -
872 638 4060 884 Charles: Aber ich verlasse sie ja nicht! Was fällt dir denn ein,
1368 868 1685 1063 Mama?
1380 1035 3798 1241 Ach so, ach so!...Was hast du für ein goldnes Erz!
892 1047 1261 1217 Mutter:
1380 1162 2427 1376 Also Mama, auf Betti!
896 1186 1308 1396 Charles:
1380 1316 2577 1554 Auf Betti! (Sie trinken)
888 1356 1265 1538 Mutter:
1376 1491 3838 1693 Jetzt wollen wir aber auch endlich einmal auf Elsa
908 1538 1320 1737 Charles:
1388 1665 3965 1832 trinken. (Beide trinken und beide beginnen allmählig
1376 1772 2859 1998 leicht angeheitert zu werden.)
1380 1927 2629 2157 Sieht sie sehr jüdis aus?
896 1998 1269 2165 Mutter:
1400 2054 4104 2280 Onein, sie ist sogar blind. Sie ist ein schönes, sanftes
908 2145 1320 2327 Charles:
1392 2252 4048 2419 Geschöpf. (Er wird weich) Sie wird dir gefallen, Mama.
1388 2415 4064 2629 Du wirst sie lieb haben. Sie ist edel. Ich verdiene sie
1404 2569 2419 2768 vielleicht gar nicht.
1388 2728 4036 2918 Was für ein Unsinn! Du bist der schönste junge Mann in
908 2716 1269 2926 Mutter:
1388 2887 4147 3073 Wien und jetzt wirst du auch fleissig werden in der Bank.
1435 3057 4009 3224 Ja, ja Mama, ich werde ein neues Leben beginnen. Ja.-
916 3045 1320 3255 Charles:
1400 3152 3973 3390 Ist es nicht traurig, Mama, dass wir dieses Fest ohne
1400 3319 2922 3517 meine Schwester feiern müssen?
1439 3497 3917 3771 Mein lieber Charles, was soll ik maken? Ik kann sie
892 3481 1281 3715 Mutter:
1404 3640 2601 3850 jetzt nikt rufen lassen.
1408 3830 1745 4028 Warum?
928 3826 1332 4021 Charles:
1388 3834 3699 4124 Aber Charles, sie plaudern jetzt wahrscheinlik.
916 3993 1285 4167 Mutter:
1404 4108 3172 4326 Gute Mama, du kennst die Welt nicht!
928 4124 1328 4342 Charles:
1404 4266 4175 4457 Nun, Charles, trinken wir doch auf das Andenken von deine
908 4298 1281 4473 Mutter:
1400 4445 1935 4643 arme Papa.
1400 4540 4024 4778 Auf den armen Papa.- Wo ist er denn jetzt eigentlich?
896 4607 1332 4810 Charles:
1412 4679 4068 4944 Wasø weiss ik? Seit er mit diesem Frauenzimmer durchge-
900 4778 1285 4992 Mutter:
1412 4865 4151 5091 gangen ist vor sieben Jahren ab ik nikts mehr von ihm ge-
1396 5063 1677 5214 hört.
