4424 5272
1599 159 2521 388 1 - 11.1 - 1 -'1. 1/4.
1807 355 2179 568 - 21 —
814 580 3013 906 Charles: Er wird dich haben schrecken wollen,
1244 801 4003 1035 O nein, das geht ja jetzt schon seit ein paar Monaten. Ich
814 860 1114 1110 Elsa:
1248 981 4090 1215 hab' oft Papa und Mama reden hören; ich schlafe ja nebenan.
814 1156 3852 1407 Charles: Zugrund gegangen?...Ihr seid absolut zugruid gegängen.
1260 1327 1644 1536 (nickt)
806 1336 1106 1528 Elsa:
822 1452 4107 1703 Charles: Und da gebt Ihr Dinars?...da ladet ihr die Leute ein?...Das
1248 1569 3176 1849 ist doch ein Leichtsinn sondergleichen!
1252 1782 4099 2020 Das sagt Papa auch. Aber Mama hat erklärt, wir waren so
822 1824 1131 2045 Elsa:
1265 1891 4186 2166 viel geladen, sie will wenigstens diese Schulden zah in,ehe
1962 2149 2170 2291 G.H.F.P.
835 2112 1674 2312 Charles: Ehe...?
1277 2245 4023 2458 .....ehe wir eine kleine Wohnung nehmen, wie sie unseren
818 2271 1102 2496 Elsa:
1277 2367 2968 2613 jetzigen Verhältnissen entspricht.
831 2538 3134 2813 Charles: Das ist aber nett...das ist sehr nett!
2859 2705 3214 2863 G.C.H.F.F:H:H.H:F:D:H
1252 2700 2738 2913 Charles, bist du böse?
835 2742 1123 2951 Elsa:
839 2834 4203 3072 Charles: Meine liebe Elsa, ich finde diese ganze Geschichte unerhört! -
1277 2947 4107 3247 Was fällt dir denn eigentlich ein, unter solchen Umständen
1273 3168 3539 3381 mitten in der Nacht zu mir gelaufen zu kommen?
1277 3272 3473 3502 Ja, wenn Papa absolut nicht zugeben will....?
835 3360 1156 3544 Elsa:
847 3431 4128 3719 Charles: Dein Vater hat Recht, dein Väter ist ein vernünftiger Mann.
1286 3631 2713 3857 Wovon sollen wir denn leben?
1286 3761 3852 3994 Wir haben es ja eben besprochen: wir wollen arbeiten.
843 3815 1135 4032 Elsa:
843 3932 3059 4165 Charles: Arbeiten?.... Ich denke nicht daran!
1286 4082 2725 4295 Aber ich, ich will sehr gern,
851 4124 1135 4328 Elsa:
1302 4165 3873 4428 Ich bin nicht gesonnen, Opfer von dir anzunehmen.
864 4261 1265 4470 Charles:
1286 4416 3548 4645 Es ist kein Opfer, wenn es für dich geschieht.
843 4433 1248 4637 Elsa:
860 4570 4074 4833 Charles: xxx Bemüh' dich nicht länger, es wäre alles vergebens. (er
1265 4741 1782 4954 klingelt)
1302 4817 2742 5071 Was willst du? (Anita kommt)
935 4904 1148 5096 lsa:
