4440 5336
1872 346 2244 570 - 13 -
1348 528 4067 714 Haus soll rein werden!Von Sittlichkeit und Edelsinn soll
1348 700 3997 882 wiederstrahlen!...fleckenlos und Blank!....Kurz und
1358 886 2793 1054 gut: - es muss anders werden!
1372 1026 3980 1204 O Gott, meiner lieber Charles - meiner hieber Charles!
830 1012 1197 1225 Mutter:
1372 1190 2030 1372 Nicht weinen,
840 1186 1242 1428 Charles:
1414 1298 3868 1544 O, mein lieber Charles, was glaubst du, wie oft ik
830 1379 1197 1572 Mutter:
1372 1508 4042 1680 weine, wenn ik allein bin! Du kannst ja nikts wissen, du
1358 1659 2544 1848 bist ja nikt zuhaus!...
1372 1764 2779 1981 Das muss alles anders werden.
847 1813 1239 1992 Charles:
1372 1918 4084 2128 Mathilde ist ja so roh zu mir - besonders in der letzten
840 1960 1204 2156 Mutter:
1372 2110 2163 2300 Zeit. (Trinken)
1365 2230 3132 2432 Franz - das ist Franz ohne Zunamen,
840 2282 1253 2471 Charles:
1365 2415 3899 2583 Ja, er reizt sie auf gegen mik, ik merk es son lang.
840 2468 1197 2611 Mutter:
1365 2544 4130 2748 Wer ist er eigentlich, dieser Franz?...was ist et?...Sie
847 2576 1246 2754 Charles:
1382 2751 4081 2919 ist auf einem schlechten Weg. Der Graf war ein Edelmann.
1368 2870 3994 3087 Erinnerst du dich, Mama. (Beinahe schluchzend) wie oft
1372 3070 3941 3196 ist der Graf hier gesessen an diesem Tisch, hat unser
1382 3220 4008 3381 frugales Mahl mit uns geteilt...Was für ein charmanter,
1365 3364 2306 3546 reizender Edelmann!
1365 3518 1844 3689 Ach Gott!
847 3486 1197 3686 Mutter:
1376 3602 4190 3860 Sie hat kein Herz - Mathilde. Alles in diesem Zimmer müss-
850 3658 1253 3882 Charles:
1376 3801 4004 3997 te sie an ihn mahnen, wenn sie nur einen Funken Gefühl
1376 3986 1698 4182 hätte.
1382 4046 3724 4358 Natürlik. Diese Möbel, diese Uhr, dieses Vase....
847 4148 1214 4361 Mutter:
1382 4260 4165 4512 Es war sein Verlobungsgeschenk. - Ja, diese Vase var sein
847 4336 1264 4543 Charles:
1393 4476 4053 4662 Verlobungsgeschenk. Der Graf hätte sie heimbeführt, sie
1376 4568 4050 4812 wäre sein ehelich Gemahl geworden... Frau Gräfin! - Aber
1379 4746 4056 4991 dieser Franz! Wann werd' ich endlich seinen Zunamen er-
1362 4886 4134 5159 fahren?....Was ist er?... Neulich einmal ist sie mit ihm
