4472 5464
1831 281 2140 566 3 -
859 537 4008 895 (Ziemlich elegantes Zimmer bei Mathilde Delorme, Abend. Gedeckter
899 818 2291 1054 Tisch; elektrischer Luster.)
842 1221 3837 1457 (Die MUTTER sitzt am Tisch und isst. Die Uhr auf dem Kaminsims
875 1367 4089 1680 schlägt zehn. Die MUTTER klingelt. ANITA, das Stubenwädchen, tritt
895 1623 1180 1819 ein.)
887 1729 2836 1994 Mutter: (immer mit französischem Akzent)
1290 1888 1990 2091 Räumen Sie ab!
1322 2055 1807 2254 (Räumt ab)
891 2063 1229 2278 Anita:
1306 2120 3052 2384 (liest Zeitung; dann blickt sie auf)
899 2250 1269 2449 Mutter:
1294 2254 4114 2539 Was aben Sie denn, Anita? Was maken Sie ein solkes Gesikt?
1306 2421 4252 2706 Wenn meine Takter kommt, müssen Sie maken ein anderes Gesikt.
1314 2612 4004 2840 Verstanden? Mathilde ist nervos, sie kann nik sehen ein
1310 2763 3458 3011 solkes Gesikt, Maken Sie ein eiteres Gesik.
1750 2942 2791 3137 (Es schellt draussen)
1314 3133 2079 3332 Da ist sie son.
920 3239 3869 3524 (Anitaab, Gleich darauf tritt MATHILDE ein, Sie kommt aus der
952 3340 4195 3637 Vorstellung und hat einen Theatermantel um, eine Rolle in der Hand)
948 3735 2722 3947 Mathilde: Guten Abend, meine Mutter,
960 3894 2596 4142 Mutter: Guten Abend, mein Kind,
976 4069 2262 4264 Mathilde: Ist er schon da?
948 4219 1697 4447 Mutter: Wer?
940 4354 2661 4557 Mathilde: Es gibt nur einen:Franz!
976 4451 3434 4744 Mutter: Nein, ik glaube nik, dass er son da ist.
964 4614 4240 4911 Mathilde: Du weisst ja nie etwas. (sie ruft) Fräulein Ringelspiel!
1477 4858 1839 5037 (kommt)
976 4874 1335 5057 Anita:
