4440 5432
1875 438 2157 618 9 —
886 723 1297 944 Charles:
1498 662 2975 934 Mutter - sie ist nicht allein.
890 903 1263 1121 Muuter:
1498 876 1793 1073 Nein.
1522 1015 3335 1263 Ich habe es geshnt.- Wer ist es denn?
890 1073 1308 1240 Charles:
1508 1195 2897 1389 Dieser Herr Franz natürlich.
876 1202 1270 1386 Mutter:
1508 1386 4239 1532 Ich hasse diesen Menschen...Was ist er denn eigentlich?
886 1352 1294 1572 Charles:
1515 1484 4008 1698 Weisst du, Mutter, wer dieser Herr Franz ist? - Wie
1505 1661 4069 1851 heisst er mit dem Zunamen? Hat er überhaupt, einen Zu-
1515 1824 1837 1997 namen?
876 1956 1250 2153 Mutter:
1505 1953 1983 2160 O gewiss.
1515 2106 3875 2340 Warum bringt er ihn nicht mit? (Geht hin und her)
890 2157 1297 2357 Charles:
1617 2272 1997 2455 (Pauss)
1498 2411 2945 2615 Und wo bleibt der Champagner?
886 2439 1297 2635 Charles:
1505 2544 4082 2822 Sie muss ja in den Keller gehen.- Erzähl' mir dok un-
883 2608 1240 2795 Mutter:
1522 2751 3006 2945 terdess... es ist also gewiss?
1505 2877 4211 3080 Absolut. Sie ist in einer Weise verliebt... Ich habe sie
876 2870 1297 3101 Charles:
1508 3057 4174 3209 einfach gefragt: Wollen Sie die Meine werden?... Während
1501 3206 4171 3417 der Gansleberpastete habe ich sie gefragt. Sie ist bei-
1505 3376 3243 3525 nahe ohnmächtig geworden vor Glück.
866 3454 1246 3715 Mutter:
1505 3512 2272 3702 Und die Eltern?
1505 3665 4052 3838 Ach, du weisst ja, dass ich schon neulich einmal mit
883 3685 1274 3879 Charles:
1498 3797 4126 4069 dem Vater Pollak über eine eventuelle Stellung in sei-
1491 3974 2975 4167 nem Bankgeschäft geredet habe.
869 4109 1253 4351 Mutter:
1484 4113 2510 4310 Mein lieber Charles!
876 4300 1301 4480 Charles:
1491 4286 4174 4456 Wenn wir von der Hochzeitsreise zurückkommen, trete ich
1491 4463 4069 4636 ein. Es wird nicht lang dauern und ich bin Kompagnon,
1484 4588 3043 4799 Und was sagt die Mutter Pollak?
856 4588 1246 4816 Mutter:
859 4779 1270 4955 Charles:
1498 4731 4116 4965 Ach Gott, die Mutter Pollak, die halt' ich sicher. Mit
1484 4931 4123 5176 der könnt! ich doch jeden Moment ein Verhältnis haben.
