4520 5432
1725 399 2039 596 4
838 617 2362 927 Anita: Was wünschen Fräulein?
842 846 2112 1056 Mathilde:Ist er schon da?
854 991 2067 1217 Anita: Bitte, welcher?
846 1036 4078 1354 Mathilde:Fragen Sie nicht so stupid. Sie wissen, dass es seit acht
1286 1273 3913 1523 Tagen nur Einen gibt, Ihn, den Herrlichsten von allen.
850 1463 2426 1689 Anita: Es war noch niemand da,
875 1592 4111 1793 Mathilde:Ich danke, Fräulein Ringelspiel. Sobald er kommt, nun, Sie
1314 1737 4111 2035 wissen - (Geste, dass sie ihn direkt in ein anderes Zimmer
1306 1918 2023 2136 zu führen hat)
1338 2092 1543 2273 (ab)
866 2075 1201 2313 Anita:
1326 2321 3748 2595 Nun, mein liebes Kind, wie war es heut im Theater?
879 2386 1265 2599 Mutter:
887 2503 4082 2853 Mathilde:Ausverkauft. Ich habe gesungen wie eine Göttin. (Sie isst
1322 2696 1874 2918 und trinkt)
1350 2869 2011 3059 Viel Applaus?
895 2833 1282 3083 Mutter:
899 2853 4026 3293 Mathilde:Die Leute haben getobt. Voricki hat falsch gesungen wie
1350 3131 4147 3365 ein Kamel. Wenn ich denke, dass ich diesen Mann einmal ge-
1334 3297 4014 3522 liebt habe - allerdings nicht wegen der Stimme. - Warum
1342 3502 2358 3675 isst du nicht, Mama?
1358 3510 4111 3837 Mein Kind, ik abe kein Unger, itz abe nur Sorg und Kummer.
903 3599 1306 3877 Mutter:
919 3784 4018 4026 Mathilde:Nun ja, das ist Menschenlos. (Sie trinkt) O! ( Sie ruft)
1354 3917 3055 4232 Fräulein Ringelspiel! (Anita kommt)
915 4119 4147 4461 Mathilede:Fräulein Ringelspiel, Sie sind wohl fest überzeugt, dass
1378 4381 2712 4659 das Vöslauer Ausstich ist?
927 4558 2446 4804 Anita: Ja, Fräulein, bitte -
927 4691 4159 5029 Mathilde: Sie irren sich, Fräulein Ringelspiel, es ist Essigsäure,
