4440 5352
1765 308 2141 506 23 —
826 510 3368 842 Charles: (ärgerlich) Sie ist fort. (Geht auf und ab)
826 777 3149 1028 Mutter: Ah, du bist ein ungesikter Burs!
838 939 2943 1198 Charles: Ich bin kein ungeschickter Bursch.
842 984 4100 1352 Mutter: Ihr Männer seid alle so dumm! Du bist brutal gewesen
1311 1182 3958 1449 gewiss. Du hast vergessen, dass es nikt Betti ist und
1279 1392 3776 1631 nikt Anita, sondern ein anständiges junges Mädchen.
866 1546 2315 1781 Charles: Beruhige dich, Mama.
1279 1611 3299 1902 Ich kann nikt. Wenn man solke Kinder at -
862 1744 1222 1931 Mutter:
874 1834 3100 2097 Charles: Der alte Pollak ist zugrund gegangen.
1583 2032 1797 2178 G.C.H.F.P
1311 2048 1692 2267 Wie?...
866 2068 1226 2238 Mutter:
874 2109 4011 2412 Charles: Ja; wir hätten die Familie erhalten müssen. So steht die
1315 2259 3934 2518 Sache. Man soll sich mit dieser Rasse nicht einlassen.
1311 2461 2987 2683 Ja, aber was sollen wir jetzt tun?
878 2526 1271 2736 Mutter:
1332 2639 1850 2849 Inwiefern?
903 2663 1283 2866 Charles:
1315 2768 2671 3003 Na ja, jetzt stehen wir da.
886 2849 1259 3011 Mutter:
1344 2914 2716 3165 (dumpf) Jetztöstehen wir da,
899 2967 1295 3177 Charles:
1380 3080 3764 3323 Warum aben wir Mathilde...warum ast du Mathilde -
899 3141 1267 3311 Mutter:
1376 3202 4011 3489 Meine Mutter, hast du vielleicht Lust, mir Vorwürfe zu
915 3278 1315 3489 Charles:
1380 3448 1785 3614 machen?
1344 3489 3011 3756 Wovon sollen wir denn jetzt leben?
911 3578 1295 3776 Mutter:
1348 3659 3525 3910 Ich lass' mir keine Szene machen-verstanden?
919 3740 1319 3954 Charles:
1352 3837 4068 4076 Se srei dok nikt mit mir! Ik kann dik nik dafür. Aettest
911 3890 1283 4116 Mutter:
1352 4003 4080 4193 du dik vorher erkundigt. Warum ast du Mathilde
1364 4108 4108 4387 inausgeworfen?..Mathilde ist ein anständiges Mädel, die
1356 4262 4197 4513 wenigstens einen Beruf at. Sie kann maken was sie will. Sie
1356 4489 4157 4707 verdienen sik ehrlik ihr Geld. Sie singt in die Operette.
1368 4647 4230 4853 Sie kann sik von Zeit zu Zeit auch einen solken jeune homme
1356 4788 4213 4995 pour le coueur gönnen... Du weisst, das mit Franz ätte nik
1380 5003 4128 5181 mehr lange gedauert. Dann wär' ein Anderer gekommen, ein
