4408 5176
883 558 3970 850 Piccolo: Ja, i soll der gnädigen Frau sagen, dass sie mir augen-
1791 792 1950 908 re 1
1308 775 3958 983 blicklich.... (stampft mit dem Fuss) augenblicklich,- ja
1321 937 3962 1154 so hat sie g'sagt,- alle ihre Toilettensachen, also das
1312 1087 3937 1275 russische Kölnerwasser, die Zahnbürschten, das seidene
1321 1262 3845 1417 Nachthemd...da hat sie eh alles auf'schrieben -  -
1337 1412 3096 1600 (reisst ihm den Zettel aus der Hand)
879 1396 1250 1592 Mutter:
1587 1558 1791 1650 G.C.F.P.
1267 1537 3858 1737 Mon pauvre enfant!...O Gott! o Gott! im Otel muss sie
1271 1691 3975 1954 slafen!...im Otel und nix at sie dort!...Warten sie ein
1267 1866 3658 2079 Moment, junger Err, is werde die Saken einpacken.
904 2012 4162 2204 Charles:Mama, sie soll nicht im Hotel schlafen. Es ziemt sich nicht,
812 2179 1050 2333 Cette
1267 2158 3929 2396 dass eine Mathilde Delorme im Hotel schläft. - Kleiner,
1267 2350 4083 2504 holen Sie einen Fiaker. Sie bekommen schon was. Sie können
1271 2471 4029 2741 dann auf dem Bock sitzen, Piccolo auf den Bockolo - haha!
1271 2641 1871 2896 ( Piccolo ab)
2004 2733 2179 2929 G.F.P.
2208 2766 2475 2912 FRANZ
858 3066 3554 3233 Charles:Mama, du wirst deine Tochter holen!
858 3216 4008 3404 Mutter: Anita, snell, snel meine Mantille, meine Andsuh, mein
1200 3362 4066 3587 Uti...O, ik bin ja so fröh!...Du musst sie aber um Verzei-
1187 3483 2558 3720 hung bitten, Charles.
800 3658 4150 3854 Anitat (hat alles gebracht, hilft der Mutter beim Ankleiden und be-
1204 3820 2400 4025 gleitet sie hinaus)
1325 4129 2071 4345 es ist schon
879 4283 4166 4454 Charles: (setzt sich, schenkt sich ein Glas Champagner ein gedanken-
1279 4433 3225 4666 voll ) Wenn ich noch zu Betti ginge?....
867 4608 1829 4837 Anita: (tritt ein)
1004 4758 2879 4975 sarles:Anita, Anita, was machst du denn?
2871 4895 3829 5154 dein Mathilde wieder
925 4916 2821 5074 nita: Nun, ich will das Zimmer von Fräu=
