4440 5176
808 501 4059 792 Charles: Nicht also, meine Lieben! - Herr Franz, nehmen Sie Platz!
1280 687 4010 973 Mathilde, nimm Platz! Meine Mutter, nimm Platz! Bitte,
1280 868 4043 1086 hierher, Herr Franz! (Weist ihm den Sessel neben Mathilde
1288 1014 4188 1268 an) Es ist kein schlechter Platz. Hier sass vor wenig Wochen
1292 1200 2726 1430 ein reizender Edelmann.
1305 1365 2795 1579 (leise) Halt's Mau!
820 1393 1183 1579 Mutter:
808 1519 3308 1745 Mathilde: Was willst du denn eigentlich, Hanswurst?
1309 1636 4059 1886 Anita, schenken Sie ein! Anita, mehr als das, setzen Sie
836 1700 1260 1870 Charles:
1321 1830 4132 2015 sich zu uns! Anita ist ein braves Mädchen, ich kenne keine
1305 1983 4124 2181 Standesunterschiede. Ich werde so frei sein, einen kleinen
1321 2132 4015 2310 Toast zu halten. (Erhebt sich) Ich trinke auf die wahre
1305 2274 4120 2488 Liebe.....jawohl, auf die Liebe, welche allen Hindernis-
1329 2411 4087 2617 sen zum Trotz, die ich türmen mögen, uneigennützig, Herz zum
1333 2569 4107 2795 Herzen, mit einem Wort: - auf die Liebe, welche alle Hin-
1333 2746 4047 2956 dernisse besiegt! Herr Franz, ich bin so frei, Ihnen das
3231 2936 3453 3061 P.M.S.
1329 2932 1789 3126 Du anzu¬
1329 3029 3994 3259 Auf Ihr Wohl, Herr Franz! auf dass es Ihnen bei uns be-
1337 3199 2205 3433 hagen möge.
1321 3308 3069 3611 Ich frage (Klingel) an die xxx
965 3384 1147 3558 Ora.
848 3526 2641 3776 Mathilde: Was ist denn das?
1333 3671 2548 3901 Anita, schauen Sie nach!
844 3712 1244 3934 Mutter:
1317 3833 3425 4075 Es klingelt noch einmal)
856 3982 2807 4233 Charles: Was hat denn das zu bedeuten?
1975 4168 2512 4398 es, ich dulle
1729 4309 2201 4483 ter hinaus
884 4374 4083 4709 Der Vater: (tritt ein. Grosser Herr, schwarzer Gehrock, rotes Bänd-
2435 4556 2617 4628 it.
1357 4564 3728 4883 chen im Knopfloch, schwarzgefärbter Schwurrbart)
884 4741 2504 5016 Mutter: Da hört sich alles auf!
