4456 5352
2153 220 2665 425 le Décembre avec le
1771 378 2220 614 - 14 -
1216 638 3897 941 hier durch's Zimmer gekommen... Ja, Mutter, während ich
1248 803 4027 1075 hier am Tische sass!...Er hat sich verbeugt, und dann ist
1252 1019 2511 1248 sie mit ihm verschwunden.
862 1138 4011 1389 Mutter: Arme Mathilde! Sie ist ja zu gut. Er at ihr den Kopf ver-
1252 1283 4062 1614 dreht. Er at sie bezaubert. Seit einem Monate lebt sie nur
1256 1512 1791 1720 für Franz.
886 1567 3924 1826 Charles:Und jetzt, während Mutter und Bruder hier friedlich zu-
1264 1819 3936 1976 sammensitzen,- während ein keusches Mädchen namens Elsa
1275 1937 4003 2145 Pollak in ihrem jungfräulichen Bette des Geliebten denkt,
1256 2102 3901 2295 feiert dieser Franz hier Orgien!...Hier, in dem selben
1256 2185 4031 2460 Raum, wo früher ein reizender Edelmann.... (Er wird immer
1287 2429 3184 2602 betrunkener) Ich duld' es nicht! Anita!
890 2586 1996 2807 Mutter: Was willst du?
897 2708 3129 2917 Charles? Ich will dieser Sache ein Ende machen!
886 3192 1913 3432 Anita: (tritt ein)
917 3362 2732 3566 Charles: Rufen Sie Fräulein Mathilde!
897 3488 4066 3716 Anita: Der Herrlichste von allen, Herr Franz, ist noch bei ihr,
901 3625 3783 3846 Charles: Wer hat Sie darum gefragt? Rufen Sie sie - sofort.
909 3834 1602 4078 Anita: (ab)
913 4231 2354 4483 Mutter: Ik aben solke Angst,
909 4389 3708 4609 Charles: Lächerlich/Mama. Auf Dein Wohl! (Sie trinken)
909 4570 3369 4775 Anita: (kommt) Das Fräulein ist so bös geworden.
905 4716 1909 4956 Charles: Kommt sie?
917 4897 2870 5160 Anita: Aber keine Idee! (Ab.- Pause)
