3112 3560
793 470 1362 616 Ein Diplomat.
796 623 2061 756 Wan spricht von der Sängerin.
782 765 2042 911 Der Baron: Was für eine Fraut
782 888 2604 1041 Dabei von bestem Ruf, aus edler Familie, wie
782 1020 1221 1145 es heisst.
760 1136 2607 1275 Andere: Unsinn. Wahrscheinlich eine gerie-
711 1263 1606 1424 beuere Komödiantin.
760 1377 2451 1547 Wajor: Ja, sie war schön. (Er ist jetzt
756 1525 2652 1669 mit dem Baron allein). Warum sagtest du frü-
749 1636 2527 1806 her, das sei aus? Wie darf überhaupt etwas
744 1802 2524 1965 aus sein? So lang ich lebe bleibe ich der
730 1898 2604 2057 ich bin. Gläubst du nicht,dass ich noch mit
725 2019 2560 2210 Siebzig mein Regiment gegen den Feind füh-
730 2146 1218 2281 ren könnte?
715 2262 2604 2456 Das Gespräch steigert sich bis zu einer Wet-
711 2418 2548 2578 te.Der Major verwettet sein schloss au den
706 2531 2541 2699 Baron, dass die Sängerin. innerhalb von acht
701 2652 2061 2817 Tagen seine Geliebte sein wird.
692 2791 2302 2959 Wieder Auftreten von Episodenfiguren.
689 2928 1821 3070 Nun erst ist die Oper aus.
