3096 3560
820 589 2578 740 Major beabsichtigt sich auf sein Schloss
827 702 2681 855 zurückzuziehenfriede in aussicht.Von jeman-
813 811 2559 992 dem andern werden Zweifel ausgesprochen.
825 957 2672 1117 Der Baron: Ja, du hast alles: Ruhm,Reichtum.
1352 1053 1656 1140 mei bisteel
806 1070 2672 1244 Dir fliegt alles zu, die Frauen; freilich, da-
1986 1206 2686 1334 Auch Sof schlosigsas s
787 1225 1960 1371 mit wird es bald aus sein.
2000 1308 2571 1421 wogen gettt hol
792 1338 2606 1506 Der. Najor antwortet hieerauf anfangs nicht.
787 1466 2681 1642 Er will nun auf seinem Schloss die Geschich
785 1595 2648 1765 te der Welt studieren. Wird wenig leute bei
775 1711 2524 1904 sich sehen. „höchstens mein Adjutant,ein
773 1840 2554 2012 junger Wensch von grossen Aussichten,klug
1859 1960 2229 2078 nem srnd.
763 1970 1803 2121 und tapfer. Mehr als ich.
761 2121 2547 2276 Der Baron: Sche iut dir das nicht nur,weil
747 2234 1371 2349 er jünger ist?
745 2363 2547 2526 ner. Major: Ich erinnere mich noch deutlich
738 2491 2571 2710 genug meiner Jugend. Ich habe damals nicht
723 2611 1433 2752 so klar gesehen.
716 2721 2514 2934 Hier eine Unterbrechung durch exisodische
709 2877 1091 2995 Figuren.
709 3025 2585 3193 Ein Ehepaar, das den Wajor freudig begrüsst.
