3112 3576
788 499 2196 726 sollten noch heute weiterreisen.
783 660 2617 849 Sylvia: Ich bleibe ja nicht lange hier.Nun
786 802 2520 963 soll erst mein Leben beginnen. Ich fahre
769 902 2220 1084 nach Italien,Frankreich,Spanien-
764 1027 2111 1212 Ma jor: Sie werden wiederkommen.
748 1164 2593 1365 Sylvia: Wissen Sie nicht, dass mein Verlöb-
781 1325 2570 1469 nis mit dem Grafen vollkormen gelöst ist?
743 1422 2577 1602 Dass ich frei bin,um Ihretwillen mich frei
1389 1538 2023 1666 dlle ngbeen
745 1557 1318 1680 gemacht habe?
734 1708 2425 1876 Ma jor: ym meinetwillen? In zehufahren-
731 1810 2603 1978 Sylvia: Still - Wersspricht von der Zukunft?
729 1943 2544 2099 Von hier aus geht mein Weg in die Welt.Wir
719 2080 2615 2238 werden uns nicht wieder:ehen. Sollen uns nie
708 2186 1233 2314 wiedersehen.
703 2333 2527 2503 Irgendwelche Nachrichten noch unbestimmter
1370 2433 1822 2525 Er ertes dt 1m
689 2468 2586 2629 Natur vom neuen Ausbruch das Kriegs. Spielt
698 2589 2567 2754 es zur Zeit des Wiener Vongresses, so könnte
681 2712 2482 2870 die Flucht Napoleoys auf Elba bekannt wer-
674 2851 871 2953 den.
1323 2840 2167 3019 Vorher Oiges Liphenet.
670 2951 1737 3119 Sylvia bleibt im Schloss
