3000 3464
793 465 2573 656 Der Kaiser von Uesterre ich schenkt dem Kaiser
793 653 2103 763 von Aussland das Regiment Hiller.
786 760 2639 923 Dem fürsten von Würtlemberg das lusarenregiment
796 908 1327 1055 Sjackenstein.
788 1020 2794 1187 Kaiser Alexander schenkt dem Kaiser von Veslerreich
798 1205 1523 1373 ein Garderegiment.
803 1304 2848 1490 »ie sahne des Hiller-Regimente wird von der Leiserin
793 1454 1782 1584 von Vesterreich bestickt.
2176 1569 2563 1714 von exen
2438 1584 2728 1714 Teus,en
798 1584 2136 1754 Der Kaiser von Eesterreich und Kör-
796 1739 2687 1838 Arm in Arm, bürgerlich gekleiget, durch die Stadt.
2405 1887 2720 2006 tharnais.
854 1876 2118 2044 Denso Kaiser Alexander und Egen
796 2082 2726 2319 Die brillantesten Souveräne der König von Sagern.
786 2260 2626 2428 der xönig von Ognemark, der Kaiser von rus-land,
