5800 3576
3506 460 4393 609 Of izier: Ler unsere?
4972 564 5358 716 di emer
3516 604 4982 751 Axx Diplonat: Nein, der von Rus land.
4972 684 5283 818 An
3724 716 4846 865 dres ihr Selile mit gere
3526 860 5343 1032 der Major kommt. Begrüssung. In fuch A. mit.
3501 1007 5467 1191 Diplomat: welch eine Stimne. Sylv a! War für eine
3508 1164 4140 1275 herrliche Fraul
4162 1166 4610 1395 zurit hart
3501 1285 4112 1405 Major: (Schön.)
3496 1397 5360 1561 Diplomat: Sie gehen auch zum Zall beim Fürsten
3503 1546 4090 1691 Schwerzenberg?
3493 1678 4873 1820 Major: Ich habe nicht die Absicht.
3513 1800 5415 1957 ir haben ufe lange nicht gesehen,Herr Leutnant.
3501 1927 4614 2076 (Ritimeister) Seit Leipzig-
3483 2059 5164 2225 Offizier: Sie erinnern sich? l mit sch
3476 2203 5477 2350 Ma jor; Was macht der Kongress? Eysland gefährlich.
3488 2285 5487 2496 raillqfänd. Wie wird es werden? dejb.
3478 2454 5109 2621 Diplomat: mir. ist nichts bekannt. Ul
3473 2588 5363 2777 Offizier: Es ist ihm vielleicht wirklich nichts
3471 2735 3814 2847 bekannt.
3443 2839 5383 3021 (Major: Man hört, dass bald wieder gefochten wird.
3451 2969 5355 3167 Offlzier: So hätte das Leben wieder einen Sinn.
