3112 3560
490 450 1632 670 für Moliung der bette:
495 592 2272 797 der Bau seit uder Walt hern
479 724 2453 953 aber jetzt ist er werde. Har eit all
450 880 2240 1104 das Zeltenheibes gegen ein Hor
372 1031 2534 1265 in greiner, wie Ihr er labtin Reibenor!
436 1195 2585 1405 Date und den undese Nom geweller
439 1368 2477 1605 Nur er gebt it seger mit die Stlorn
390 1475 1554 1729 die er rchmehrhalt
460 1661 2116 1939 He leogor macht die lielb
2386 1793 2609 1933 l
600 1877 2499 2079 er und um Sein tieurelert
