3067 3608
321 942 692 1097 Berient
321 1087 552 1201 ii d
314 1170 699 1320 Trenmpken
331 1273 473 1394 1l
706 500 2562 697 Dass gerade jetzt der Friede kommen musste.
702 692 1967 811 nach Jahrzehnten des Krieges.
709 787 2541 952 Nun fährt ein Wagen vor. Es ist Sylvia,die
709 911 2457 1087 gemeldet wird. (Eil de drsen nuhslehe
706 1068 2586 1220 Wa jor: Oh,es ist nichts. Das Schloss gehört.
718 1182 2595 1315 Ihuen. Es ist ein freundschaftlicher Besuch.
687 1296 2586 1444 Der Baron: Das wird sich erst zeigen. Schen
695 1432 1777 1563 keil lasseich mir nichts.
687 1541 2560 1677 Major: In einer Stunde wird sie wieder fort
687 1701 918 1786 sein.
678 1805 1717 1917 Der Baron entfernt sich.
673 1965 1846 2062 Die Sängerin und der Major.
673 2062 2495 2193 Sylvia: Ich habe Sie vergeblich im Theater
671 2196 2483 2336 gesucht. Sie haben mich nicht wieder ange-
657 2331 2571 2464 hört. So habe ich Ihnen also nicht gefallen?
664 2467 2483 2621 Ma jor: sie sind auf dem Wege nach Italien?
666 2595 2543 2755 Sylvia: Ja. Aber ich fahre erst morgen Früh-
649 2733 944 2857 weiter
649 2831 2486 3004 Ma jor: Haben Sie den Grafen wiedergesehen?
657 2985 1320 3164 Wie geht's ihn?
