5960 4056
3734 562 4179 684 Sie holen.
3747 672 5230 822 Sylvia: Ganz recht. Warten wir beide.
3719 814 5606 949 General: Ich kann Ihnen noch eine Weile Gesell-
3716 903 5683 1094 schaft leisten. Aber ich fahre nicht zum Fürsten.
3724 1104 5606 1224 Für mich ist’s aus mit den Festen. Diesss heute
3737 1216 4398 1333 war mein letztes.
3699 1338 5556 1478 Salvia: Was reden Sie? Man weiss nie,wie viel
4660 1447 5047 1582 lesttrt
3714 1478 4457 1605 Feste noch kommen.
3719 1582 5561 1753 General: Aber manchmal, dass Keines mehr kommt.
3701 1725 5548 1887 Salvia: Sie wolen sich doch nicht in die Ein-
3711 1880 4579 1997 samkeit zurückziehen?
3739 1982 5779 2134 General: Vielleicht. Es könnte immerhin eine gros -
3714 2114 5556 2264 se Fülle sein und man könnte viel Gesellschaft
3696 2236 5612 2396 bei sich sehen. Ajlerdings xxxen wären esgröss-
3706 2373 4500 2511 tenteils Gespenster.
3683 2506 5723 2658 Sglvia: Ach so, Sie wolken Ihre Erinnerungen schrei-
3699 2607 5250 2757 ben, wie es eben der Gehéral Rapp getan.
3688 2763 5612 2908 General: Ich habe daran gedacht, habe aber keine
3696 2880 5538 3027 Lust mehr. Ich selber weiss genug von mir, wenn
3696 3009 5708 3159 auch vielleicht nicht das Richtige; im Niederschrei-
3683 3144 5571 3261 ben wäre noch weniger wahr. Nein,ich werde spa-
