5992 3816
3361 285 3753 565 27 1. 1910
3952 285 4418 512 1/40
5294 453 5622 583 9. und10
3766 527 5640 700 Weiteres Gespräch zwischen dem General und Mus-
3771 802 5650 970 Es gibt niemals einen Grund, auf die Eroberunggn
3768 940 5673 1118 einer Frau, auch der edelsten und schöhsten, stolz
3758 1052 5546 1227 zu selne - im Nem, u iit d Valert deek.k
3733 1199 5737 1332 Es gibt eine Stunde für jeden Mann bei jeder Frau.
3740 1327 5612 1474 General: Auch heute in meinen alten Tagen. Aber
3748 1451 5670 1584 jetzt lieben sie eine Legende. Nein,es macht mir
3730 1563 5192 1721 keinen Spass. - Rest beym.
5426 1599 5688 1719 dsil
3723 1709 5571 1854 Er hat eine Beziehung mit der Grafin Fuchs,wo-
3735 1838 5642 1994 von früher die Rede sein muss. Er will diese Be-
3725 1973 5604 2124 ziehung lösen. Das ist mit ein Grund seiner be-
3712 2106 4924 2246 vorstehenden Flucht aufs Land.
5095 2093 5622 2287 Feb. 1mn d
3998 2200 4367 2350 met
3705 2340 5650 2485 Muskau hat satanische Züge. Er hat gegen den Ge-
3702 2516 5505 2653 neral seinerzeit ein hohes Spiel verloren und
3712 2640 4515 2747 breint auf Revanche.
3705 2719 5749 2893 Er selbst kennt Sylvia,hat nichts bei ihr erreicht.
3705 2875 5620 3030 «r hat sie in einer anderen Stadt singen gehört;
3687 3010 5630 3160 mit ein Grund seiner Hieherreise ist der Umstand,
