3112 3560
779 555 2491 725 was aufgeben kann. Aber Sie haben Recht
772 659 1445 784 Lob des Grafen.
772 803 1651 933 Der, Graf kommt dazu.
763 900 2373 1098 Wann soll die Vermählung stattfinden?
770 1034 2543 1211 Sylvia, zum allgemeinen Erstaunen erzählt,
763 1195 2548 1355 dass sie einen Antrag zu einer Kunstreise
749 1299 2583 1481 durch Italien (davon muss natürlich früher
749 1440 2479 1584 die Rede sein) doch noch annehmen werde.
739 1549 2630 1728 Es wird klar, dass sie den Grafen nicht liebt
727 1691 2517 1839 dass sie zu schwanken beginnt.Sie fordert
723 1818 1223 1962 Bedenkzeit.
727 1946 2626 2109 Nun redet der Major ihr zu der Kunst zu ent-
727 2094 2510 2229 sagen,spricht von der Leere alles äussern
715 2198 2503 2361 Lebens;nur einen Menschen haben, der einem
718 2326 1674 2465 ganz gehört, ist Glück.
701 2460 2371 2633 Aber gerade aus dieser Stkmmung heraus
697 2588 2574 2756 scheint Sylvia entschlossen den Grafen auf-
697 2718 2486 2893 zugeben. Innere Fremdheit zwischen ihr und
689 2838 885 2968 ihm.
685 2956 2583 3162 Der Major, der ihr eben noch versprochen auch
