5992 3880
3819 472 5452 681 Sie Lust haben mich noch einmal zu hören.
3821 636 5611 796 General: Ich kann Ihnen leider nicht verspre-
3836 783 5589 935 chen - ich habe ein kleines Gut gekauft. Die
3816 883 5694 1072 letzten Verhandlungen sollen an Ort und Stelle
3821 1047 4232 1166 geschehen.
3809 1156 5646 1343 Aen Sylvia: Ich denke es mir schön,aber es hat
3806 1305 5079 1464 wohl keinen Sinn davon zu reden.
3809 1437 4716 1546 Geheral: Sie meinen -?
3787 1532 5624 1725 Sylvia: Ich habe keine schönere Erinnerung, als
3794 1708 5676 1830 in einem ganz kleinen Kreise oder auch nur vor-
3789 1850 5306 1967 einem einzigen Menschen zu singen.
5400 1798 5810 2006 m
3792 1947 5733 2128 General: Ich hatte die Empfindung, als Sie sangen,
3777 2098 5666 2225 als hörte kein Anderer zu als ich,zum mindesten
3789 2208 5616 2367 haben mich die Andern gar nicht gestört. Viel-
3762 2342 5602 2496 leicht gehört es sogar dazu. ie haben eine so
3782 2476 5574 2623 grosse, so heroische Stimme. Ich kann mir kaum
3759 2593 5639 2752 denken, dass Sie für nur Wenige oder gar nur für
3759 2757 4930 2869 einen Menschen allein singen
3744 2857 5741 3016 Sylvia: Ich ohneweitere. Ich habe manchmal nur für
3747 2984 5701 3155 meine Mutter gesungen. Und als junges Mädchen von
3747 3108 5681 3255 dreizehn für einen jungen Vetter,der nicht alter
