3128 3560
752 555 2168 721 Sylvia: Ich sah ihn nicht wieder.
733 690 2568 864 Majer: Er wird Ihnen nach Italiey nachrei-
733 812 921 942 sen.
735 945 1818 1071 Sylvia: Das wäre Torheit.
733 1083 2518 1226 Major: Sind nicht Sie die Törin? Er liebt
769 1214 962 1314 Sie.
726 1338 2468 1471 Sylvia: Wollen sie mich nicht verstehen?
1345 1428 1616 1492 esin ar
1847 1433 1980 1511 ete
731 1435 2113 1606 Ich bin hier.ich bin bei ihnen-
719 1587 2513 1721 Ma jor: Ja, ich bin sehr berühmt:Sie werden
721 1718 2411 1861 noch eine junge Frau sein und an meiner
712 1830 1852 1997 Reiterstatue vorübergehen.
712 1971 2368 2111 Sylvia: Ihr Ruhm ist mir gleichgültig.
712 2102 2454 2256 Ma jor: Das glauben Die nur.Die Täuschung
709 2249 1454 2361 ist nicht selten.
709 2342 2578 2492 Sylvia: Ich täusche mich nicht. Was hab ich
704 2475 2494 2642 im Grafen geliebt. Heute weiss ichs: den
697 2585 2530 2751 Abglanz Ihres Wesens. Was in meiner Kunst?
697 2708 2606 2873 Dass sie ein Mittel war eine Verbindung zwi-
697 2873 2078 3004 schen ihnen und mir zu schaffen.
693 3013 2392 3149 Major: Kindereien. Es ist noch früh.Sie
