5992 3912
3396 2445 3642 2575 Ubet
3377 2546 3644 2679 den geben
3363 2630 3625 2748 deesert
3372 2734 3642 2850 elet4
3842 530 5530 662 dase er gleichfalls seinen Abschied nimmt.
3854 646 4868 780 General: Ist das möglich?
3832 785 5579 901 Majorf erzählt ihm nun, dass er verlobt ist.
3830 898 5665 1067 Er wollte es noch nicht publik machen, aber die
3813 1019 5730 1188 Zudringlichkeiten,vielleicht sogar die Gefahren,
3818 1185 5697 1306 häufen sich so sehr, dass ich nicht anders kann.
3825 1296 5670 1443 Erst allmählich ergibt sich, dass er von Sylvia-
3825 1419 5689 1583 spricht. ie hat ihm ihre Hand versprochen. Sie
3813 1566 5711 1703 gibt ihre Carrière auf. ie ist in Wien geboren.
3794 1689 5730 1845 Ihr Vater,ein grosser Gesangsmeister,ein Italie-
3803 1826 4526 1941 ner, ist gestorben.
3789 1937 5636 2112 Major: Ich möchte sie holen,um Sie mit ihr be-
3803 2086 4444 2199 kannt zu machen.
3794 2204 5627 2363 General wehrt ab: Später- bei Eurer Hochzeit -
3803 2334 4998 2471 Ihr werdet mich doch einladen?
3779 2455 5617 2616 Der Major besteht darauf und teilt dem General
3772 2592 5665 2753 mit, dass es Sylvias grösster Wunsch gewesen ist,
3789 2715 5540 2871 ihn kennen zu lernen. Manchmal schien es mir
3767 2835 5569 2987 geradezu, als fände sie nur darum Interesse an
3765 2982 4974 3115 mir, weil ich Ihr Adjutant bin.
