<?xml version="1.0" encoding="UTF-8" standalone="yes"?>
<PcGts xmlns="http://schema.primaresearch.org/PAGE/gts/pagecontent/2013-07-15" xmlns:xsi="http://www.w3.org/2001/XMLSchema-instance" xsi:schemaLocation="http://schema.primaresearch.org/PAGE/gts/pagecontent/2013-07-15 http://schema.primaresearch.org/PAGE/gts/pagecontent/2013-07-15/pagecontent.xsd">
    <Metadata>
        <Creator>prov=READ-COOP:name=PyLaia@TranskribusPlatform:version=2.7.0:model_id=50870:lm=none:date=22_01_2024_18:30</Creator>
        <Created>2023-09-27T14:37:05.312+02:00</Created>
        <LastChange>2024-01-22T18:30:31.400+01:00</LastChange>
        <TranskribusMetadata docId="1589042" pageId="60124241" pageNr="39" tsid="145632704" status="IN_PROGRESS" userId="40391" imgUrl="https://files.transkribus.eu/Get?id=JOTTAVMSGUUOFVBBAGAJXAXA&amp;fileType=view" xmlUrl="https://files.transkribus.eu/Get?id=ZEXBJPQPOZTRDMHXPGKDMQLB" imageId="48549319"/>
    </Metadata>
    <Page imageFilename="1589042_0039.jpg" imageWidth="5784" imageHeight="3656">
        <ReadingOrder>
            <OrderedGroup id="ro_1711791917281" caption="Regions reading order">
                <RegionRefIndexed index="0" regionRef="tr_1"/>
            </OrderedGroup>
        </ReadingOrder>
        <TextRegion orientation="0.0" id="tr_1" custom="readingOrder {index:0;}">
            <Coords points="3476,537 3476,3199 5609,3199 5609,537"/>
            <TextLine id="tr_1_tl_1" custom="readingOrder {index:0;}">
                <Coords points="3485,609 3921,654 4679,591 4961,612 5057,670 5437,654 5416,463 5038,548 4711,524 4663,559 4551,519 4474,559 4304,521 4019,561 3830,516 3485,521"/>
                <Baseline points="3500,603 3597,603 3694,603 3791,603 3888,603 3985,603 4082,608 4179,604 4276,603 4373,603 4471,603 4568,603 4665,603 4762,603 4859,600 4956,597 5053,597 5150,597 5247,597 5344,597 5442,591"/>
                <TextEquiv>
                    <Unicode>General Teising Obgerkommando. Er hat sein bestes</Unicode>
                </TextEquiv>
            </TextLine>
            <TextLine id="tr_1_tl_2" custom="readingOrder {index:1;}">
                <Coords points="3474,758 3687,761 3748,801 3931,747 5458,747 5458,684 5408,662 5144,652 4972,705 4902,665 4517,702 4357,657 3474,708"/>
                <Baseline points="3488,752 3586,746 3685,746 3784,746 3883,746 3982,746 4081,743 4180,740 4279,745 4378,741 4477,740 4575,740 4674,740 4773,740 4872,740 4971,740 5070,736 5169,734 5268,734 5367,739 5466,734"/>
                <TextEquiv>
                    <Unicode>noch nicht geleistet. Und sein Bestes streitet man</Unicode>
                </TextEquiv>
            </TextLine>
            <TextLine id="tr_1_tl_3" custom="readingOrder {index:2;}">
                <Coords points="3479,902 4240,886 4426,920 4732,886 4934,923 4934,809 4844,779 4737,830 4514,803 4400,841 4112,793 3852,827 3695,774 3479,787"/>
                <Baseline points="3494,890 3566,884 3638,884 3710,884 3783,884 3855,884 3927,884 4000,884 4072,884 4144,884 4217,884 4289,884 4361,884 4433,882 4506,879 4578,884 4650,879 4723,878 4795,878 4867,878 4940,878"/>
                <TextEquiv>
                    <Unicode>ihm äb. Legenden bilden sich. Ispern.</Unicode>
                </TextEquiv>
            </TextLine>
            <TextLine id="tr_1_tl_4" custom="readingOrder {index:3;}">
                <Coords points="3461,1064 3663,1099 3945,1021 5339,1027 5339,950 5078,931 4948,971 4737,936 4400,979 4150,942 3671,976 3461,931"/>
                <Baseline points="3476,1027 3569,1021 3663,1021 3756,1021 3850,1021 3943,1021 4037,1019 4130,1015 4224,1015 4317,1015 4411,1015 4504,1015 4598,1015 4691,1015 4785,1015 4878,1015 4972,1015 5065,1015 5159,1010 5252,1015 5346,1021"/>
                <TextEquiv>
                    <Unicode>Ma jor: Ich war dam-ls noch nicht sein Adjutant.</Unicode>
                </TextEquiv>
            </TextLine>
            <TextLine id="tr_1_tl_5" custom="readingOrder {index:4;}">
                <Coords points="3474,1173 3804,1197 4211,1157 4477,1205 4682,1170 4815,1186 4894,1248 5019,1210 5147,1253 5147,1101 5105,1088 4152,1115 3474,1072"/>
                <Baseline points="3488,1158 3571,1158 3654,1153 3738,1152 3821,1152 3904,1152 3988,1152 4071,1152 4154,1152 4238,1152 4321,1152 4404,1152 4488,1152 4571,1152 4654,1152 4738,1152 4821,1152 4904,1152 4988,1152 5071,1152 5155,1164"/>
                <TextEquiv>
                    <Unicode>Uebrigens hat er seinen Abschied ge-omnen.</Unicode>
                </TextEquiv>
            </TextLine>
            <TextLine id="tr_1_tl_6" custom="readingOrder {index:5;}">
                <Coords points="3479,1303 4056,1290 4147,1327 4336,1290 4487,1354 4620,1290 4695,1306 4695,1224 4647,1218 4293,1232 4107,1184 4001,1248 3937,1210 3703,1245 3546,1186 3479,1208"/>
                <Baseline points="3494,1302 3554,1295 3614,1291 3675,1290 3735,1290 3795,1290 3856,1290 3916,1290 3976,1290 4037,1290 4097,1290 4157,1290 4218,1290 4278,1290 4338,1290 4399,1286 4459,1284 4519,1284 4580,1284 4640,1284 4701,1284"/>
                <TextEquiv>
                    <Unicode>Dinlo at: In so jungen Jahren?</Unicode>
                </TextEquiv>
            </TextLine>
            <TextLine id="tr_1_tl_7" custom="readingOrder {index:6;}">
                <Coords points="3469,1495 3546,1458 3761,1490 3865,1428 4187,1463 4432,1434 4469,1468 4714,1418 5453,1450 5453,1327 5416,1311 5293,1365 5168,1306 5025,1365 4634,1365 4551,1322 4384,1375 4014,1362 3862,1306 3729,1359 3469,1359"/>
                <Baseline points="3482,1433 3580,1427 3679,1421 3778,1421 3877,1421 3976,1421 4075,1421 4174,1421 4273,1421 4372,1421 4471,1421 4569,1421 4668,1416 4767,1421 4866,1421 4965,1421 5064,1417 5163,1419 5262,1421 5361,1421 5460,1421"/>
                <TextEquiv>
                    <Unicode>Major: Er ist nicht so jung als man gläubt. (Er hat</Unicode>
                </TextEquiv>
            </TextLine>
            <TextLine id="tr_1_tl_8" custom="readingOrder {index:7;}">
                <Coords points="3474,1583 3711,1628 3905,1553 4099,1607 4227,1543 4466,1593 4596,1543 4913,1540 5054,1588 5099,1577 5102,1484 4815,1492 4634,1423 4530,1476 4344,1423 3689,1514 3474,1492"/>
                <Baseline points="3488,1565 3573,1564 3658,1559 3743,1559 3828,1559 3914,1553 3999,1558 4084,1564 4169,1555 4254,1533 4340,1529 4425,1529 4510,1530 4595,1534 4680,1530 4766,1535 4851,1535 4936,1535 5021,1540 5107,1553"/>
                <TextEquiv>
                    <Unicode>Sich angekauft.) HHend hemihl</Unicode>
                </TextEquiv>
            </TextLine>
            <TextLine id="tr_1_tl_9" custom="readingOrder {index:8;}">
                <Coords points="4745,1628 4799,1649 4841,1628 4953,1636 5073,1620 5147,1644 5147,1569 5086,1559 5049,1591 5011,1596 4913,1540 4865,1553 4809,1540 4791,1556 4745,1545"/>
                <Baseline points="4761,1624 4787,1620 4813,1618 4839,1618 4866,1618 4892,1618 4918,1618 4944,1618 4971,1618 4997,1618 5023,1618 5049,1618 5076,1618 5102,1618 5128,1618 5155,1618"/>
                <TextEquiv>
                    <Unicode>Aber</Unicode>
                </TextEquiv>
            </TextLine>
            <TextLine id="tr_1_tl_10" custom="readingOrder {index:9;}">
                <Coords points="3753,1662 3844,1652 3958,1681 4041,1657 4072,1689 4144,1702 4269,1665 4362,1686 4362,1588 4253,1548 4118,1609 4017,1559 3987,1577 3910,1553 3753,1593"/>
                <Baseline points="3769,1642 3798,1642 3828,1642 3858,1642 3888,1642 3918,1642 3948,1642 3977,1642 4007,1642 4037,1642 4067,1640 4097,1638 4127,1636 4157,1636 4186,1636 4216,1636 4246,1638 4276,1640 4306,1642 4336,1642 4366,1642"/>
                <TextEquiv>
                    <Unicode>duffor 470.</Unicode>
                </TextEquiv>
            </TextLine>
            <TextLine id="tr_1_tl_11" custom="readingOrder {index:10;}">
                <Coords points="4644,1713 4926,1710 4988,1681 5235,1737 5339,1686 5339,1615 5224,1660 5179,1615 5136,1639 4894,1623 4809,1647 4706,1599 4644,1615"/>
                <Baseline points="4659,1684 4693,1684 4727,1684 4762,1683 4796,1681 4830,1679 4865,1680 4899,1682 4933,1684 4968,1681 5002,1679 5036,1678 5071,1678 5105,1678 5139,1680 5174,1682 5208,1684 5242,1684 5277,1684 5311,1686 5346,1690"/>
                <TextEquiv>
                    <Unicode>Eecnt uch te hul</Unicode>
                </TextEquiv>
            </TextLine>
            <TextLine id="tr_1_tl_12" custom="readingOrder {index:11;}">
                <Coords points="3461,1846 4519,1811 4894,1854 5059,1814 5025,1734 4541,1761 4384,1721 4248,1761 4174,1724 4099,1758 3692,1684 3461,1742"/>
                <Baseline points="3476,1816 3555,1815 3634,1810 3714,1810 3793,1810 3873,1814 3952,1813 4032,1813 4111,1814 4191,1810 4270,1810 4349,1810 4429,1810 4508,1810 4588,1814 4667,1816 4747,1813 4826,1810 4906,1810 4985,1810 5065,1810"/>
                <TextEquiv>
                    <Unicode>Hürct Pückler (Muskau) und die Araberin.</Unicode>
                </TextEquiv>
            </TextLine>
            <TextLine id="tr_1_tl_13" custom="readingOrder {index:12;}">
                <Coords points="3461,1963 5006,1963 5006,1886 4884,1865 3463,1881"/>
                <Baseline points="3476,1959 3552,1955 3629,1950 3706,1947 3783,1947 3860,1947 3936,1947 4013,1947 4090,1947 4167,1947 4244,1950 4320,1951 4397,1947 4474,1947 4551,1947 4628,1947 4704,1947 4781,1947 4858,1947 4935,1948 5012,1953"/>
                <TextEquiv>
                    <Unicode>Diplomatk kemit ihn ) wieder in Wien?</Unicode>
                </TextEquiv>
            </TextLine>
            <TextLine id="tr_1_tl_14" custom="readingOrder {index:13;}">
                <Coords points="3469,2085 4011,2120 4155,2080 4487,2112 4791,2080 4849,2115 5482,2080 5602,2115 5602,1984 4791,2032 4437,1947 4301,1982 3902,1950 3775,2019 3469,2014"/>
                <Baseline points="3482,2072 3588,2078 3694,2078 3801,2078 3907,2078 4013,2078 4120,2078 4226,2078 4332,2078 4439,2078 4545,2078 4651,2078 4758,2079 4864,2081 4970,2078 5077,2078 5183,2078 5289,2083 5396,2078 5502,2078 5609,2084"/>
                <TextEquiv>
                    <Unicode>Auskau: Eine schöne xaatzx stadt. Dieser jungen Dane</Unicode>
                </TextEquiv>
            </TextLine>
            <TextLine id="tr_1_tl_15" custom="readingOrder {index:14;}">
                <Coords points="4865,2205 4966,2187 5009,2210 5062,2197 5115,2213 5216,2187 5261,2189 5315,2229 5386,2216 5386,2085 5304,2115 5261,2085 5187,2109 5134,2085 5089,2107 5035,2088 4918,2131 4865,2115"/>
                <Baseline points="4880,2192 4905,2190 4931,2189 4957,2187 4982,2186 5008,2186 5034,2186 5059,2186 5085,2186 5111,2186 5137,2186 5162,2186 5188,2186 5214,2186 5239,2186 5265,2188 5291,2190 5316,2191 5342,2192 5368,2192 5394,2192"/>
                <TextEquiv>
                    <Unicode>due serhen</Unicode>
                </TextEquiv>
            </TextLine>
            <TextLine id="tr_1_tl_16" custom="readingOrder {index:15;}">
                <Coords points="3461,2229 4801,2229 4801,2155 4756,2131 4471,2171 4086,2104 3798,2117 3711,2165 3461,2139"/>
                <Baseline points="3476,2216 3542,2212 3609,2210 3675,2210 3742,2210 3809,2210 3875,2210 3942,2210 4008,2210 4075,2210 4142,2213 4208,2216 4275,2216 4341,2216 4408,2214 4474,2210 4541,2210 4608,2210 4674,2212 4741,2216 4808,2216"/>
                <TextEquiv>
                    <Unicode>ist das Klima in Auskau zu rauh.</Unicode>
                </TextEquiv>
            </TextLine>
            <TextLine id="tr_1_tl_17" custom="readingOrder {index:16;}">
                <Coords points="5014,2288 5035,2288 5067,2314 5113,2306 5131,2325 5174,2288 5248,2304 5312,2277 5331,2285 5333,2221 5301,2221 5283,2202 5216,2216 5118,2213 5105,2200 5073,2221 5049,2205 5017,2218"/>
                <Baseline points="5029,2282 5054,2282 5079,2281 5105,2279 5130,2278 5156,2276 5181,2276 5206,2276 5232,2276 5257,2276 5283,2276 5308,2276 5334,2276"/>
                <TextEquiv>
                    <Unicode>H R.</Unicode>
                </TextEquiv>
            </TextLine>
            <TextLine id="tr_1_tl_18" custom="readingOrder {index:17;}">
                <Coords points="4719,2335 4817,2317 4886,2354 5009,2343 5097,2373 5192,2349 5259,2381 5418,2354 5413,2288 5357,2314 5293,2282 5131,2325 5006,2285 4929,2226 4886,2248 4714,2242"/>
                <Baseline points="4731,2311 4765,2313 4800,2316 4834,2320 4869,2327 4904,2334 4938,2337 4973,2339 5008,2342 5042,2347 5077,2351 5112,2351 5146,2349 5181,2347 5216,2349 5250,2352 5285,2353 5320,2353 5354,2353 5389,2353 5424,2353"/>
                <TextEquiv>
                    <Unicode>I l</Unicode>
                </TextEquiv>
            </TextLine>
            <TextLine id="tr_1_tl_19" custom="readingOrder {index:18;}">
                <Coords points="3474,2367 3761,2346 4014,2394 4346,2346 4549,2386 4549,2288 4376,2269 3913,2293 3740,2248 3474,2285"/>
                <Baseline points="3488,2335 3541,2339 3594,2341 3647,2341 3700,2341 3754,2341 3807,2341 3860,2342 3913,2345 3966,2345 4020,2341 4073,2344 4126,2347 4179,2347 4232,2345 4286,2342 4339,2344 4392,2347 4445,2347 4498,2351 4552,2359"/>
                <TextEquiv>
                    <Unicode>Vorstellung mitf dem Major..</Unicode>
                </TextEquiv>
            </TextLine>
            <TextLine id="tr_1_tl_20" custom="readingOrder {index:19;}">
                <Coords points="3474,2538 3721,2540 3918,2482 4253,2516 4972,2482 5259,2575 5413,2562 5413,2399 4706,2434 4567,2399 4171,2415 3958,2359 3820,2415 3474,2394"/>
                <Baseline points="3488,2479 3584,2473 3681,2468 3777,2474 3874,2477 3970,2475 4067,2479 4163,2479 4260,2479 4356,2479 4453,2474 4549,2478 4646,2479 4742,2479 4839,2479 4935,2479 5032,2479 5128,2477 5225,2475 5321,2479 5418,2485"/>
                <TextEquiv>
                    <Unicode>Muskau: Ich sall Sie in der Loge mit dem general.</Unicode>
                </TextEquiv>
            </TextLine>
            <TextLine id="tr_1_tl_21" custom="readingOrder {index:20;}">
                <Coords points="3498,2623 3583,2655 3639,2612 3727,2649 3775,2612 4245,2609 4509,2649 4509,2554 4368,2519 4259,2551 4163,2516 3900,2551 3498,2532"/>
                <Baseline points="3512,2610 3562,2610 3612,2610 3662,2610 3712,2610 3763,2610 3813,2608 3863,2605 3913,2604 3963,2604 4014,2604 4064,2604 4114,2604 4164,2606 4214,2609 4265,2610 4315,2610 4365,2610 4415,2610 4465,2610 4516,2610"/>
                <TextEquiv>
                    <Unicode>Ex hat mich nicht bemerkt.</Unicode>
                </TextEquiv>
            </TextLine>
            <TextLine id="tr_1_tl_22" custom="readingOrder {index:21;}">
                <Coords points="3463,2780 3921,2804 4312,2750 4636,2758 4772,2830 4831,2801 4804,2695 4479,2697 4413,2649 4309,2684 4155,2639 4017,2695 3687,2689 3461,2604"/>
                <Baseline points="3476,2742 3544,2746 3612,2747 3680,2746 3748,2742 3816,2742 3884,2745 3952,2745 4020,2742 4088,2742 4157,2745 4225,2747 4293,2748 4361,2752 4429,2749 4497,2749 4565,2753 4633,2753 4701,2753 4769,2756 4838,2765"/>
                <TextEquiv>
                    <Unicode>Major: Er sprach von Ihnen, fürst.-</Unicode>
                </TextEquiv>
            </TextLine>
            <TextLine id="tr_1_tl_23" custom="readingOrder {index:22;}">
                <Coords points="3469,2926 3868,2902 4160,2963 4317,2931 4450,2958 4450,2812 4312,2846 4251,2809 4096,2854 3955,2825 3469,2852"/>
                <Baseline points="3482,2909 3530,2905 3579,2903 3628,2903 3676,2903 3725,2903 3774,2903 3822,2903 3871,2900 3920,2897 3969,2897 4017,2898 4066,2901 4115,2903 4163,2903 4212,2903 4261,2903 4309,2903 4358,2903 4407,2903 4456,2903"/>
                <TextEquiv>
                    <Unicode>Offizier: Kriegskamerad?</Unicode>
                </TextEquiv>
            </TextLine>
            <TextLine id="tr_1_tl_24" custom="readingOrder {index:23;}">
                <Coords points="3469,3043 3700,3040 3892,3096 4208,3040 4389,3083 4522,3035 4775,3107 5208,3056 5461,3118 5461,2971 5352,2939 5107,2990 5062,2958 4535,2977 4333,2931 4211,2979 3469,2974"/>
                <Baseline points="3482,3034 3581,3040 3680,3039 3779,3034 3878,3034 3978,3034 4077,3034 4176,3034 4275,3034 4374,3034 4474,3034 4573,3034 4672,3034 4771,3034 4870,3034 4970,3030 5069,3032 5168,3034 5267,3034 5366,3034 5466,3034"/>
                <TextEquiv>
                    <Unicode>Muskau: Nein, ich war niemandes. Kriegskemerad. Ver-</Unicode>
                </TextEquiv>
            </TextLine>
            <TextLine id="tr_1_tl_25" custom="readingOrder {index:24;}">
                <Coords points="3469,3205 3687,3227 3947,3171 4413,3224 4612,3171 4719,3211 5115,3176 5259,3219 5328,3173 5482,3205 5482,3094 5248,3078 4921,3118 4477,3064 3929,3112 3830,3062 3751,3115 3469,3083"/>
                <Baseline points="3482,3172 3582,3165 3682,3161 3783,3164 3883,3163 3983,3166 4084,3162 4184,3160 4284,3160 4385,3160 4485,3166 4585,3164 4686,3160 4786,3160 4886,3160 4987,3160 5087,3165 5187,3160 5288,3165 5388,3163 5489,3172"/>
                <TextEquiv>
                    <Unicode>zeihen.ie, ich habe im allgemeinen keine Schätzung</Unicode>
                </TextEquiv>
            </TextLine>
            <TextEquiv>
                <Unicode></Unicode>
            </TextEquiv>
        </TextRegion>
    </Page>
</PcGts>
