5976 3896
3878 461 5271 651 menschliche Seelen spiel ich nicht.
3878 608 5682 782 4uskau: Die Seele erlass ich dir.Wie soll man
3878 756 4714 891 das auch feststellen?
3864 889 5644 1003 General! Komm,wir wollen spielen,wenn es dir
3859 1012 5594 1164 so sehr um Revanche zu tun ist. ürfel, wenn
3859 1150 5705 1276 du wilist,oder Karten. Und um so viel Geld als
3859 1283 4261 1397 du willst.
3852 1402 5598 1535 Muskau: Nein,nicht um Geld. Um das Haus, in
3847 1542 5622 1682 dem wir noch im Jahre 1805 gewesen sind und
4581 1640 5164 1768 Marn prou
3852 1675 4482 1792 gespielt haben.
3847 1796 5622 1918 (vielleicht haben sie dort dieselbe Frau ge-
3859 1930 5736 2025 habt und kommen jetzt erst im Gespräch darauf. )
3859 2072 5306 2205 General: Aber wassetzest du dagegen?
3852 2193 5560 2343 Muskau! Meine kleine Araberin. Es wird ihr
3847 2317 4534 2436 das Herz brechen.
3847 2448 5152 2592 Muskau geht mit der Araberin ab.
3835 2576 4985 2707 Oder es kommen andere Leute.
3835 2709 5168 2825 Jedenfalls Entfernung von Muskau.
3840 2830 5751 2999 Der Major kommt. Vielle icht ein paar Worte auch
3835 2973 4301 3118 mit Muskau.
3835 3113 5603 3263 Der Major kommt nur, um dem General zu sagen,
