5944 3704
3204 2509 3503 2637 Wer die
3209 2604 3503 2726 Scsebich
3168 2701 3429 2908 A R.
3158 2879 3462 3038 hplen.
3166 3104 3419 3263 prel
3654 531 5647 695 für den Krieg. Freilicl für den Frieden noch weni-
3646 664 5018 818 ger. Habe ich Sie beide beleidigt?
3654 777 5687 976 Ja, das ist die kleine Traderin, die ich aus Regipten
3636 938 5509 1083 mitgebracht habe. Es gefällt s ihr gut hier.
3672 1065 5606 1216 raberin spricht über Sylvia. Eine Stimme wie vom
4091 1165 4816 1313 Iu gezien werden.
3649 1203 4027 1357 immel.-
4645 1229 5274 1369 t Welhetdehor
3620 1339 5514 1487 Oflizier: Und darf man fragen, was Sie gegen den
3636 1479 4139 1597 Krieg haben?
3628 1587 5659 1781 xäxkEEx Muskau: für ein Abenteuer ist er zu srutal.
3623 1735 5675 1896 man ist zu wenig sein eigener Herr und jemehr man.
3623 1847 5595 2031 Herr ist, unso weniger ist eE Krieg. Als Spiel ist
4011 1975 5018 2062 imen. Riebelrt, – Ubent
3631 2039 5555 2179 er nicht Tair genug. Es kommt einem nie-auf die
3613 2151 5585 2345 gleichen thancen an. Nein. Man legt lert auf die
3620 2277 5452 2430 vebermacht. man ist noch stolz darauf, wenn man
3613 2414 5483 2586 sie hat. Nein, ich habe keine schätzung: Er wird
3695 2501 4177 2598 11 cntl 1.lte
3618 2558 5473 2688 auch einmal aufhören. Ir m.1d ser in et
4550 2624 5381 2747 d gbn de s dsen
3605 2680 5399 2846 Diplonist: Niemale. 4is torische Notwendigkeit.
4469 2785 5090 2882 leet weltmie
5171 2803 5624 2956 e Utuerlh
3592 2805 5118 3000 Oflizier: troscartig. Man braucht iln.
3592 2941 4489 3115 Muskau: Ee scheint so.
3592 3086 4722 3237 Der Major ist indessen fort.
