5960 3688
3339 2208 3582 2317 ben mn
3334 2289 3605 2396 sitf e
3331 2362 3621 2487 tlefa
3702 533 4875 695 general: Nicht im geringsten.
3694 637 5784 818 Muskau: Sie jedenfalls dich. Sie hat für sich gesun
3699 794 5371 946 gen. Sie hat in deine löge hinaufgeschaut.
3710 933 5640 1092 General: Ich habe nichts bemerkt. Vielleicht hat-
3691 1027 5525 1254 es meinem Adjutanten gegolten.. Vom1)
3689 1197 5382 1390 Muskau: Ich habe ihn eben kennen gelernt.-
3715 1314 4982 1476 General erzählt einiges von ihm.
3720 1447 5823 1643 General: Für ihnmünschte ich, dass der Frieden (nicht/-
3702 1604 5651 1753 dauerte. Dass ist sein bebiet. Sein Element. Nur
3715 1722 4943 1873 so könnte er werden,was er ist.
3702 1850 5745 2048 Muskau: Er sieht gar nicht so kriegerisch aus. Eher
3720 1978 4360 2150 wie ein Präumer.
3710 2098 5719 2289 General: Er ist ein gläubiger Held..Er ahnt einen
3725 2242 5721 2422 inn-auch im Grauenhaften und im Unsinzigen. Viel-
4995 2364 5698 2490 erge seh
3702 2411 4527 2534 leicht hat er Recht.
4768 2432 5037 2563 N h
3702 2516 5635 2696 Nun komnt vielleicht die traberin wieder zurück.
3715 2670 4708 2829 Gespräch mit dem General.
3710 2874 5588 3067 Das Gespräch mus dahin gehen (zwischen Muskau
3712 3020 5680 3206 und dem weneral); dass ed Riemal- einen Grund gibt
