5688 4088
3379 467 4959 638 Major: Ich werde Sie nachhause bringen.
3373 635 5364 769 Sylvia: Nein,lassen Sie mich heute nur allein fah-
3371 758 5338 889 ren. Morgen zu Mittag erwarte ich Sie. Wir wollen
3397 873 5338 1054 vor dem Frühstück miteinander plaudern. (sie geht
3373 1027 3902 1182 allein fort.1.
3363 1161 5257 1329 Major: (begleitet sie immerhin die Stiege hinab)
3363 1289 5388 1446 Mus kau: (kommt) Also,Sie haben sich doch entschlos-
3368 1428 4206 1551 sen hier zu bleiben?
3376 1540 5319 1727 General: Wer sagt Ihnen das? Es bleibt dabei, dass
3368 1692 4462 1815 ich morgen aufs Land fahre.
3368 1809 5127 1978 Muskau: Und wie steht es mit unserer Wetie?
3368 1967 5207 2087 General: Also doch? Nun,ich gebe sie verloren.
3349 2074 5362 2228 Muskau: Unter diesen Umständen, wenn Sie das Spiel
3368 2188 5508 2367 aufgeben,ohne die erste Karte in die Hand genommen zu
3349 2351 5321 2530 haben - ich habe es Ihnen schon gesagt - kann die
3349 2471 4129 2618 Wetié nicht gelten.
3339 2581 5396 2757 General: Wie die meinen. Ich werde Ihnen meinen Be-
3355 2738 4259 2880 sitz nicht aufdrängen.
3344 2834 4750 2992 Muekau: Wird man sich wiedersehen?
3344 2968 5364 3138 General: Warum nicht? Ich werde mich immer freuen.
