6008 3880
3857 456 5635 684 dass sie hier ist. Sie ist ihm mehr wert als
3862 607 4626 740 der ganze Kongress.
3862 750 5660 919 General: Wir nehmen die Frauen zu wichtig, zum
3842 891 5645 1040 mindesten das, was wir ihre Iugend nennen. Wie
3844 999 5589 1183 müssen sie sich untereinander lustig machen,
3821 1122 5709 1316 dass uns die Jungfräulichkeit so viel wert ist.
3827 1260 5576 1432 Muskau versucht Sylvia für sich zu gewinnen,
3809 1391 5658 1567 schon damit der General seine Wette verliert??
3824 1503 5663 1698 Er erhält die Blumen zurück,wahrend er mit dem
3819 1660 4410 1793 Grafen spricht.
3803 1762 5696 1952 Vie Botschaft an ihn: Sie will keine Blumen von
3801 1916 5765 2082 Ihnen, Sie mögen sie Ihrer schönen Freundin schen-
3780 2151 5294 2331 General: (lacht) Jeder kann jede haben.
3883 2300 5366 2456 uskau: tu bist ein Geck.
3783 2420 5443 2600 General: Wüsstest du, wie wenig ich’s bin!
3750 2564 5717 2738 Muekau: Die nicht! Ich möchte eine hohe Wette ma-
3747 2697 5335 2843 chen,dass du die nicht bekommet. I
3714 2797 5768 3012 MJetzt ist die erwünschte Gelegekheit zur Revanche
3737 3056 4382 3225 Generat: Ich mac
4615 3073 5655 3250 ne Weiten solcher Art. Um
