3096 3560
2453 250 2609 403 1n
894 414 1079 511 aviel
500 494 2555 687 Jamand wettet mit dem Baron F. um sein ganzes Hah und
474 647 2646 812 Gut, er werde Elsa besitzen. Am nächsten Tag erfährt er,
471 778 2612 937 sie sei seines Freundes Braut. Er ist vielen Versuchun-
423 897 2617 1070 gar ausgesetzt, umsomehr, da sie ihn liebt. Sie kemmt zu
463 1016 2507 1178 ihm an dem Täge, wo ihm sein Schloss genommen werden
466 1187 678 1289 soll.
613 1314 982 1448 Corliema
585 1360 2447 1567 die Sängern: Er kennt se nich nechtperürlich
1888 1502 2331 1678 Cheltund
588 1505 1831 1678 Sein junger Freund: Sie bebine.
605 1604 1865 1757 Inacht Jasen laift die Fruskel.
593 1689 2078 1879 Er will dar Mälten niht kennen lennen.
588 1777 1945 1933 Da kinst na übe dee Frund mit¬
602 1871 2614 2027 de liebt ber aifden neter 1lkn, I.1861. Die Kesse
613 1922 971 2055 Er flicht.
349 1919 505 2084 frens
2350 1979 2717 2075 egrikt. H
627 2013 2220 2197 die ihr sensh i. Nun und sie die Sona
2379 2052 2609 2166 vonse
349 2041 2626 2285 de Kanaber zum Frune fordert ihn. (E eeer Seifel
341 2140 551 2254 Nen1
361 2214 517 2299 ben
605 2192 2095 2387 Er ersert merat Han Eiilgit-
338 2262 2305 2495 allesen Bei Baon hat eein Schlosianitm verlosen.
346 2365 599 2484 keilt.
619 2365 2345 2586 al bentorst oles ain, niemandem zu vode
636 2456 2419 2711 daft an /welde heie er in emen Kente
647 2555 1073 2725 übergung
656 2677 2623 2901 der maltiee enterkament und aler allen
695 2756 1294 2915 Zeineen du
1329 2805 2194 2972 eenen Eeben ein
693 2850 2640 3094 Doconhrietl Ein Gerpant sanaentihe! Glaub
755 2975 2501 3205 veu- unliebk meinen Reten- nicht
741 3069 1008 3171 mitt
764 3131 2098 3310 dann des Suell, uden er fällt.
