<?xml version="1.0" encoding="UTF-8" standalone="yes"?>
<PcGts xmlns="http://schema.primaresearch.org/PAGE/gts/pagecontent/2013-07-15" xmlns:xsi="http://www.w3.org/2001/XMLSchema-instance" xsi:schemaLocation="http://schema.primaresearch.org/PAGE/gts/pagecontent/2013-07-15 http://schema.primaresearch.org/PAGE/gts/pagecontent/2013-07-15/pagecontent.xsd">
    <Metadata>
        <Creator>prov=READ-COOP:name=PyLaia@TranskribusPlatform:version=2.7.0:model_id=50870:lm=none:date=22_01_2024_18:30</Creator>
        <Created>2023-09-27T14:37:01.883+02:00</Created>
        <LastChange>2024-01-22T18:30:27.412+01:00</LastChange>
        <TranskribusMetadata docId="1589042" pageId="60124140" pageNr="19" tsid="145632680" status="IN_PROGRESS" userId="40391" imgUrl="https://files.transkribus.eu/Get?id=BSMSNFTEZCXVLJGSDNZQUOTL&amp;fileType=view" xmlUrl="https://files.transkribus.eu/Get?id=OGIGKWBXMEVFCGIVRYEXELMA" imageId="48549218"/>
    </Metadata>
    <Page imageFilename="1589042_0019.jpg" imageWidth="3128" imageHeight="3576">
        <ReadingOrder>
            <OrderedGroup id="ro_1711791878270" caption="Regions reading order">
                <RegionRefIndexed index="0" regionRef="tr_1"/>
            </OrderedGroup>
        </ReadingOrder>
        <TextRegion orientation="0.0" id="tr_1" custom="readingOrder {index:0;}">
            <Coords points="758,566 758,3108 2677,3108 2677,566"/>
            <TextLine id="tr_1_tl_1" custom="readingOrder {index:0;}">
                <Coords points="742,671 948,639 974,660 1075,634 1124,653 1204,639 1209,528 1167,521 1122,554 1040,519 984,542 965,526 869,596 747,587"/>
                <Baseline points="758,644 783,641 808,641 833,639 858,637 883,634 909,632 934,632 959,631 984,629 1009,629 1034,629 1060,627 1085,625 1110,624 1135,623 1160,623 1185,623 1211,623"/>
                <TextEquiv>
                    <Unicode>ter Freund.</Unicode>
                </TextEquiv>
            </TextLine>
            <TextLine id="tr_1_tl_2" custom="readingOrder {index:1;}">
                <Coords points="744,775 1237,744 1380,777 1587,723 1761,747 2303,676 2465,700 2465,603 2240,627 2132,589 2009,653 1709,606 1582,664 749,711"/>
                <Baseline points="758,767 843,767 929,758 1015,758 1101,752 1187,745 1272,743 1358,737 1444,728 1530,725 1616,719 1701,714 1787,708 1873,705 1959,700 2045,689 2130,686 2216,682 2302,674 2388,674 2474,662"/>
                <TextEquiv>
                    <Unicode>Der Major setzt einen letzten Willen auf</Unicode>
                </TextEquiv>
            </TextLine>
            <TextLine id="tr_1_tl_3" custom="readingOrder {index:2;}">
                <Coords points="754,911 1028,939 1242,873 1911,869 2178,812 2315,838 2319,770 2190,747 1859,768 1796,812 1648,768 758,843"/>
                <Baseline points="767,898 844,895 922,889 1000,886 1078,880 1155,877 1233,874 1311,865 1389,862 1466,859 1544,851 1622,850 1700,844 1777,839 1855,833 1933,826 2011,820 2088,817 2166,812 2244,808 2322,814"/>
                <TextEquiv>
                    <Unicode>und vermacht das Schless dem Grafen.</Unicode>
                </TextEquiv>
            </TextLine>
            <TextLine id="tr_1_tl_4" custom="readingOrder {index:3;}">
                <Coords points="758,1063 873,1101 1958,960 2343,995 2432,932 2582,934 2587,873 2465,845 2420,883 1946,913 1582,878 1458,932 1265,908 1000,953 768,923"/>
                <Baseline points="773,1032 863,1024 954,1014 1045,1010 1136,1005 1227,997 1318,994 1408,991 1499,984 1590,980 1681,973 1772,965 1863,957 1954,953 2044,947 2135,938 2226,937 2317,931 2408,925 2499,919 2590,919"/>
                <TextEquiv>
                    <Unicode>Sylvia und Major. Sylvia glaubt den Grafen</Unicode>
                </TextEquiv>
            </TextLine>
            <TextLine id="tr_1_tl_5" custom="readingOrder {index:4;}">
                <Coords points="763,1171 2650,1066 2657,962 2617,951 2524,1002 2186,977 2026,1024 1387,1024 948,1106 770,1087"/>
                <Baseline points="779,1152 872,1151 966,1145 1060,1139 1154,1136 1248,1128 1342,1123 1435,1115 1529,1108 1623,1104 1717,1095 1811,1091 1905,1085 1999,1077 2092,1071 2186,1068 2280,1060 2374,1056 2468,1050 2562,1041 2656,1029"/>
                <TextEquiv>
                    <Unicode>abgereist,schlägt dem Major vor,er solle sie</Unicode>
                </TextEquiv>
            </TextLine>
            <TextLine id="tr_1_tl_6" custom="readingOrder {index:5;}">
                <Coords points="2075,1155 2120,1139 2134,1141 2162,1164 2195,1150 2209,1136 2244,1136 2249,1082 2230,1087 2221,1080 2188,1099 2167,1101 2150,1085 2115,1094 2099,1078 2080,1078"/>
                <Baseline points="2089,1137 2116,1137 2143,1135 2171,1134 2198,1132 2225,1130 2253,1128"/>
                <TextEquiv>
                    <Unicode></Unicode>
                </TextEquiv>
            </TextLine>
            <TextLine id="tr_1_tl_7" custom="readingOrder {index:6;}">
                <Coords points="1871,1209 1883,1209 1923,1176 1941,1190 1960,1193 2021,1150 2045,1146 2045,1092 2026,1087 2009,1094 1998,1087 1963,1106 1930,1092 1920,1099 1911,1089 1894,1103 1871,1106"/>
                <Baseline points="1883,1146 1910,1144 1938,1144 1966,1148 1994,1146 2022,1143 2050,1146"/>
                <TextEquiv>
                    <Unicode>Nn1</Unicode>
                </TextEquiv>
            </TextLine>
            <TextLine id="tr_1_tl_8" custom="readingOrder {index:7;}">
                <Coords points="772,1286 967,1308 1167,1263 1261,1298 1324,1256 1535,1284 1641,1239 1742,1251 1815,1197 1470,1136 775,1232"/>
                <Baseline points="785,1280 836,1280 888,1279 939,1276 991,1272 1043,1271 1094,1263 1146,1262 1197,1259 1249,1254 1301,1249 1352,1247 1404,1245 1455,1241 1507,1238 1559,1234 1610,1232 1662,1230 1713,1227 1765,1226 1817,1220"/>
                <TextEquiv>
                    <Unicode>nach Italien begleiten.</Unicode>
                </TextEquiv>
            </TextLine>
            <TextLine id="tr_1_tl_9" custom="readingOrder {index:8;}">
                <Coords points="782,1451 960,1462 1070,1401 1486,1369 1808,1390 2301,1324 2371,1355 2653,1293 2627,1214 2225,1279 2009,1244 1878,1284 1758,1242 1430,1336 1277,1284 1200,1336 1059,1308 789,1350"/>
                <Baseline points="796,1411 889,1410 982,1403 1075,1397 1168,1391 1261,1385 1354,1379 1448,1370 1541,1367 1634,1361 1727,1353 1820,1345 1913,1340 2006,1333 2100,1329 2193,1323 2286,1317 2379,1313 2472,1307 2565,1298 2659,1292"/>
                <TextEquiv>
                    <Unicode>Ma jor: Es wird nicht möglich sein.Diese und</Unicode>
                </TextEquiv>
            </TextLine>
            <TextLine id="tr_1_tl_10" custom="readingOrder {index:9;}">
                <Coords points="789,1552 986,1533 1038,1566 1103,1526 1411,1538 1871,1479 1918,1509 2108,1460 2223,1495 2247,1371 2061,1413 1981,1369 1700,1434 1430,1408 1340,1462 899,1491 796,1462"/>
                <Baseline points="805,1534 880,1535 956,1531 1032,1528 1107,1523 1183,1518 1259,1513 1335,1508 1410,1503 1486,1501 1562,1493 1638,1491 1713,1485 1789,1477 1865,1472 1941,1464 2016,1462 2092,1459 2168,1452 2244,1453"/>
                <TextEquiv>
                    <Unicode>diese Nachrichten sind eingelangt.</Unicode>
                </TextEquiv>
            </TextLine>
            <TextLine id="tr_1_tl_11" custom="readingOrder {index:10;}">
                <Coords points="796,1676 1232,1643 1357,1676 1455,1627 1603,1662 1812,1610 1958,1653 2136,1587 2613,1561 2606,1488 2279,1486 2162,1524 1784,1512 1650,1570 1129,1556 1024,1606 800,1608"/>
                <Baseline points="808,1674 898,1664 988,1657 1079,1653 1169,1647 1260,1640 1350,1636 1441,1629 1531,1624 1622,1617 1712,1612 1802,1606 1893,1597 1983,1593 2074,1583 2164,1579 2255,1574 2345,1570 2436,1564 2526,1558 2617,1555"/>
                <TextEquiv>
                    <Unicode>Sylvia: Verzichtest du darauf dei nen-Beruf</Unicode>
                </TextEquiv>
            </TextLine>
            <TextLine id="tr_1_tl_12" custom="readingOrder {index:11;}">
                <Coords points="803,1836 1855,1737 1909,1775 2143,1761 2549,1688 2669,1716 2653,1613 2481,1650 2315,1610 1869,1681 1681,1660 1514,1725 1420,1697 808,1751"/>
                <Baseline points="817,1796 910,1794 1003,1789 1096,1783 1189,1777 1282,1768 1375,1764 1468,1758 1561,1749 1654,1745 1747,1736 1840,1731 1933,1727 2026,1721 2119,1714 2212,1711 2305,1702 2398,1695 2491,1687 2584,1680 2677,1674"/>
                <TextEquiv>
                    <Unicode>aus zuüben, so tue ich das gleiche.Bleiben wir</Unicode>
                </TextEquiv>
            </TextLine>
            <TextLine id="tr_1_tl_13" custom="readingOrder {index:12;}">
                <Coords points="808,1937 920,1965 1413,1890 1899,1937 1909,1791 1655,1782 1012,1880 946,1843 812,1862"/>
                <Baseline points="820,1931 874,1925 928,1922 983,1921 1037,1916 1091,1911 1146,1907 1200,1906 1254,1898 1309,1895 1363,1895 1417,1889 1472,1887 1526,1882 1580,1880 1635,1874 1689,1871 1743,1868 1798,1866 1852,1865 1907,1865"/>
                <TextEquiv>
                    <Unicode>hier, seien wir glücklich.</Unicode>
                </TextEquiv>
            </TextLine>
            <TextLine id="tr_1_tl_14" custom="readingOrder {index:13;}">
                <Coords points="822,2063 2359,1995 2580,1951 2585,1885 826,1988"/>
                <Baseline points="835,2053 922,2051 1010,2045 1097,2038 1185,2031 1273,2027 1360,2020 1448,2015 1535,2010 1623,2004 1711,1998 1798,1994 1886,1986 1973,1980 2061,1976 2149,1967 2236,1964 2324,1958 2411,1952 2499,1946 2587,1946"/>
                <TextEquiv>
                    <Unicode>Oder sie will ihn in den Krieg begleiten.</Unicode>
                </TextEquiv>
            </TextLine>
            <TextLine id="tr_1_tl_15" custom="readingOrder {index:14;}">
                <Coords points="831,2190 1101,2174 1148,2197 1190,2167 1615,2148 1617,2099 1512,2068 1352,2070 1268,2106 1136,2089 1073,2127 930,2139 836,2103"/>
                <Baseline points="844,2182 882,2180 921,2178 960,2175 999,2173 1038,2173 1076,2170 1115,2168 1154,2165 1193,2163 1232,2160 1270,2157 1309,2155 1348,2152 1387,2150 1426,2147 1464,2144 1503,2142 1542,2140 1581,2140 1620,2140"/>
                <TextEquiv>
                    <Unicode>Sie entfernt sich.</Unicode>
                </TextEquiv>
            </TextLine>
            <TextLine id="tr_1_tl_16" custom="readingOrder {index:15;}">
                <Coords points="838,2340 1085,2359 1742,2251 1906,2294 2045,2235 2195,2275 2310,2216 2495,2256 2639,2237 2648,2120 1815,2190 1512,2150 1232,2247 845,2240"/>
                <Baseline points="853,2310 942,2304 1032,2298 1122,2293 1212,2289 1302,2283 1392,2274 1481,2268 1571,2265 1661,2257 1751,2253 1841,2244 1931,2241 2021,2232 2110,2226 2200,2220 2290,2211 2380,2208 2470,2202 2560,2196 2650,2190"/>
                <TextEquiv>
                    <Unicode>der Graf erscheint mit seinen Freunden, die</Unicode>
                </TextEquiv>
            </TextLine>
            <TextLine id="tr_1_tl_17" custom="readingOrder {index:16;}">
                <Coords points="845,2460 1197,2423 1347,2437 1408,2409 1491,2439 1528,2427 1533,2357 1472,2331 1411,2350 1315,2331 1148,2369 981,2350 850,2380"/>
                <Baseline points="859,2438 892,2435 926,2434 960,2432 994,2429 1028,2429 1062,2428 1096,2426 1130,2423 1164,2421 1198,2419 1231,2416 1265,2414 1299,2410 1333,2408 1367,2407 1401,2405 1435,2403 1469,2401 1503,2399 1537,2399"/>
                <TextEquiv>
                    <Unicode>eingeweiht sind.</Unicode>
                </TextEquiv>
            </TextLine>
            <TextLine id="tr_1_tl_18" custom="readingOrder {index:17;}">
                <Coords points="852,2582 995,2561 1068,2622 1387,2566 1439,2603 1894,2498 2333,2521 2460,2460 2629,2455 2634,2390 1247,2495 859,2472"/>
                <Baseline points="865,2567 953,2563 1042,2557 1130,2549 1219,2545 1308,2539 1396,2531 1485,2527 1574,2518 1662,2512 1751,2506 1840,2503 1928,2495 2017,2489 2106,2480 2194,2479 2283,2471 2372,2462 2460,2456 2549,2453 2638,2450"/>
                <TextEquiv>
                    <Unicode>Der Zweikampf findet im Park statt, der an-</Unicode>
                </TextEquiv>
            </TextLine>
            <TextLine id="tr_1_tl_19" custom="readingOrder {index:18;}">
                <Coords points="850,2707 1216,2721 1545,2653 1606,2667 1610,2603 1554,2610 1519,2573 1261,2636 1174,2582 1026,2632 857,2620"/>
                <Baseline points="865,2689 902,2692 939,2692 976,2687 1014,2686 1051,2685 1088,2682 1126,2680 1163,2677 1200,2675 1238,2672 1275,2670 1312,2667 1349,2664 1387,2659 1424,2657 1461,2656 1499,2656 1536,2655 1573,2653 1611,2653"/>
                <TextEquiv>
                    <Unicode>die Bühne grenzt.</Unicode>
                </TextEquiv>
            </TextLine>
            <TextLine id="tr_1_tl_20" custom="readingOrder {index:19;}">
                <Coords points="869,2890 1610,2775 2049,2782 2500,2714 2594,2747 2582,2641 2017,2650 1941,2695 1723,2702 1624,2667 1521,2728 1232,2709 878,2758"/>
                <Baseline points="886,2814 971,2812 1057,2809 1142,2805 1228,2801 1314,2799 1399,2789 1485,2784 1571,2776 1656,2770 1742,2764 1828,2756 1913,2753 1999,2748 2085,2741 2170,2732 2256,2728 2342,2724 2427,2716 2513,2710 2599,2704"/>
                <TextEquiv>
                    <Unicode>vielleicht jetzt erst die Szene zwischen</Unicode>
                </TextEquiv>
            </TextLine>
            <TextLine id="tr_1_tl_21" custom="readingOrder {index:20;}">
                <Coords points="866,2965 1702,2927 1704,2810 1467,2864 1197,2848 1096,2892 1000,2866 871,2890"/>
                <Baseline points="880,2952 921,2948 962,2946 1004,2946 1045,2945 1086,2942 1128,2937 1169,2934 1210,2931 1252,2928 1293,2926 1334,2923 1376,2920 1417,2919 1458,2915 1500,2910 1541,2908 1582,2903 1624,2901 1665,2901 1707,2904"/>
                <TextEquiv>
                    <Unicode>Baron und Sängerin.</Unicode>
                </TextEquiv>
            </TextLine>
            <TextLine id="tr_1_tl_22" custom="readingOrder {index:21;}">
                <Coords points="873,3132 939,3162 1251,3125 1406,3047 2038,3068 2467,3000 2559,3024 2568,2913 2068,2880 1965,2951 1373,2965 1000,3028 883,2993"/>
                <Baseline points="889,3080 973,3078 1057,3069 1141,3067 1225,3056 1309,3051 1393,3048 1477,3039 1561,3035 1645,3030 1729,3022 1813,3014 1897,3008 1981,3003 2065,2997 2149,2994 2233,2987 2317,2980 2401,2975 2485,2970 2570,2973"/>
                <TextEquiv>
                    <Unicode>Der Major wird sterbend hereingetragen.</Unicode>
                </TextEquiv>
            </TextLine>
            <TextEquiv>
                <Unicode></Unicode>
            </TextEquiv>
        </TextRegion>
    </Page>
</PcGts>
