5992 3880
3643 533 5551 720 Muskau: Nun wird wohl ein- Weile Ruhe sein. Ein
3638 677 5029 842 neuer Napoleon kommt nicht so bald.
4778 797 5215 901 t der elt
3656 826 5674 999 Eflizier: Ich wäre schon froh, wenn der alte wieder-
3630 1079 5234 1261 Diplomat: Er ist diesmal gut aufgehoben.
3640 1229 5772 1388 Oflizier: Ee soll sich etwas vorbereiten. Wissen Sie
3630 1356 5317 1538 dass ihn die Kaiserin neulich besucht hat?
3630 1511 5578 1690 Diplomat: Ein l4cherliches Gerücht. Es war ja die
3619 1623 4712 1815 Fürstin Valesna. Walenk
3614 1786 5599 1964 Oflizier und Diplomat allmählig weiter fort. Viel-
3560 1916 5703 2108 (leicht mit der Kraberin, der sie champagner anbieten.)
3846 2001 5285 2167 Morken. Geneich zuweles Vollen
4533 2113 5306 2215 Uldertel de mde Ner
3606 2172 5461 2359 Dann Gegegnung zwischen Muskau und dêm, General.
3600 2303 5586 2478 Der General will eben fortgehen. Er war vielleicht
3600 2438 5471 2617 in begleitung eines Ehepaars oder einer fremden
3587 2590 5612 2769 Fürstlichkeit. Sie haben sich etwa drei Jahre nicht
3579 2702 5652 2892 gesehen. Auch Muskzu will sich hier ankaufen. Zü hst
3576 2814 5527 3035 von dem kleinen Schloss des Fürsten l. gehört, das
3558 2958 4360 3097 nun verkäuflich ist.
