6008 3864
3324 1745 3641 1927 Iu Henase
4064 264 4641 541 Rent b
3682 523 5507 674 In diesem schloss haben der General und auskau-
3695 597 5681 817 Ech zuletzt gesehen. Mrt glücklech im wilhmelbe
4846 702 5338 815 Itotn.1
3682 787 5704 935 Damals hat liuskau entweder im spiel gegén den Gene-
3687 910 5668 1084 ral eine grosse Sumne vertören oder es hat sich um
4572 1017 5576 1140 well enin Frien - Horc
4823 1097 5461 1194 teetgrten zur
3680 1074 4564 1217 eine Wetie gehandelt.
3685 1199 5625 1348 Dieses Schloss hat nun der General gekauft und es
3700 1332 5735 1507 wird eben für ihn in Stand gesetzt. Morgen Früh will
3687 1473 5648 1653 er dahin abreisen. Es ist wahr, er hat seinen Ab-
3682 1571 5694 1758 schied genommen. I 1f d.1 A.on Aqu
3700 1719 5648 1899 Der General erklärt sich bereit. Auskau das kleine
3682 1873 5709 2022 Schloss weiter zu verkaufen. Ihm kommtes nicht ge-
3682 2024 5737 2158 rade auf dieses an. Er findet am Ende auch einen an-
3685 2168 4223 2283 deren Besitz.
5361 2214 5650 2352 Ihle
4718 2270 5694 2391 kin – mid –er winen
3687 2301 5097 2455 Huskau nimmt es nicht an. IAe
5386 2375 5694 2493 kinnt.
3705 2440 5561 2580 Muskau: Marum ziehst du dich überhaupt zurück?
3682 2545 5538 2696 General: Was habe ich- in der Meit noch zu tun?
3687 2673 5727 2844 Seine alte Sehnsucht Geschichtsstudium. Er. wird al-
3687 2801 5046 2955 lein leben.(Kunst,Musik- Stiche
3682 2939 4320 3108 Hen über sylvia.
3682 3072 4615 3244 Muskau: Du kennst sie?
