3128 3576
839 371 2742 558 Der Fürst (Herzogfhat die Tängerin selbst be-
830 525 2619 704 glückwünscht.Auch die Fürstin. Wieder ein
823 657 2253 813 Zeugnis für ihren tadellosen Ruf.
815 763 2404 946 Der Adjutant: Junger Offizier,Graf.
806 924 1740 1038 Allgemeines Gespräch.
804 1047 2636 1253 Der Major lädt den Grafen ein sein Schloss
804 1180 1428 1310 zu besuchen..
801 1274 2600 1496 Der Baron deutet an,dass der Major Ja vor-
792 1440 2628 1603 läufig hier am Ort bleiben müsse wegen der
787 1532 1066 1669 Wette.
780 1659 2638 1815 Ma jor hat fast daran vergessen.Er war frü-
771 1804 2553 1950 her etwas betrunken,so scheint ihm jetzt.
768 1934 2567 2090 Aber was tun? Wäre es nicht das Beste dem
761 2054 2560 2227 Baron einfach das Shhloss zu schenken und
759 2170 2004 2314 die Wette verloren zu geben?
759 2302 2548 2477 Der Baron reizt ihn. Freilich, du gibst es
745 2446 1943 2579 auf, traust es dir nicht zu.
754 2562 2581 2718 Der Graf soll also,wenn es ihm beliebt,al-
749 2688 2411 2865 lein oder mit seiner Geliebten auf das
730 2815 1087 2964 Schloss.
