5992 3896
3891 507 5256 660 Der Major geht, um Sylvia zu holen.
3886 634 4782 751 Der General will fort.
3891 751 5170 897 Begegnung mit der Gräfin Fuchs..
3888 892 5502 1033 Die Gräfin: Nun, wollen ie mich nicht, zu
3881 1035 4861 1162 Schwarzenberg begleiten?
3888 1153 5610 1308 General: Ich sagte Ihnen schon,ich begleite
3862 1282 5634 1413 niemanden mehr. Ich verlasse die Stadt. Mein
3869 1416 5624 1585 Hauskauf ist abgeschlossen. Vielleicht reise
3862 1533 4510 1671 ich noch weiter.
3859 1669 5108 1822 Gräfin: Sie sind nicht höflich.
3848 1796 5012 1927 General:Aber ich bin dankbar.
3840 1927 5763 2095 Gräfin: Ee gibt nur eine Dankbarkeit: treu blei-
3838 2202 5763 2346 General: Wir werden uns wiedersehen. Gute Unter-
3833 2312 4881 2456 haltung bei Seuwarzenberg.
3821 2434 5725 2573 Grafin: Man wird tanzen,-lebende Bilder werden
3821 2597 5574 2731 gestellt werden,- auch Kaiser Alexander wird
3804 2683 4818 2858 dort sein. Un lyh michnnge
3814 2834 5069 2975 General: Leben Sie wohl,Grafin.
3812 2963 4761 3101 Muekau erscheint wieder.
3802 3111 5215 3250 Vielle icht ein paar Worte zu tritt.
