<?xml version="1.0" encoding="UTF-8" standalone="yes"?>
<PcGts xmlns="http://schema.primaresearch.org/PAGE/gts/pagecontent/2013-07-15" xmlns:xsi="http://www.w3.org/2001/XMLSchema-instance" xsi:schemaLocation="http://schema.primaresearch.org/PAGE/gts/pagecontent/2013-07-15 http://schema.primaresearch.org/PAGE/gts/pagecontent/2013-07-15/pagecontent.xsd">
    <Metadata>
        <Creator>prov=READ-COOP:name=PyLaia@TranskribusPlatform:version=2.7.0:model_id=50870:lm=none:date=22_01_2024_18:30</Creator>
        <Created>2023-09-27T14:37:00.601+02:00</Created>
        <LastChange>2024-01-22T18:30:26.331+01:00</LastChange>
        <TranskribusMetadata docId="1589042" pageId="60124114" pageNr="13" tsid="145632674" status="IN_PROGRESS" userId="40391" imgUrl="https://files.transkribus.eu/Get?id=OGFNYMYHXZCXGPPHDZDBSDJR&amp;fileType=view" xmlUrl="https://files.transkribus.eu/Get?id=FKFCGVRJELFHHPGSWZILEWIT" imageId="48549192"/>
    </Metadata>
    <Page imageFilename="1589042_0013.jpg" imageWidth="3067" imageHeight="3608">
        <ReadingOrder>
            <OrderedGroup id="ro_1711791870134" caption="Regions reading order">
                <RegionRefIndexed index="0" regionRef="tr_1"/>
                <RegionRefIndexed index="1" regionRef="tr_2"/>
            </OrderedGroup>
        </ReadingOrder>
        <TextRegion orientation="0.0" id="tr_1" custom="readingOrder {index:0;}">
            <Coords points="304,1695 304,2009 591,2009 591,1695"/>
            <TextLine id="tr_1_tl_1" custom="readingOrder {index:0;}">
                <Coords points="291,1793 341,1767 365,1776 415,1762 451,1791 470,1774 530,1791 559,1772 587,1774 590,1614 530,1624 463,1602 394,1633 294,1638"/>
                <Baseline points="304,1753 330,1753 356,1753 382,1751 408,1750 434,1750 460,1749 486,1747 512,1749 538,1750 564,1750 591,1753"/>
                <TextEquiv>
                    <Unicode>Jeht sieper</Unicode>
                </TextEquiv>
            </TextLine>
            <TextLine id="tr_1_tl_2" custom="readingOrder {index:1;}">
                <Coords points="313,1872 372,1889 394,1879 432,1903 499,1891 525,1900 525,1781 494,1772 466,1795 415,1800 387,1776 365,1795 313,1781"/>
                <Baseline points="325,1860 350,1860 375,1862 401,1863 426,1863 451,1862 477,1860 502,1859 528,1857"/>
                <TextEquiv>
                    <Unicode>nh b</Unicode>
                </TextEquiv>
            </TextLine>
            <TextLine id="tr_1_tl_3" custom="readingOrder {index:2;}">
                <Coords points="392,2034 435,2041 451,2025 468,2039 540,1994 585,2006 575,1881 535,1881 513,1900 497,1886 482,1886 449,1910 394,1877 377,1881"/>
                <Baseline points="400,1968 426,1970 453,1973 480,1978 507,1981 534,1983 561,1983 588,1980"/>
                <TextEquiv>
                    <Unicode>Capri.</Unicode>
                </TextEquiv>
            </TextLine>
            <TextEquiv>
                <Unicode></Unicode>
            </TextEquiv>
        </TextRegion>
        <TextRegion orientation="0.0" id="tr_2" custom="readingOrder {index:1;}">
            <Coords points="683,621 683,3155 2592,3155 2592,621"/>
            <TextLine id="tr_2_tl_1" custom="readingOrder {index:0;}">
                <Coords points="683,728 1392,680 1963,733 2342,678 2557,702 2528,592 2376,645 2196,599 2137,633 1795,590 1705,633 1411,606 1323,642 1218,597 1122,635 683,604"/>
                <Baseline points="695,689 788,687 881,689 975,688 1068,690 1161,688 1255,689 1348,689 1441,686 1535,686 1628,686 1721,688 1815,686 1908,685 2001,683 2095,683 2188,684 2281,683 2375,683 2468,681 2562,683"/>
                <TextEquiv>
                    <Unicode>Auf dem Schloss des Majors.Sieben Tage spä-</Unicode>
                </TextEquiv>
            </TextLine>
            <TextLine id="tr_2_tl_2" custom="readingOrder {index:1;}">
                <Coords points="697,821 774,828 814,852 831,850 850,867 881,862 876,752 855,747 828,762 795,766 745,743 695,752"/>
                <Baseline points="710,818 739,816 768,815 797,815 826,818 855,821 884,821"/>
                <TextEquiv>
                    <Unicode>ter.</Unicode>
                </TextEquiv>
            </TextLine>
            <TextLine id="tr_2_tl_3" custom="readingOrder {index:2;}">
                <Coords points="683,955 1082,941 1284,986 1449,945 1862,936 1924,972 2084,938 2196,979 2524,979 2524,857 2142,826 1712,900 1153,852 683,883"/>
                <Baseline points="695,943 786,940 878,940 970,941 1061,943 1153,940 1245,938 1336,940 1428,938 1520,942 1612,937 1703,937 1795,938 1887,935 1978,934 2070,933 2162,939 2253,931 2345,931 2437,931 2529,940"/>
                <TextEquiv>
                    <Unicode>Der Major ist die ganze Zeit hier gewesen.</Unicode>
                </TextEquiv>
            </TextLine>
            <TextLine id="tr_2_tl_4" custom="readingOrder {index:3;}">
                <Coords points="683,1074 1108,1141 1471,1067 1886,1129 2154,1070 2557,1084 2557,1015 2500,981 2144,1015 1712,972 1624,1019 1339,988 1258,1027 1179,991 683,1003"/>
                <Baseline points="695,1072 788,1069 881,1069 975,1069 1068,1068 1161,1069 1255,1068 1348,1069 1441,1066 1535,1069 1628,1069 1721,1061 1815,1060 1908,1064 2001,1065 2095,1061 2188,1059 2281,1062 2375,1060 2468,1057 2562,1063"/>
                <TextEquiv>
                    <Unicode>Der Baron langt an, Er weiss ja, dass er die</Unicode>
                </TextEquiv>
            </TextLine>
            <TextLine id="tr_2_tl_5" custom="readingOrder {index:4;}">
                <Coords points="690,1222 1184,1239 1444,1196 1511,1239 1678,1194 1769,1232 2395,1189 2395,1101 2347,1082 1650,1151 1358,1117 1167,1153 1027,1108 690,1132"/>
                <Baseline points="704,1197 788,1194 873,1197 958,1200 1043,1193 1128,1192 1213,1191 1297,1192 1382,1191 1467,1194 1552,1194 1637,1194 1722,1191 1807,1191 1891,1189 1976,1190 2061,1189 2146,1188 2231,1185 2316,1185 2401,1191"/>
                <TextEquiv>
                    <Unicode>Wette gewonnei hat. Er beginnt über die</Unicode>
                </TextEquiv>
            </TextLine>
            <TextLine id="tr_2_tl_6" custom="readingOrder {index:5;}">
                <Coords points="680,1356 1788,1318 1939,1373 2476,1318 2476,1246 2199,1225 2010,1273 1815,1222 683,1263"/>
                <Baseline points="695,1326 784,1323 873,1323 962,1323 1052,1323 1141,1323 1230,1320 1320,1323 1409,1326 1498,1323 1588,1320 1677,1320 1766,1317 1855,1317 1945,1317 2034,1317 2123,1320 2213,1317 2302,1314 2391,1314 2481,1311"/>
                <TextEquiv>
                    <Unicode>Räumlichkeiten zu disponieren. Er ist ein</Unicode>
                </TextEquiv>
            </TextLine>
            <TextLine id="tr_2_tl_7" custom="readingOrder {index:6;}">
                <Coords points="688,1471 969,1454 1179,1509 1380,1449 1798,1492 2118,1444 2507,1490 2507,1387 2187,1358 1375,1404 688,1382"/>
                <Baseline points="701,1451 791,1446 882,1448 972,1451 1063,1450 1154,1448 1244,1449 1335,1448 1426,1447 1516,1446 1607,1448 1698,1445 1788,1445 1879,1445 1970,1445 2060,1442 2151,1442 2242,1442 2332,1439 2423,1439 2514,1442"/>
                <TextEquiv>
                    <Unicode>boshafter, aber seiner Bosheit sich bewuss-</Unicode>
                </TextEquiv>
            </TextLine>
            <TextLine id="tr_2_tl_8" custom="readingOrder {index:7;}">
                <Coords points="695,1590 2550,1597 2550,1487 2485,1483 1943,1528 1631,1466 1354,1545 1194,1502 929,1528 857,1485 695,1518"/>
                <Baseline points="707,1582 799,1579 891,1577 984,1577 1076,1577 1169,1579 1261,1577 1354,1577 1446,1575 1539,1577 1631,1573 1723,1572 1816,1574 1908,1571 2001,1571 2093,1571 2186,1574 2278,1571 2371,1568 2463,1568 2556,1568"/>
                <TextEquiv>
                    <Unicode>ter Wensch.Eine Art von Philosph. Irgendwie</Unicode>
                </TextEquiv>
            </TextLine>
            <TextLine id="tr_2_tl_9" custom="readingOrder {index:8;}">
                <Coords points="685,1745 845,1729 1017,1793 1225,1724 2163,1700 2299,1743 2368,1702 2583,1781 2583,1635 2435,1616 2297,1657 2089,1626 1755,1655 1597,1602 1413,1659 1196,1600 1084,1643 685,1626"/>
                <Baseline points="698,1708 792,1705 887,1711 981,1705 1076,1708 1170,1707 1265,1705 1359,1705 1454,1706 1548,1705 1643,1705 1738,1702 1832,1702 1927,1703 2021,1699 2116,1699 2210,1702 2305,1699 2399,1705 2494,1694 2589,1693"/>
                <TextEquiv>
                    <Unicode>in früherer Zeit der Hofharr der Majors gewe-</Unicode>
                </TextEquiv>
            </TextLine>
            <TextLine id="tr_2_tl_10" custom="readingOrder {index:9;}">
                <Coords points="683,1846 719,1841 740,1855 750,1850 762,1855 778,1846 797,1853 821,1838 855,1846 852,1779 826,1783 819,1791 771,1760 745,1772 738,1767 723,1772 707,1786 680,1779"/>
                <Baseline points="695,1836 722,1834 750,1834 777,1835 805,1836 832,1836 860,1842"/>
                <TextEquiv>
                    <Unicode>Sen.</Unicode>
                </TextEquiv>
            </TextLine>
            <TextLine id="tr_2_tl_11" custom="readingOrder {index:10;}">
                <Coords points="678,1986 2354,1958 2354,1886 2218,1910 1936,1836 1803,1877 1745,1831 1571,1831 1182,1891 678,1862"/>
                <Baseline points="692,1971 775,1966 858,1967 942,1965 1025,1962 1108,1962 1192,1962 1275,1962 1358,1962 1442,1961 1525,1959 1608,1959 1692,1959 1775,1959 1858,1959 1942,1956 2025,1954 2108,1955 2192,1956 2275,1956 2359,1956"/>
                <TextEquiv>
                    <Unicode>Spricht davon, wie er sich die Existenz</Unicode>
                </TextEquiv>
            </TextLine>
            <TextLine id="tr_2_tl_12" custom="readingOrder {index:11;}">
                <Coords points="683,2118 1000,2094 1148,2122 1270,2091 1416,2120 1464,2089 1635,2115 1614,2008 1144,2046 1062,1996 840,2051 683,2020"/>
                <Baseline points="695,2093 742,2093 789,2093 836,2093 883,2092 931,2090 978,2090 1025,2091 1072,2093 1119,2092 1167,2090 1214,2092 1261,2091 1308,2090 1355,2090 1403,2088 1450,2084 1497,2089 1544,2084 1591,2087 1639,2093"/>
                <TextEquiv>
                    <Unicode>hier einrichteh werde.</Unicode>
                </TextEquiv>
            </TextLine>
            <TextLine id="tr_2_tl_13" custom="readingOrder {index:12;}">
                <Coords points="676,2223 1008,2266 1931,2213 2080,2263 2271,2213 2402,2263 2586,2220 2586,2113 2457,2101 2146,2144 2075,2196 1860,2108 1015,2173 783,2111 676,2142"/>
                <Baseline points="689,2219 784,2221 879,2219 974,2222 1069,2222 1164,2222 1259,2219 1355,2218 1450,2216 1545,2216 1640,2218 1735,2216 1830,2210 1925,2213 2021,2217 2116,2215 2211,2211 2306,2210 2401,2211 2496,2210 2592,2210"/>
                <TextEquiv>
                    <Unicode>Beziehungen zu andern Personen. Seine Frau</Unicode>
                </TextEquiv>
            </TextLine>
            <TextLine id="tr_2_tl_14" custom="readingOrder {index:13;}">
                <Coords points="1218,2354 2390,2316 2390,2256 2230,2216 2154,2261 1729,2235 1351,2304 1220,2244"/>
                <Baseline points="1230,2332 1288,2329 1346,2331 1404,2332 1463,2330 1521,2320 1579,2317 1637,2323 1696,2324 1754,2322 1812,2320 1870,2320 1929,2320 1987,2315 2045,2312 2103,2314 2162,2312 2220,2308 2278,2305 2336,2305 2395,2314"/>
                <TextEquiv>
                    <Unicode>Seme feliet lodi tit haie</Unicode>
                </TextEquiv>
            </TextLine>
            <TextLine id="tr_2_tl_15" custom="readingOrder {index:14;}">
                <Coords points="673,2383 776,2366 819,2395 888,2407 1003,2361 1084,2364 1082,2304 910,2299 883,2280 857,2297 788,2282 747,2254 695,2287 671,2282"/>
                <Baseline points="683,2353 708,2351 733,2350 758,2348 784,2347 809,2347 834,2348 859,2350 885,2348 910,2347 935,2349 960,2350 986,2350 1011,2351 1036,2353 1061,2353 1087,2353"/>
                <TextEquiv>
                    <Unicode>Töchter.</Unicode>
                </TextEquiv>
            </TextLine>
            <TextLine id="tr_2_tl_16" custom="readingOrder {index:15;}">
                <Coords points="673,2483 974,2481 1127,2526 1232,2478 1306,2509 1514,2473 2502,2493 2502,2426 2397,2392 2302,2423 1487,2385 1230,2440 1172,2395 673,2383"/>
                <Baseline points="686,2481 777,2479 868,2479 959,2478 1050,2478 1141,2476 1232,2480 1323,2480 1414,2476 1505,2474 1597,2471 1688,2473 1779,2473 1870,2470 1961,2472 2052,2470 2143,2468 2234,2467 2325,2467 2416,2467 2508,2473"/>
                <TextEquiv>
                    <Unicode>Humoristisch gehaltene Szene. Er bedauert,</Unicode>
                </TextEquiv>
            </TextLine>
            <TextLine id="tr_2_tl_17" custom="readingOrder {index:16;}">
                <Coords points="671,2631 2586,2621 2586,2559 2368,2500 2287,2536 1931,2500 1528,2550 1261,2514 1179,2562 974,2521 902,2569 671,2524"/>
                <Baseline points="683,2613 778,2608 873,2612 969,2610 1064,2604 1160,2604 1255,2607 1351,2606 1446,2604 1542,2602 1637,2599 1732,2601 1828,2601 1923,2598 2019,2598 2114,2598 2210,2598 2305,2601 2401,2599 2496,2595 2592,2601"/>
                <TextEquiv>
                    <Unicode>dass er dem Wajor keine weitere Frist gewäh-</Unicode>
                </TextEquiv>
            </TextLine>
            <TextLine id="tr_2_tl_18" custom="readingOrder {index:17;}">
                <Coords points="678,2758 860,2808 986,2741 1122,2781 1191,2738 1920,2731 2070,2770 2216,2729 2447,2784 2450,2650 2263,2602 1819,2674 1624,2633 1015,2693 898,2643 680,2664"/>
                <Baseline points="692,2741 780,2738 868,2738 956,2735 1044,2737 1132,2738 1220,2737 1308,2735 1396,2732 1484,2731 1572,2732 1660,2732 1748,2732 1836,2729 1924,2726 2012,2729 2100,2726 2188,2726 2276,2723 2364,2723 2452,2729"/>
                <TextEquiv>
                    <Unicode>ren könne. Er -elbst hat schon seine Woh-</Unicode>
                </TextEquiv>
            </TextLine>
            <TextLine id="tr_2_tl_19" custom="readingOrder {index:18;}">
                <Coords points="676,2898 812,2925 1320,2872 1416,2920 1554,2870 1655,2918 1924,2858 2569,2865 2569,2779 2430,2784 2368,2738 2259,2793 2089,2758 1936,2808 1738,2812 1678,2772 1213,2810 1024,2770 864,2829 678,2820"/>
                <Baseline points="689,2870 783,2867 877,2864 971,2865 1066,2869 1160,2863 1254,2861 1348,2866 1443,2862 1537,2861 1631,2858 1725,2867 1820,2863 1914,2856 2008,2858 2102,2858 2197,2858 2291,2855 2385,2852 2479,2852 2574,2852"/>
                <TextEquiv>
                    <Unicode>nun aufgegeben. Vorläufig wohnt er untehr im</Unicode>
                </TextEquiv>
            </TextLine>
            <TextLine id="tr_2_tl_20" custom="readingOrder {index:19;}">
                <Coords points="676,3008 809,3003 867,3044 1110,2996 1461,3058 1595,3030 1597,2927 1554,2915 1101,2918 1034,2949 869,2910 678,2929"/>
                <Baseline points="689,2995 734,2992 780,2992 825,2992 871,2992 916,2992 962,2992 1007,2992 1053,2992 1098,2992 1144,2989 1190,2989 1235,2989 1281,2989 1326,2989 1372,2989 1417,2989 1463,2988 1508,2986 1554,2988 1600,2995"/>
                <TextEquiv>
                    <Unicode>Wirtshaus des Dorfes.</Unicode>
                </TextEquiv>
            </TextLine>
            <TextLine id="tr_2_tl_21" custom="readingOrder {index:20;}">
                <Coords points="676,3125 871,3168 998,3123 1709,3147 2039,3111 2278,3163 2586,3120 2588,3044 2440,3008 2261,3068 2041,3015 1356,3068 1074,3018 836,3066 678,3044"/>
                <Baseline points="689,3124 784,3123 879,3125 974,3124 1069,3121 1164,3118 1259,3118 1355,3118 1450,3118 1545,3118 1640,3116 1735,3118 1830,3115 1925,3112 2021,3112 2116,3109 2211,3112 2306,3112 2401,3110 2496,3109 2592,3115"/>
                <TextEquiv>
                    <Unicode>Was für pläne hat der Major? Er wird reisen.</Unicode>
                </TextEquiv>
            </TextLine>
            <TextEquiv>
                <Unicode></Unicode>
            </TextEquiv>
        </TextRegion>
    </Page>
</PcGts>
