3096 3560
450 765 770 950 Umn 1eh 1e
415 926 796 1061 h noctiber
839 516 2535 708 Graf: Ich habe keine Geliebte,doch eine
846 677 2198 853 Braut.. Ich well s Ihr Torstell
855 784 2743 981 Es ergbt sich,dass er mit der Sängerin ver-
850 938 2646 1092 lobt. ist, dass sie ihm versprochen hat von
848 1068 2662 1251 der, Bühne abzugehen und seine Frau zu wer-
860 1203 2556 1357 den. Er hat nur den einen Wunsch jetzt,
850 1334 2381 1478 dass der lajor Sylvia kennen lerne.
853 1438 2549 1599 Major: Wozu? Ist das so dringend nötig?
860 1552 2520 1720 Der Graf entfernt sich und will Sylvia
855 1713 2729 1855 selbst herbringen. Es ist Sylvias Sehnsucht
848 1841 2556 1985 dei gefeierten Helden kennen zu lernen.
865 1959 2736 2130 Nun eine Zwischenszeue,die irgendwie in des
855 2103 2075 2231 Majore Vergangenheit weist.
2153 2122 2558 2293 der erken
1653 2191 2130 2274 il Impureng
860 2215 2115 2364 Sylvia kommt mit. (dem Grafen.)
867 2345 2719 2499 Vielleicht ist es kesser,dass sie zuerst al-
2193 2428 2670 2516 et sutenet.
872 2492 2705 2632 lein kommt oder von irgent welchen andern
872 2634 1570 2769 Herren geleitet.
876 2724 2776 2968 Der Major: Es wundert mich, dass sid die Büh-
865 2866 2636 3011 ne verlassen. Es ist mir tätselhaft, dass
879 2989 2670 3186 jen nd, seinen innern Beruf für irgend et-
