5736 3544
3016 1547 3282 1717 Iurap
2980 1689 3303 1841 d. Bepnit
2996 1818 3277 1955 de dis
3404 558 4372 739 begini Foyer in der Oper.
3373 705 5307 875 Sylvia hat eben gesungen. Anplaus. Fortdauer der
3373 844 5346 981 Erregung. Besucher.-Publikum. S. sethante t R.
3380 992 5361 1167 Der Offizier und der Diplomat. Vielleicht Vettern,
3370 1113 3662 1253 adelig.
3373 1229 5338 1413 Oflizier: Sie gehen? Bleiben nicht übers Sallett?
3362 1384 4703 1544 Die Gereale ist auch nicht ohne.
4760 1428 5449 1586 An Cingese austork
3380 1516 4517 1666 Diplomat; Nach Sylvia - nein.
3386 1593 5462 1826 (eberdies ist er irgenano geladen) (Schnarz-bu
3373 1777 5183 1932 -in. fest nach dem andern. Ueber ein gestriges.
3368 1898 5242 2084 Offizier: Ja, sie singl’berauscliend. »as für eine
3362 2053 3876 2174 Landsmänning
3362 2172 5405 2329 Diplomat: Italienerin glaube ich.(Aber man weiss es
3368 2270 4878 2477 nicht und Sie reist wieder lim- Die-
3368 2448 4222 2608 (Dort ihr Impresario)
3352 2484 5020 2717 Offizier: Der ist ihr Liebhaberz Alln
4741 2606 5199 2709 Sucillen
3355 2704 5354 2867 Diplomat: Man weiss von niemandem. Man spricht von
3352 2825 4039 2957 Jungfräulichkeit.
3355 2895 5219 3073 Offizier: Man merkt, dass sie ein Vinlomat sind.
3355 3065 5155 3246 Diplomat: Was hätie ich für einen Grundz Ihre
