5720 3576
3193 288 4975 516 An1ter kein interenee nache
3101 476 4953 720 ersär. Nicht jede - zer dugub
3147 658 4278 838 eb geel em sehet
3260 793 4937 1040 Er gebtei Stenb-g
3058 951 4534 1129 Merk. Her- Arglücke
3171 1062 5216 1406 Genent Uetert/. Marum"-) 14.
3220 1349 5289 1556 Es der nuflichte zug- rm-in
3303 1497 5405 1707 beligen s.. Ab neue decri Most.
3620 1631 5418 1924 ist her keuge Mein Wer
3152 1833 5316 2059 woir - Jeden- weruns ein will- An
3260 2005 5130 2239 hent, neen alten Sage¬
3308 2153 4580 2395 ib in in Sagnile
3432 2333 5122 2567 di er macht in ker Hofs.
3187 2435 4386 2720 Nack. Lhrt ein Jech
3246 2661 5292 2932 gebe dortestrecht. Sefer genügsein
