5976 3896
3647 537 4552 673 Har als ich.
3639 644 5700 827 General: Wann haben Sie meinen jungen Freund kennen-
3655 817 4020 934 gelernt?
3671 923 5484 1070 Bis heute hat er ein Geheimnis daraus gemacht.
3655 1059 4784 1205 Wo werden Sie mit ihm leben?
3647 1177 5591 1362 Sylvia: Die Frage, ob ich überhaupt mit ihm leben
3655 1346 3931 1471 werde.
3655 1450 5721 1620 General: Er. bildet sich jedenfalle ein;ja er scheint
3655 1576 5653 1732 gewiss. Auf dem Schloss seiner Eltern nehm ich an.
3657 1750 4636 1884 Sylvia: Es wäre möglich.
3665 1842 5604 1957 General: Und wann wollen Sie sich trauen lassen?
3655 1936 5747 2116 Sylvia: Ich habe an keine öffentliche Hochzeitsfeier
3655 2134 4004 2246 gedacht.
3655 2220 5533 2395 General: Er wohl. Wenigetens schien es mir so.
3702 2356 4993 2489 Sylvia: Was scheint nicht alles.
3660 2481 5656 2653 General: Es wird Zeit zu Schwarzenberge zu fahren.
3678 2606 5032 2789 Das Fest mues schon im Gange sein.
3660 2713 5724 2898 Sylvia: Wollen Sie aixxhinbringen? Wir treften dort
3665 2911 4077 3044 den Major.
3652 2992 5724 3232 General: Sie sagten selbst, dass er zurückkomen wird
