5992 3896
3970 466 5680 655 Ich schätze ihn sehr.Ich bewundere ihn bei-
3970 637 5579 791 nahe. Eine Andere würde sagen,ich liebe
3970 886 5731 1047 Enneral: Sagen Sie’s nur ruhig auch. Wenn es
3963 1022 5726 1194 einer verdient - Sie hätten ihn sehen müssen
3958 1148 4404 1262 bei Wagram.
3944 1260 5614 1425 Sylvia: Wer sagt Ihnen übrigens, dass ich
3937 1404 5733 1558 meine Carrière aufgebe? Ich soll eine Tournee
3940 1546 5766 1665 nach Italien unternehmen. Meine Mutter lebt der
3921 1668 5575 1789 in Mailand.. Schon ihr zuliebe möchte ich
3928 1791 5570 1950 dort in der Sgala singen. Das steht alles
3905 1922 5647 2090 noch nicht fest. Hier aber werde ich gewiss
3912 2036 5785 2228 noch zwei oder dreimal auftreten. Eben hat mich
3909 2183 5701 2339 der Intendant ersucht - die Kaiserin Ludovica
3893 2323 5600 2486 selbst wünscht es. Ich weiss freilich noch
3888 2440 4205 2556 nicht-
3874 2556 5745 2729 General: Haben Sie schon mit dem Major darüber
3872 2710 4359 2820 gesprochen?
3870 2813 5624 3009 Sylvia: Was hat der Major damit zu tun? Ich
3881 2986 5610 3123 werde hier in einem Fall noch singen,- wenn
