5976 3896
4341 338 5139 594 Aet tens n
3804 470 4284 625 sagt haben.
3797 625 4739 770 Der General und Sylvia.
3802 734 5580 911 Sylvia: Ich freue mich sehr Sie zu sehen.Ich-
3769 892 5623 1025 könnte fast sagen,ich bin glücklich Sie kennen
3793 1025 4200 1137 zu lernen.
3781 1147 5604 1299 General: Ich wusste schon,der Major wollte mir
3773 1290 5461 1409 die Ehre erweisen mich Ihnen vorzustellen.
3766 1421 5557 1559 Sylvia: Ja, ich weiss. Er glaubt übrigens, dass
3754 1545 5638 1692 ich zu Schwarzenberg gefahren bin. Ich habe ihn
3750 1681 5485 1816 absichtlich in dieser Meinung gelassen. Man
3738 1802 5568 1957 kann nämlich nur zu Zweit reden, finde ich, be-
3752 1931 5652 2062 sonders das erste Mal. Wenn er mich bei Selwar-
3735 2081 5654 2215 zenberg nicht findet,kommt er gewies wieder hie-
3745 2203 4193 2307 her zurück.
3735 2327 5597 2481 General: Sie haben wundervoll gesungen. Sie ha-
3745 2467 5592 2591 ben mich entzückt. Und doch ist es begreiflich,
3738 2582 5628 2737 dass Sie sich entschliessen Ihre Carriere aufzu-
3731 2715 5640 2880 geben. Denn es ist vielleicht noch ein grösseres
3714 2839 5557 3015 Glück an der Seite eines Mannes, wie der Major-
3711 2980 4157 3099 einer ist,:
3700 3087 5487 3266 Sylvia: Oh, Sie müssen ihn mir nicht preisen.
