5944 4056
3702 562 4628 706 zieren gehen und lesen.
3690 693 5534 839 Salvia: Fürchten Sie nicht sich zu langweilen?
3697 832 5638 983 General: Man kann immer wieder heraus. Vielleicht
3697 968 5614 1104 bleib ich nicht. Ich habe kein Gelübde getan und
3690 1112 5661 1241 lebe nicht nach einem festen Plan; habe es nie ge-
3702 1233 5577 1374 tan. Wer weiss, wie bald ich auf Reisen gehe.„
3685 1332 5671 1533 Sylvia: So wäre es am Enae möglich, dass man einan-
4551 1478 5170 1627 Wer wen mete
3690 1501 4517 1617 der wieder begegnet.
3677 1622 5086 1766 General: Nicht sehr wahrscheinlich.
3677 1857 5631 2018 Der Intendant: Man sagt mir, dass Sie schon wegge-
3697 2016 5589 2147 fehnen sind. Erweisen Sie uns die Ehre und ent-
3690 2147 5532 2276 schliessen Sie sich doch noch morgen einmal zu
3695 2291 3999 2422 singen.
3677 2390 5606 2543 Eylvia: Ja, ich werde morgen noch einmal eingem.
3677 2543 5577 2672 Intendant: Die Kaiserin wird sich dankbar erwei-
3667 2754 5534 2915 Sylvia: Es ist gewiss nicht wegen der Kaiserin,
3677 2927 5213 3031 ich kann auch noch nichts versprechen.
3675 3011 5326 3172 Intendant: Ich will es weiter verbreiten.
3672 3157 4640 3336 Sylvia: Auf Ihre Gefahr.
