5816 3512
3441 427 4957 628 Ihre Augend ist mir sehr gleichgültig.
5220 555 5606 733 tt gebret
3453 590 5033 795 Oflizier: Aber kann Euch alles einreden.
4621 689 4963 809 b Soc
5098 710 5600 868 Ideri Boll
3473 733 4540 917 was gibt es übrigens Neues?
3453 856 5410 1017 (Ueber die letzten Kongresssitzungen. Difierenzen,
4864 914 5571 1122 Wie slett mnt Sectri
3447 973 4692 1166 wwischen Kussland und England.)
4867 1046 5197 1177 (Ecer dap
3465 1151 4680 1306 Linlonat: Ein Friedenskongress.
3459 1253 5355 1446 OFiizier: Also darf man auf einen Krieg hofien:
3473 1399 4878 1577 Diplomat: Sind ie noch nicht müde?
3453 1542 5457 1653 Offizier: nicht mehr. Man hat sich ein Jahr lang
3453 1671 4846 1808 ausgeruht. Das Ausruhen macht müde.
3465 1764 5337 1981 vebrigene ist es seit Mapoleon auf Liba ist, als
3435 1919 5381 2095 wenn man noch weiter Theater spielte, nachdem der
4671 2024 5504 2141 hin volll dezu lechen
3453 2059 4581 2244 be rühmte Gast abgereist ist.
3447 2188 5279 2378 Diplomat; Napoleon wird überschätzt.
4201 2284 4639 2369 sollt imbel
3447 2322 4820 2504 Oflizier: Er wurde nie gesclagen.
3453 2451 5320 2652 Liplomat: Sie vergessen Aepern. Erzherzog korl.
3430 2597 5486 2740 Oftizier: Nun wenn schon, dann neuenie lieber den
3435 2693 5419 2889 General teising.- Selleter Jum tipnd lzen
3132 2837 5474 3047 Eilf luf Diplomat; Haben "ie ihn gesehen? Er ist im iheater.
3453 2994 4925 3178 Der Kaiser hat ihn huldvell gegrüest.
