<?xml version="1.0" encoding="UTF-8" standalone="yes"?>
<PcGts xmlns="http://schema.primaresearch.org/PAGE/gts/pagecontent/2013-07-15" xmlns:xsi="http://www.w3.org/2001/XMLSchema-instance" xsi:schemaLocation="http://schema.primaresearch.org/PAGE/gts/pagecontent/2013-07-15 http://schema.primaresearch.org/PAGE/gts/pagecontent/2013-07-15/pagecontent.xsd">
    <Metadata>
        <Creator>prov=READ-COOP:name=PyLaia@TranskribusPlatform:version=2.7.0:model_id=50870:lm=none:date=22_01_2024_18:30</Creator>
        <Created>2023-09-27T14:37:02.033+02:00</Created>
        <LastChange>2024-01-22T18:30:27.619+01:00</LastChange>
        <TranskribusMetadata docId="1589042" pageId="60124144" pageNr="20" tsid="145632681" status="IN_PROGRESS" userId="40391" imgUrl="https://files.transkribus.eu/Get?id=HCUZFUGWDNIWPNAZSXVUSVOF&amp;fileType=view" xmlUrl="https://files.transkribus.eu/Get?id=PZTEMQHWBSTBNUBBTNJQLZVQ" imageId="48549222"/>
    </Metadata>
    <Page imageFilename="1589042_0020.jpg" imageWidth="3000" imageHeight="3496">
        <ReadingOrder>
            <OrderedGroup id="ro_1711791879594" caption="Regions reading order">
                <RegionRefIndexed index="0" regionRef="tr_1"/>
            </OrderedGroup>
        </ReadingOrder>
        <TextRegion orientation="0.0" id="tr_1" custom="readingOrder {index:0;}">
            <Coords points="755,530 755,2449 2663,2449 2663,530"/>
            <TextLine id="tr_1_tl_1" custom="readingOrder {index:0;}">
                <Coords points="761,652 986,681 1344,607 1864,635 2013,590 2163,650 2547,617 2547,550 2331,507 2042,553 1643,517 1043,574 764,541"/>
                <Baseline points="776,603 864,609 953,606 1042,609 1131,606 1220,603 1308,603 1397,603 1486,603 1575,603 1664,600 1752,602 1841,597 1930,597 2019,597 2108,596 2196,594 2285,593 2374,591 2463,591 2552,603"/>
                <TextEquiv>
                    <Unicode>Major zum Grafen: Sie liebté meinen Ruhm,</Unicode>
                </TextEquiv>
            </TextLine>
            <TextLine id="tr_1_tl_2" custom="readingOrder {index:1;}">
                <Coords points="759,745 1150,742 1221,780 1349,733 1525,773 1653,733 2502,756 2535,752 2537,652 2312,621 2136,681 1454,654 1214,690 927,654 759,697"/>
                <Baseline points="773,740 861,740 949,737 1038,734 1126,734 1214,734 1303,733 1391,728 1479,728 1568,727 1656,728 1744,725 1833,723 1921,725 2009,722 2098,722 2186,722 2274,722 2363,719 2451,716 2540,719"/>
                <TextEquiv>
                    <Unicode>nicht mich.Wie bald wird dieses Abenteuer</Unicode>
                </TextEquiv>
            </TextLine>
            <TextLine id="tr_1_tl_3" custom="readingOrder {index:2;}">
                <Coords points="756,870 960,934 1209,863 1456,913 1605,861 1992,918 2331,856 2540,884 2542,787 1740,778 1672,825 1247,775 1129,825 756,820"/>
                <Baseline points="770,865 858,865 947,865 1036,862 1125,862 1214,859 1302,859 1391,856 1480,856 1569,856 1658,855 1746,853 1835,853 1924,850 2013,853 2102,850 2190,850 2279,847 2368,844 2457,841 2546,841"/>
                <TextEquiv>
                    <Unicode>aus ihrem Gedächtnis schwinden. Ihr werdet</Unicode>
                </TextEquiv>
            </TextLine>
            <TextLine id="tr_1_tl_4" custom="readingOrder {index:3;}">
                <Coords points="759,1017 877,1001 979,1029 1181,994 1250,1034 1354,996 1589,994 1591,920 1506,944 1269,892 1133,946 1060,920 761,946"/>
                <Baseline points="773,997 814,996 855,995 896,994 937,993 978,991 1019,991 1060,991 1101,988 1142,988 1183,988 1224,988 1265,986 1306,985 1347,985 1388,985 1429,986 1470,987 1511,985 1552,988 1594,985"/>
                <TextEquiv>
                    <Unicode>Euch wiederfinden.</Unicode>
                </TextEquiv>
            </TextLine>
            <TextLine id="tr_1_tl_5" custom="readingOrder {index:4;}">
                <Coords points="766,1160 1221,1114 2442,1124 2445,1020 2110,1067 1733,1024 1541,1065 1245,1031 766,1074"/>
                <Baseline points="779,1122 862,1122 945,1119 1029,1118 1112,1116 1196,1116 1279,1113 1363,1113 1446,1113 1530,1110 1613,1109 1696,1108 1780,1107 1863,1104 1947,1103 2030,1107 2114,1104 2197,1103 2281,1104 2364,1101 2448,1110"/>
                <TextEquiv>
                    <Unicode>Sendung an den Grafen und an den Major.</Unicode>
                </TextEquiv>
            </TextLine>
            <TextLine id="tr_1_tl_6" custom="readingOrder {index:5;}">
                <Coords points="759,1295 1001,1252 1219,1285 1290,1250 1387,1297 1510,1257 2065,1280 2238,1254 2241,1197 2096,1150 2051,1188 1762,1200 1444,1164 937,1209 761,1169"/>
                <Baseline points="773,1250 846,1250 920,1249 993,1247 1067,1247 1141,1246 1214,1247 1288,1242 1361,1241 1435,1241 1509,1240 1582,1238 1656,1238 1729,1237 1803,1235 1877,1235 1950,1235 2024,1233 2097,1234 2171,1234 2245,1235"/>
                <TextEquiv>
                    <Unicode>Marschbereitschaft der Regimenter.</Unicode>
                </TextEquiv>
            </TextLine>
            <TextLine id="tr_1_tl_7" custom="readingOrder {index:6;}">
                <Coords points="756,1420 1584,1375 1871,1439 2030,1394 2141,1418 2262,1354 2608,1397 2656,1375 2658,1302 759,1297"/>
                <Baseline points="770,1379 864,1379 959,1376 1053,1376 1148,1374 1243,1371 1337,1370 1432,1370 1527,1367 1621,1369 1716,1370 1811,1364 1905,1364 2000,1361 2095,1360 2189,1357 2284,1355 2379,1354 2473,1355 2568,1352 2663,1355"/>
                <TextEquiv>
                    <Unicode>Der Graf in den Krieg,die Säugerin nach Ita</Unicode>
                </TextEquiv>
            </TextLine>
            <TextLine id="tr_1_tl_8" custom="readingOrder {index:7;}">
                <Coords points="742,1513 1164,1544 1257,1503 1805,1527 1869,1494 2113,1553 2265,1487 2589,1510 2592,1392 2554,1382 2464,1430 2255,1406 2210,1444 1608,1413 1404,1449 1273,1399 994,1458 745,1444"/>
                <Baseline points="755,1510 851,1507 948,1505 1045,1506 1142,1501 1238,1498 1335,1504 1432,1501 1529,1497 1626,1495 1722,1492 1819,1491 1916,1489 2013,1489 2110,1484 2206,1483 2303,1484 2400,1481 2497,1480 2594,1477"/>
                <TextEquiv>
                    <Unicode>lien. Der Major sterbend, der Baron bei ihm</Unicode>
                </TextEquiv>
            </TextLine>
            <TextLine id="tr_1_tl_9" custom="readingOrder {index:8;}">
                <Coords points="766,1643 1152,1676 1444,1631 1556,1667 1771,1627 2518,1643 2487,1532 2340,1575 2016,1541 873,1593 766,1560"/>
                <Baseline points="779,1642 866,1639 953,1636 1040,1633 1128,1630 1215,1633 1302,1630 1390,1630 1477,1628 1564,1630 1652,1624 1739,1621 1826,1620 1913,1621 2001,1619 2088,1616 2175,1614 2263,1615 2350,1612 2437,1612 2525,1615"/>
                <TextEquiv>
                    <Unicode>zurückbleibend. Irgend ein grotesker Ab-</Unicode>
                </TextEquiv>
            </TextLine>
            <TextLine id="tr_1_tl_10" custom="readingOrder {index:9;}">
                <Coords points="766,1828 1020,1776 1254,1793 1397,1738 1537,1774 1646,1736 1767,1771 2032,1726 2129,1762 2570,1736 2573,1643 2431,1634 2255,1695 2080,1658 1930,1703 1748,1646 1475,1698 1214,1655 994,1712 771,1669"/>
                <Baseline points="782,1770 871,1767 961,1767 1051,1764 1140,1761 1230,1752 1320,1737 1409,1740 1499,1737 1589,1731 1679,1731 1768,1731 1858,1728 1948,1728 2037,1725 2127,1722 2217,1716 2306,1713 2396,1707 2486,1707 2576,1704"/>
                <TextEquiv>
                    <Unicode>Schluss. (Wie crat sche Sl vo hieru er venen den</Unicode>
                </TextEquiv>
            </TextLine>
            <TextLine id="tr_1_tl_11" custom="readingOrder {index:10;}">
                <Coords points="754,2061 1036,2027 1278,2058 1390,2018 1520,2049 2262,2004 2656,2027 2637,1899 2497,1954 2013,1892 1762,1937 1363,1897 756,1952"/>
                <Baseline points="767,2024 861,2025 956,2024 1051,2024 1146,2021 1241,2018 1335,2014 1430,2012 1525,2011 1620,2010 1715,2009 1809,2006 1904,2003 1999,2001 2094,2004 2189,2000 2283,1997 2378,1997 2473,1994 2568,1991 2663,1988"/>
                <TextEquiv>
                    <Unicode>Major und Graf besser Freunde. Kein besonde</Unicode>
                </TextEquiv>
            </TextLine>
            <TextLine id="tr_1_tl_12" custom="readingOrder {index:11;}">
                <Coords points="768,2160 1435,2193 1563,2144 1850,2174 2215,2129 2509,2179 2511,2049 2113,2080 1937,2042 1470,2103 1326,2044 768,2113"/>
                <Baseline points="782,2158 868,2152 955,2154 1041,2152 1128,2152 1214,2149 1301,2146 1387,2143 1474,2143 1560,2143 1647,2140 1734,2140 1820,2143 1907,2136 1993,2131 2080,2132 2166,2128 2253,2126 2339,2125 2426,2125 2513,2119"/>
                <TextEquiv>
                    <Unicode>rer Altersunterschied.Sylvia vielleicht</Unicode>
                </TextEquiv>
            </TextLine>
            <TextLine id="tr_1_tl_13" custom="readingOrder {index:12;}">
                <Coords points="764,2298 1752,2276 1933,2326 2027,2276 2419,2286 2516,2253 2518,2189 2404,2144 2246,2215 1968,2177 1612,2234 1513,2179 1356,2222 764,2210"/>
                <Baseline points="776,2286 863,2283 950,2280 1037,2280 1125,2278 1212,2277 1299,2274 1387,2276 1474,2274 1561,2272 1649,2271 1736,2267 1823,2264 1910,2262 1998,2261 2085,2260 2172,2260 2260,2261 2347,2254 2434,2251 2522,2251"/>
                <TextEquiv>
                    <Unicode>schon berühmte Sängerin und nicht gerade</Unicode>
                </TextEquiv>
            </TextLine>
            <TextLine id="tr_1_tl_14" custom="readingOrder {index:13;}">
                <Coords points="775,2419 858,2426 913,2457 1027,2421 1060,2440 1133,2426 1181,2452 1283,2447 1283,2340 1164,2343 1119,2367 1041,2333 906,2369 873,2338 825,2367 775,2367"/>
                <Baseline points="788,2418 814,2416 840,2416 866,2417 892,2417 919,2415 945,2415 971,2415 997,2415 1023,2414 1050,2412 1076,2412 1102,2412 1128,2412 1154,2412 1181,2412 1207,2413 1233,2415 1259,2417 1286,2418"/>
                <TextEquiv>
                    <Unicode>tugendhaft.</Unicode>
                </TextEquiv>
            </TextLine>
            <TextEquiv>
                <Unicode></Unicode>
            </TextEquiv>
        </TextRegion>
    </Page>
</PcGts>
