5976 3880
3733 475 5128 613 General empfiehlt sich von Muskau.
3736 660 5559 757 Muskau: Was fällt Ihnen ein? Und unsere Wette?
3724 762 5515 915 General: Sie haben sie gewonnen. Ich bin kein
3711 978 5583 1156 Auskau: kun, wie Sie wollen. Wir en die Wette
3704 1149 5590 1300 aufgehen. Sie müssten sich doch wenigstens be-
3704 1283 3977 1392 mühen.
3709 1387 5634 1531 General: Ich will mich nicht bemühen. Mir waren
3699 1545 5474 1662 wenigstens ich wer- ein wenig betrunken. Ich
3711 1696 5527 1806 reise ab,besuchen Sie mich,ehe Sie Wien wieder
3699 1796 5515 1918 verlassen,kommen Sie auf mein kleines Schloss,
3704 1932 5607 2057 das Sie so gerne haben möchten,vielleicht findet
3687 2057 5639 2190 sich dort noch an Ort und Stelle eine Möglichkeit
3687 2178 4420 2312 darum zu spielen..
3692 2329 5542 2456 och währnd sie miteinander reden kommt Sylvia.
3692 2436 5486 2575 Axxxx Die Araberin war vielleicht die ganze
3692 2599 5520 2728 Zeit über da. Sie versteht kein Wort deutsch,-
3675 2716 5588 2845 nun ein paar kurze Worte zwischen Sylvia und der
3673 2826 4050 2947 Araberin.
3687 2935 5551 3093 Muskau und die Araberin gehen bald. Sylvia muss
3673 3088 5566 3278 Muskau ein paar Worte über seine Verfolgung ge-
