3035 3576
675 587 2460 727 la jor lacht. So macht älso liebe wirklich
670 708 1357 829 völ.ig toll? 1
661 833 1179 945 Sylvia dazu.
653 956 2555 1132 Sylvia: Warum sind Sie mir nach? Glauben Sie
651 1089 2465 1264 nicht, dass Sie noch irgend weldche Hoffnung
1629 1207 2055 1340 die m sen
658 1217 1581 1349 haben. Ihm gehör ich.
642 1347 2384 1503 Blick zwischen dem Major und dem Gräfen.
637 1475 2431 1626 Jetzt bestimmte Nachrichten von Naxoleons
644 1608 1004 1728 Landung.
637 1721 2519 1880 Ma jor zum Grafen: Wollen wir's bis nach dem
661 1856 1470 1970 Krieg aufschieben?
625 1991 2507 2147 Graf: Alles anddre ist mir gleichgültig.Zu-
632 2135 2517 2287 erst muss diese Sache zwischen uns ausgetra-
627 2244 1101 2375 gen werden.
613 2372 2427 2517 Major: Also gut, in drei Stunden (in einer
613 2484 2131 2654 in meinem Park. (Iwill nach eungeswrten
616 2614 2476 2787 Etwa eine Szene zwischen dem Baron und Syl-
611 2744 2481 2893 via, in der der Baron ihr boshafterweise von
604 2881 1399 3030 der Wette erzählt.
599 3030 2465 3182 Der Major und der Notar oder irgend ein gu-
