5960 4056
3688 544 4365 701 Intendant: (abl.
3677 799 5576 966 Major: (kommt) Sie sind hier? Ich habe Sie schon
3704 956 4729 1094 bei Schwarzenberg gesucht.
3688 1075 5642 1237 Sylvia: Nicht meine Schuld. Wir haben unterdessen
3696 1224 5169 1362 Bekanntschaft gemacht, wie Sie shhen.-
3672 1335 4954 1460 General: Ich beglückwünsche Sie.
3677 1468 5684 1622 Major: Ich habe einen Wegen für Sie bestellt,Syl-
3677 1609 5499 1742 via. Eine sehr gute Gelegenheit bis Innsbruck.
3672 1736 5727 1872 Sylvia: Das war vertrüht. Ich bleibe noch bis morgen
3659 1848 5652 2005 und wahrscheinlich gebe ich auch noch ein Konzert.
3653 1973 5727 2156 Die Kaiserin selbst hat es gewünscht. Uebrigens. auch
3656 2153 5692 2251 der Generalwill mich noch einmal hören. Das allein
3653 2243 5647 2400 würde genügen. Habe ich Ihnen schon von dem neuen
3651 2374 5668 2538 Antrag aus Rom erzählt? Werden Sie mich beglebten?
3659 2514 4516 2658 Major: Als Ihr Gatte.
3653 2626 5788 2798 Sylvia: Warum? Ich bin frei. Sie waren nicht der erste
3640 2780 5605 2913 Mann, der mich eine Strecke Wegs begleitet hät. Es
3643 2899 4853 3037 müsste Ihnen auch gleich sein.
3632 3040 5143 3173 Zu Schwarzenberg fahre ich nicht mehr.
