4731 4392
2401 496 4136 719 theren = Spielbemerkungen mit Bleistift
2415 614 4169 837 zu unterzeichnen. Das erleichtert da
1253 602 1453 757 22
1618 593 2079 790 RUE DE MONCEAU
456 715 924 877 VELLE PRESSE LIBRE
1648 767 1949 891 1. I. 95
2443 804 4192 1056 In der Beilage finden Sie die Einbs¬
2405 809 2704 980 desen.
520 858 804 997 O’ TH. HERZL
2434 938 4150 1201 gleitung. Sie besteht aus zwei Theilen.
491 1006 1430 1223 mein lieber Schnitzler!
2563 1049 4098 1296 1.) ein Vorwort welches auf das
428 1129 2278 1328 Nun haben Sie mein ganzes Werk. Bald wer¬
2443 1162 3924 1397 Respeitblatt vor der Titelseite z
259 1246 2010 1446 den Sie die Hauptmühe überstanden haben,
2457 1230 4218 1505 schreiben ist / u. zw. von der Hand des
409 1343 2205 1507 Sie kennen meine Ungeduld in dem Augen¬
2448 1328 4279 1599 Abschreibers oder, wenn kein Respect.
348 1448 2189 1625 blick wo ich etwas definitiv aus der Hand,
2443 1460 4268 1733 blatt frei gelassen wurde, in auffälliger
374 1533 2111 1721 gegeben habe. Dann möchte ich, dass es
369 1604 2262 1834 eilig erledigt werde, im Guten oder Schlechten
2457 1644 3447 1825 Weise hinzukleben ist.
2565 1716 4235 1970 2.) ein kurzer Brief an den ersten
397 1702 2173 1909 Dieser und all nur fort, aus meinen Sorgen.
585 1778 703 1839 all
369 1813 2168 2013 So möchte ich mir nun auch das G.
2452 1820 4181 2031 Director. Dieser Brief hat gesondert
2481 1933 4173 2147 recommandirt am Tage nach
386 1921 2111 2126 bald aus dem Kopf geschlagen haben.
520 2022 2154 2241 Ich bitte Sie mir folgende Fragen zu
2469 2057 4209 2316 Absendung des Msepts abzugehen. Zu
2476 2137 4336 2403 adressiren ist dieser Brief an Blumenthal
430 2205 995 2328 beantworten.
527 2224 2245 2391 Het der Abschreiber bei Ihnen geschrieben?
2481 2257 4258 2481 oder Brahm. Ich stelle es Ihnen ganz
515 2309 2118 2546 ist das Geheimniss gewahrt geblieben?
2471 2339 4178 2629 frei, möchte aber nicht, dass Sie sich
515 2422 1818 2598 Wann ist er fertig geworden:
2495 2441 4251 2723 darin irgendwie von Gefälligkeit leiten
524 2525 1787 2697 Hätte er eine schöne Schrift?
2495 2558 4211 2829 lassen. Mir ist es absolut gleichgiltig
1162 2655 1549 2779 Haupt
668 2690 2175 2885 meinen Nachtrag, die Berichtigung
715 2659 1114 2819 xyz
2525 2702 4235 2953 ich wurde es Ihnen freimüthig sagen
444 2789 2149 3024 auf Seite 9 (III a.) haben Sie erhalten:
2532 2784 4322 3047 wenn ich ein Interesse daran hätte, zuer
466 2927 1634 3155 „Einzuflicken“ monat. ab 5112
621 2986 2257 3202 Weiters bitte ich sie das Mscpt von
458 3085 2262 3381 anfang an durchzulesen und alle Paren,
