4746 4249
1571 498 2244 641 Briefen. Die
311 478 1518 654 mir nur in gewöhnlichen
326 599 2204 746 müssen so gefasst sein, dass Sie auch
338 716 2169 817 verloren gehen können. Ich werde
338 754 2312 942 mich nicht dabei aufhalten, einem Schreib¬
341 844 2315 1057 Künstler Anleitungen für unseren Geheim¬
333 1002 1185 1155 schlüssel zu geben.
333 1032 2332 1242 Was Ihre Besorgnisse wegen der Theater¬
1280 1152 2270 1293 theile ich nicht.
338 1195 1220 1348 directoren betrifft.
343 1263 2267 1405 Ja, wenn ich zu den Patronau betteln,
341 1363 2272 1526 ginge, wurden Sie mich nicht anhören.
351 1455 2310 1608 Ich werde Sie aber von vornherein an die
343 1568 2227 1738 Wand drucken. Das darf ich als Mitglied
363 1653 2212 1841 einer einflussreichen Zeitung nicht thun
386 1756 2335 1941 - es sähe wie Erpressung aus - aber Albert
358 1851 2330 2009 Schnabel, der Unbekannte, kann das in aller
343 1946 2214 2122 keinheit und Schröffheit thun. Auch dazu
343 2052 2295 2239 ist mein Preudonym gåt. Ich werde zwei
353 2169 2154 2360 tage nach Absendung des Manuscripts
366 2247 2219 2477 folgenden Brief an den ersten Director
373 2347 2335 2580 (zur Weitergabe schicken). „ An die Directoren
373 2420 2260 2635 der unten benannten Buhnen. Der Verfasser
378 2548 2342 2733 reicht sein Werk dem ersten, dann dem zweiten
388 2645 2262 2846 etc. ein. Verschiedene Grunde können den
383 2758 2239 2933 einen oder anderen Director verhindern,
358 2871 2375 3079 es aufzunehmen. Dann soll er es weitergeben.
361 2956 2337 3131 Der später drankommt, möge sich erinnern,
351 3041 2295 3239 daß viele Werke, die später Erfolg hatten,
348 3151 2285 3372 zuerst zurückgewiesen wurden, und es ohne
358 3277 2282 3469 Vorurtheil lesen. Nimmt es keiner an, so
376 3344 2287 3580 wird es veröffentlicht, mit diesem Brief
3853 381 4416 539 Paris, 13.XI.94
2953 699 3953 882 Mein lieber Schnitzler
2638 932 4444 1115 Ich habe gar nicht daran gezweifelt, dass
2585 1035 4509 1182 Sie mit mir gehen werden. Ich danke Ihnen
2580 1102 4491 1275 herglich für Ihre Bereitwilligkeit. Es bleibt
2595 1192 4524 1355 also bei dem neulich Entwickelten. Sie sind
2585 1255 4499 1480 und bleiben bis auf meinen Widerruf der
2580 1385 4409 1571 Einzige, der Albert Schuabels Geheimniss
2575 1450 4539 1661 kennt, auch von meiner Familie weiss gar
2578 1511 4574 1738 Niemand davon, Frauen können nicht schweigen
2578 1603 4491 1849 u. ein geheimniss darf höchstens auf vier
2585 1781 3156 1934 Augen stehen.
2595 1779 4454 1981 Ich gebe Ihnen Keinerlei Detailwünsche zur
2590 1924 4379 2109 wahrung des Geheimnisses bekannt, dass Sie
2595 1969 4444 2182 fortab alle meine Briefe unter Verschluss
2598 2069 4547 2242 halten etc. Niemand erfährt was Albert Schnabel
2603 2169 4517 2330 ist, auch das Notär nicht, dam ich auf Ihre
2605 2272 4494 2427 Worte hin übrigens mein ganzes Vertrauen
2615 2345 4431 2540 zuwende. Natürlich nehmen Sie ihm das
2618 2407 4471 2663 schriftliche Ehrenwort ab, dass er auch Sie
2605 2505 4527 2718 Niemandem neunt, denn dann käme man
2625 2600 4509 2861 allmälig auf die Früh. Dieses Kallye. Papier
2618 2688 4514 2958 auf einen anonymen autor habe ich mit
2620 2801 4567 3006 den Milddieben durchgemacht – theils belutigt.
2625 2936 4534 3096 theils geärgert. Belustigt, als mich meine
2620 2988 4547 3239 Freunde angriffen oder meine Feinde lobten
2673 3096 4547 3322 die Wiener allg. Ztg. bei der ich damals
2618 3179 4547 3427 war brachte die schärfster Angriffe etc.
2633 3287 4569 3492 Dem Notar werden Sie bei Vertragschlussen
2633 3382 4486 3620 winke aus Ihrer Buhnenerfahrung geben —
