4731 4392
2495 238 2585 342 11
206 493 321 657 2n.
654 671 2047 858 Brahm zu gehen. Umsomehr als
518 779 2380 948 vermuthlich ohnehin eine Rundreise werden
511 906 2188 1059 wird. Also thun Sie, was Sie wollen
527 987 2174 1149 mir müssen Sie danach den Text des
539 1045 2366 1256 Verwortes einrichten, nämlich die Reihenfolge
527 1186 2324 1376 der Buhnen. Den Brief 2.) möchte ich
536 1290 2292 1471 nicht von der Hand des abschreibers
553 1392 2292 1582 sondern von einer anderen haben.
543 1448 2343 1684 u. zw. Schicks. Bitte also mein concept
2148 1589 2282 1704 zu
574 1621 2100 1813 zuerst vom Abschreiber machen
578 1642 2347 1852 lassen u. dann Schick zu bitten, dass
578 1808 2005 1945 er die paar Zeilen schreibe.
583 1868 2338 2081 Verständigen Sie mich, lieber Freund
571 1986 2363 2225 vom Tag des glücklichen Abgangs. Denn
567 2100 2208 2289 von da ab werde ich die Stunden
585 2167 2389 2386 zählen. Ich rechne, dass das besept Freitag
592 2266 2343 2498 den 4 oder Samstag den 5 ds. Mts. von
569 2458 1531 2657 Wien abgehen kann.
712 2560 2188 2731 Tausend Dank und herzliche Grüsse
1274 2699 1441 2824 Mr
1498 2750 1716 2937 th H
694 2978 2306 3145 Wenn Sie mich nicht ärgern wollen,
673 3099 2206 3274 bitte ich um sofortige Einsendung
673 3231 1762 3416 des Kostenverzeichnisses.
