6119 4328
2167 940 2922 1057 nach der Annahme
1736 982 3107 1133 Toll man ihn  dann eventuell
1583 1095 3131 1230 ins Vertrauen ziehen? Was ist Ihre
1595 1198 3129 1333 Ansicht? Nur ist Müller tief zuwider
1605 1294 3099 1456 u. ich hoffe es beruht auf Gegen¬
1611 1393 3153 1548 seitigkeit. Aber ich halte ihn doch
1621 1488 3159 1613 für einen sehr anständigen Menschen
1603 1611 3111 1748 der glaube ich auch correct gegen
1611 1704 3065 1827 teinde ist. - Heraus mit Ihrer Ansicht.
1772 1815 3123 1938 Was habe ich vorhergesagt! Da
1583 1909 3153 2032 ist der Ekel nach dem Productions¬
1587 2006 2299 2119 ransch. — Basta
1756 2081 3172 2228 Warum höre ich nichts von Ihrem
1611 2194 3028 2317 Stück? Warum schicken Sie es mir
496 2242 738 2401 G.C.F.P.
1603 2294 3111 2426 nicht? Bin ich Ihnen in unserer
1639 2385 3163 2530 Geheimnisskrämerei der letzten Monate
1629 2500 2873 2655 nicht nahe genug gekommen?
1750 2577 3111 2706 Ich habe ein grosses Bedurfniss
1595 2684 3053 2823 nach einer guten Freundschaft. Es
1593 2809 3145 2913 ist beinahe schön zum annonciren!
1702 2865 3166 3002 Mann in den besten Jahren sucht einen
1603 2974 3097 3101 Freund, dem er alle seine Schwächen
1601 3071 3129 3212 und Lächerlichkeiten furchtlos anver¬
1611 3147 3234 3315 trauen kann. "Wie es hier in den Blättern"
3242 565 4436 708 Ce spous ses ouvres x cnspous
4535 573 4946 722 G.C.F.P.P
4506 686 5262 849 Décembre du dernier.
5379 698 5611 815 G.R.S.
3228 675 4008 871 CALLODOA¬ gee Morel
5158 809 5656 954 8 1/4 an 3 4/4
3315 921 4815 1113 heisst: on demande un ami des¬
4932 952 5635 1101 Le dernier a été plaisir
3327 1093 3772 1204 intéressé.
4932 1048 5587 1202 Ligarement S20.
3341 1139 4813 1276 ich weiss nicht bin ich zu miss¬
3337 1248 4803 1385 trauisch oder zu schüchtern oder
3355 1339 4772 1468 so hab ich zu gute Augen — hier
3365 1405 4831 1544 find ich unter meinen Bekannten
3349 1498 4752 1645 keinen. Der Eine ist zu dumm
3349 1563 4815 1724 der andere zu perfid, der Dritte
3349 1696 4803 1817 verstimmt mich an der heikelsten
3361 1784 4793 1899 Stelle, weil er Bekanntschaften
3359 1879 4736 2008 zum Vorwartskommen ausnutzt.
3347 1952 4712 2127 sagen Sie nur, fuhler Sie bei
3349 2071 4627 2226 dieser letzteren Beobachtung
3349 2119 4855 2303 wenn Sie sie an einem Kameraden¬
5416 2174 5613 2351 G.H.F.P
4950 2250 5315 2361 G.C.F.P.
3353 2234 4869 2389 machen, nicht auch den Brechreiz?
3516 2343 4760 2482 Ich überlese das Bisherige. Ich
5398 2363 5639 2488 G.C.F.P.
3347 2430 4889 2577 muss Ihnen naiv vorkommen. Gleich¬
5408 2454 5635 2637 sse.s
3355 2538 4776 2700 viel, ich bin zu faul den Brief
5391 2619 5637 2748 1238.9
4964 2595 5268 2740 CUTWATB
3365 2647 4274 2817 von vorn anzufangen.
5398 2766 5672 2909 3###4.84
3466 2740 4833 2901 Leben Sie wohl! Ich möchte jetzt
3355 2853 4897 3010 in einem Fischerdorf in Sicilien sein,
4954 2871 5672 3022 cunier et „Tuta soe’se.“
3349 2966 4867 3111 u. zw. im guten englischen Hôtel oben¬
4960 2980 5678 3137 Kreisamt Züricht geschrieben.
3337 3051 4932 3236 auf dem Berg. Tagsüber ginge ich allein
