6088 4313
1060 697 1318 861 Stück.
1164 829 2981 988 Es machte ein Gesicht, das mir ungläubig
1099 893 2851 1030 schien. Am dritten Tag blieb ich von
1097 990 2787 1173 der Sitzung aus u. blieb aus bis es
1108 1071 2840 1261 fertig war. Als ich wiederkam, reizte
1099 1168 2775 1369 es mich ungemein, es ihm zu sagen,
1115 1263 2824 1424 und es ihm vorzulesen. Ich wiederstand
1099 1378 2849 1549 aber und erklärte meine abwesenheit
1111 1485 1916 1632 mit Zeitungssachen.
1145 1607 2831 1732 Die zweite Versuchung war Nordau, der
1099 1674 2877 1831 mir ein sehr guter Freund ist und nur
1115 1775 2736 1916 in seiner ruden Wahrheitsliebe gewiss
1127 1847 2706 1995 alle Fehler - die er hätte wahrnehmen.
1120 1932 2807 2122 können – gesagt hätte. Als er mir nun
1134 2048 2754 2209 kürzlich sein neuestes Stück vorlas,
1138 2133 2814 2293 niss es mich wieder. Aber der Vorsatz
1134 2216 2761 2401 war gefasst. Ein wirkliches Geheimniss
1138 2313 2858 2503 darf höchstens auf vier Augen stehen.
1134 2438 1900 2593 dabei bleibt es.
1145 2500 2796 2662 Das Manuscript, das bei Ihnen ist, biete
1157 2614 2766 2743 ich Ihnen als Geschenk an. Hat das
1168 2708 2819 2874 Stück den Erfolg, den ich nicht für un¬
1168 2812 2743 2990 möglich halte, wird's Ihnen in 10 – 20
1180 2884 2824 3048 Jahren eine hübsche Erinnerung sein.
1164 2997 2867 3142 Und verkracht es, gleich meinen früheren
1157 3101 2819 3253 Versuchen, so möge es Sie späterhin an
1150 3175 2895 3366 den Beginn unserer Freundschaft erinnern,
1152 3302 2364 3477 die hoffentlich dauern wird.
3181 635 5042 884 In der Beilage finden Sie 13 fl. die Sechserln
3170 785 4992 956 kann ich Ihnen von hier nicht schicken.
3186 898 4862 1078 Geben Sie also die paar knöpfe dem
3175 965 5033 1175 armen Teufel, dessen überflussige Quittung
3193 1097 4611 1251 Sie nur zum Spar einschickten.
3207 1177 5056 1371 das Lob meiner Feuilletons schmeckt mir
3216 1258 4823 1429 von Ihnen, mein sehr Lieber, gut.
3216 1381 4888 1549 aber ich kann gerade das letzte, das
3198 1478 4682 1614 Sie erwähnen, nicht gut finden.
3209 1570 4895 1766 Ich will jetzt noch fünf solche Palais
3198 1637 4908 1833 Bourbon = Parhen derciben. Das letzte
3198 1787 4998 1919 wird den Sinn des Ganzen zusammen¬
3223 1872 4955 2032 fassen und "die Schule des Journalisten"
3211 1976 4895 2122 heissen. So müssen wir ja unsere Possie
3225 2048 5008 2209 - von ποιειν, hineinlegen — aus unserem
3235 2154 4931 2339 Leben saugen. Denn einen andern Zweck
3235 2258 4901 2403 hat ja unser Leben nicht. Ich finde
3225 2387 4183 2517 diesen übrigens schön.
3260 2410 5042 2607 dass Ihnen mein Stück auch beim zweiten
3255 2528 4962 2729 Lesen noch gefiel, hat mir wie gesagt
3253 2683 4061 2821 ganz warm gemacht.
3271 2704 5061 2907 werden ja sehen, was die Directoren sagen;
3253 2854 4874 2958 Sie, mein Freund, sind doch jedenfalls
3265 2925 4931 3084 gunstige vernommen. Vergessen Sie
3260 3036 4959 3193 nicht, mir das erste Ergebnis zu tele:
3278 3115 5005 3265 graphiren u. gleich ausführlich unter der
3278 3205 4740 3336 verabredete. Adresse zu schreiben.
4257 3295 4809 3435 Ihr getreuer
3285 3313 4163 3470 mit herzlichem Grus¬
4280 3396 4618 3544 F. H. -
5352 559 5553 704 1888.
5070 672 5592 815 1673
5128 785 5626 972 Tout-il y a eu de
5107 889 5615 1060 proze soe ee
5084 1027 5310 1191 Pour Vous
5370 1041 5566 1214 10.
5402 2341 5613 2480 G.H.F.P.
5368 2461 5606 2644 sse?
5375 2595 5613 2770 838.8
5352 2736 5647 2897 844.64
5125 2851 5622 3020 „Tuta soe'.82“.
5130 2990 5613 3140 1737 320 5.2.
