6104 4249
388 457 2608 635 Stück nacheinander. Jeder kann es drei Wochen
397 616 2546 782 behalten. Nach Abtauf dieser unwiederrüfti¬
428 719 2940 919 Ein Fattfrist wolle es der Abtehnende gütigst dem Nächsten
432 854 2646 1023 zu schicken. Die Stochenfolge ist. 1. Deutsches - The¬
419 1001 2580 1160 ater, 2. Lessing - Theater, 3. Berliner - Theater.
397 1110 2602 1279 Gefälligkeit dieser Weitergabe glaubt der
419 1257 2536 1385 Verfasser Dafür erbitten zu Kürfen, daß er
416 1345 2627 1520 seine Arbeit den Herrn unterbreitet. Es soll
419 1457 2633 1614 Katurch unnützer Zeitverlust erspart werden.
600 1573 2602 1755 Nimmt auch der Dritte nicht an, so wolte
407 1733 2549 1870 Dieser Das Manuarigt dem Obmann der
466 1855 2552 2008 Freien Bühne" zu schicken, welch Letzterer
428 1936 2611 2145 es im hätte der Ablohnung an den weiter.
416 2064 2671 2242 hin bezeichneten Freund des Verfaßers freund.
413 2205 1708 2377 lichst zurücksenden möge.
697 2317 2646 2458 Selbstverständlich unterbleibt die Wei¬
397 2408 2574 2590 terreise, wenn einer vor Directoren das
416 2536 2511 2708 Stück annimmt. Die Aufführung hat
407 2662 2596 2827 einerhalb eines Monats nach der förnti¬
425 2805 1930 2977 ihre Annahme zu erfolgen.
591 2937 2611 3102 Buch diese Fattfrist ist genügend. Der
425 3043 2489 3184 Director, der es mit dem Stücke recht
410 3193 2571 3340 meint, hat ausreichende Zeit, es ein¬
422 3287 2621 3487 studieren zu lassen und dafür den spietpten
441 3418 1254 3622 freizumachen.
3600 403 5664 594 Die im Vorstehenden erbetene Weiter.
3418 566 5564 710 beförderung ist vielleicht etwas Unge¬
3431 663 5520 841 wohntliches. Der Verfasser glaubt jedoch
3450 810 5595 960 nicht, dass man solche Abwohnungen ver¬
3437 904 5583 1095 schweigen müsse. Im Gegentheil, man
3428 1051 4635 1210 holt sie bekanntgeben.
3593 1120 5636 1307 Die Bühnenteiter, welche dieses Werk
3437 1267 5589 1451 später in die Hand bekommen, mögen
3456 1389 5661 1554 ohne Vorurtheil daran gehen. Es ist nicht
3484 1557 5676 1730 einmal vorgekommen, daß Directoren
3447 1626 5639 1833 sich über den Büherenwerth eines Stückes
3456 1811 3875 1939 irrten.
3647 1798 5670 2058 Am Trote des Manuscripts darf nichts
3462 2005 5723 2199 geändert werden, auch die Bezeichnung als
3475 2167 5095 2321 Schauspirt ist unveränderlich.
3887 2261 5676 2433 für den Vertragsschluss und alte Ab¬
3487 2358 5680 2524 machungen, die nöthig worten könnten, stellt
3475 2493 5758 2630 Der Verfasser – weil er häufig auf Steifen geht —
3472 2599 5708 2768 einen Bevottmächtigten auf.
3456 2699 5708 2946 wenn wieder einigen xyz
3903 2990 4970 3156 Wien am 4. Januar 1894
