6071 4296
1223 529 2988 708 die Varrede der Buchausgabe, dieses
1234 687 2543 840 Stuckes aufgenommen werde.
1782 759 2953 893 Hochacht or a Schwihr
1257 896 2974 1018 Sollte Ihnen dieser Wortlaut zu schroff.
1276 958 2861 1074 sein, so bitte ich den Brief der
1292 1037 2886 1188 genau diesen Inhalt haben muss,
1276 1151 3004 1285 in der ersten Person des A. Schuabel
1288 1248 2721 1394 von Schick schreiben zu lassen.
1545 1357 2724 1534 Krattmann
1297 1478 2798 1652 ###/ dudit xxx
1531 1594 2854 1756 II Herrn O. Blumenthal Berlin
1220 1680 2900 1888 Geehrter Herr! Sie haben mein Stück
1274 1800 2902 2016 D. G... kurzweg abgelehnt ohne es
1278 1914 2944 2100 zu lesen. Ich nehme Ihnen das nicht
1269 2044 2995 2211 weiter übel. Unbekannte Antonen müssen
1278 2155 2916 2301 sich von Theaterdirectoren Einiges
1304 2264 2900 2420 gefallen lassen. Aber es scheint, dass
1299 2339 2807 2522 Sie zurecht hatten, das Buch nicht
1311 2471 3028 2603 einmal zu öffnen! Herr Muller Guttenbrunn
1290 2561 2884 2731 hat das Stück gelesen und will es
1306 2663 2942 2819 mir aus Rücksicht auf die Juden nicht
1320 2742 2946 2900 spielen. Sie sind Inde, wie der Ver¬
1318 2842 3039 3018 fasser selbst, und können die Unternehmung
1311 2946 2946 3106 wagen. Es gibt keinen vernünftigen
1318 3076 2986 3211 judischen Rabbiner, der anders sprache
1306 3169 2923 3332 als dieses Stück spricht. Es ist eine
5382 234 5547 432 0
3190 452 5011 677 ehrliche Tudenpredigt. Die Iuden werden
5357 527 5591 696 agst 3
3176 578 5046 759 an den heimlichen Judenzeichen erkennen,
3190 677 4972 854 dass ein wohlwollender Bruder zu ihnen
5352 670 5577 812 G.F.S.
3206 791 4608 935 aus dem Stucke heraus redet.
5243 793 5614 954 ..8.7. '64
3213 844 4918 1016 Muller Gutenbrunn schreibt: Ich habe das
5162 886 5610 1070 votre soe: ee
3239 951 4990 1134 1ch auspiel „ d. 9 ten “ von zwei gebildeten
3257 1063 5009 1232 Männern lesen lassen, von einem Juden
5155 1070 5584 1206 imoAa
3260 1153 5002 1320 u. einem Christen, u. Beide verwarfen
3260 1248 5069 1436 das Stück, beide aus appartunitätsgrunden,
3274 1350 4916 1496 aber sie... (ete aus dem Brief bis
3299 1457 4719 1640 inclusive verzichte "Abzuschreiben"
3308 1534 5083 1710 Dieser Brief u. das Manuscript erliegen
3322 1656 4988 1830 beim Verleger S. Fischer in Berlin.
3332 1754 5078 1905 Wenn Sie es nun lesen wollen, so bitte
3343 1842 5097 2018 ich das Manuscript von Herrn Fischer
3359 1958 4997 2123 abholen zu lassen. Er wird es
3373 2042 4775 2227 ihnen auf acht Tage leihen.
3380 2127 5125 2322 Lassen Sie es nicht holen oder ent¬
5366 2183 5570 2359 G.C.F.P.
3387 2227 5002 2406 scheiden Sie sich nicht innerhalb
3380 2315 5078 2501 einer mache, so erscheint das Stück
5380 2311 5566 2485 G.C.H.F.P
5345 2450 5577 2610 sse?
4044 2466 4928 2642 Hochachtungsvoll
3408 2475 3909 2624 im Druck.
4450 2566 5162 2740 Albert Schmabak
5352 2605 5573 2742 838.8
3406 2675 5111 2902 (Brief II soll Schick oder sonst was
5338 2731 5603 2858 35 5/4
3417 2840 3997 2988 abschreiben)
5206 2828 5603 3030 v&a soe ee
4120 2863 5014 3081 S. Fischer Berlin
3673 2946 4081 3111 III Herrn
5213 2963 5607 3125 JT 320’2
3415 3009 5016 3192 Geehrter Herr - Ich sende Ihnen
3396 3144 5074 3332 heute das Manuscript eines & artigen
