4776 4248
372 499 2328 661 Sie haben ja auch schon welche, mein lieber
377 604 2255 758 Freund – und werden in vorsichtigem
389 746 2221 891 Verkehr mit ihm bleiben. Er muss auch
399 863 1070 993 schlau schweigen.
427 928 2298 1080 Zunächst will ich also Ihre Meinung über
419 993 2238 1160 Albert Schnabels 4 artiges Schauspiel „Das
404 1078 2273 1280 Ghetto hören. In diesem besonderen Falle
404 1195 2360 1330 haben Sie mir mit aller Brutalität die Wahr¬
389 1287 2305 1465 heit zu sagen. Finden Sie es schlecht – heraus
399 1370 2363 1567 damit. Ich vertrage einen Puff. Dieses Beudo¬
397 1452 2298 1644 nymat ist ja für mich der Kugelpanzer.
407 1564 2368 1739 Schon lebe ich in der Schnabelschen Fiction,
414 1677 2191 1831 u. weder Lob noch Tadel wird mich
414 1759 2298 1926 daraus vertreiben. Mein Gedanke ist 4 - 5
404 1829 2248 2013 Stücke in 4 - 5 Jahren auf diese Weise
404 1894 2300 2123 zu publiciren - u. mich während der Zeit
394 2021 2405 2211 als Journalist verachten oder von Reclamehubern
407 2141 1607 2278 im Arch lecken zu lassen.
402 2156 2308 2390 Zum Stück habe ich nur zu bemerken, dass
414 2300 2285 2478 ich Ihnen den premier jet geschickt. So ist
414 2410 2328 2582 es ganz fertig. Es fehlt nur eine Szene, die ich
419 2495 2333 2670 aus Fachwerken construiren muss. Der Inhalt
429 2595 2318 2784 ist bestimmt and für Sie kurz hineinge:
412 2655 2340 2869 deutet. Fluchtig gemacht ist nur eine Stelle
407 2782 2333 2934 im 2 Art: der samüelische Grundsatz, den ich
412 2852 2380 3009 naturlich auch in eine definitive u. kurzere
414 2984 2193 3166 als die jetzige Form bringen werde.
412 3044 2268 3236 Sonst hängen nur ganz kleine Petzen, die
392 3159 2395 3341 abzuschleifen ich bei der Reinschrift Gelegenheit
387 3276 2288 3408 nehme. Diese Reinschrift habe ich noch
382 3323 2313 3530 nicht gemacht, weil ich auch auf Ihre Be¬
389 3456 2363 3610 denken Rucksicht nehmen will, das mache
2580 417 4566 609 ich dann alles zusammen. Ich bitte Sie also,
2575 581 4513 699 mir das Manuscript gleich nachdem Sie
2577 681 4566 868 damit fertig sind, begleitet von einem
2590 744 4491 951 ausführlichen u. männlich rücksichtslosen
2590 866 4197 1075 Gutachten zurückzuschicken. Adresse:
2962 981 4077 1190 Monsieur Théadore Herzl
3673 1135 4531 1297 Paris, poste restante
3306 1252 4017 1387 an Bureau 37
2620 1362 4538 1567 Und zwar als recommandirten Brief,
2535 1504 3947 1664 wie es meine Sendung war.
2637 1557 4531 1774 Wichtigere u. recommandirte Sendungen
2550 1674 4543 1854 werde ich immer unter dieger Adresse von
2560 1779 4474 1961 Ihnen erwarten. Sie sehen Sie werden
2560 1869 4506 2058 mit mir heute haben. Eine solche Sendung
2575 1966 4578 2148 müssen Sie mir immer in einem gewöhnlichen
2575 2068 4459 2278 Brief anzeigen in Worten, die nur ich
2590 2148 4596 2338 verstehe: "Heute habe ich an Albert geschrieben"
2592 2253 4551 2435 wird für mich die Formel sein dass im
3351 2370 3982 2537 Brief erliegt.
2592 2418 3278 2562 Bureau 37 ein
2602 2423 4523 2640 Diese übervorsicht ist nöthig, denn bei
2592 2555 4551 2749 den Wilddieben ist das geheimniss durch
3361 2665 4484 2847 ausgeplaudert worden!
2607 2722 3301 2887 meine Familie.
3433 2732 4566 2904 recommandirt au meine.
2592 2817 3363 2979 Schrieben Sie nur
3408 2867 4576 2994 so hätte ich bei meiner
2592 2942 3348 3064 Domicil: Adresse,
3413 2939 4493 3129 Verhöre zu bestehen.
2605 3034 3313 3189 Frau unzählige.
3463 3059 4466 3244 auf die Dauer sehr
2612 3141 3418 3286 das wurde mich
2602 3248 3341 3371 nervös machen.
3473 3261 4601 3426 leicht unter Anspielungen
2602 3338 3426 3488 Mittheilungen, die
2597 3368 4496 3585 versteckt. werden können, schreiben Sie
