4776 4329
662 796 2322 987 nicht um eine Stunde über das Nöthige
690 953 1621 1107 hinausgezögert werden.
703 983 2320 1146 Das mannscript von meiner Hand kann
701 1055 2341 1230 ich natürlich nicht einreichen. Ich dachte
716 1152 2337 1322 zuerst daran, es hier auf einer Schreib¬
716 1228 2374 1428 maschine abzuspielen. Das wäre das Beste,
714 1332 2331 1489 auch das leserlichste. Aber ich könnte das
723 1434 2265 1597 bei mir zu Hause nicht, ohne Aufsehen
720 1499 2376 1690 zu machen. Also will ich mein definitives
725 1614 2179 1773 Mannscript in Wien abschreiben lassen.
744 1701 2333 1877 Vielleicht könnten Sie sich eine Schreib¬
744 1788 2389 1979 manhine ausleihen. Hier gibt die Nieder¬
749 1875 2285 2098 lage der Gost = Maschinen auf 14 Tage
753 1981 2326 2150 bis 3 Wochen Maschinen zur Probe ins
764 2075 2333 2250 Haus. Man kann sie dann zurückgeben
766 2172 2313 2339 u. ich hätte in diesem Fall Trinkgelder
783 2263 2307 2441 gegeben oder verrucht ein Leihgeld zu
788 2354 2396 2532 zahlen. Vielleicht können Sie das in Wien
790 2448 2361 2600 auch? Dann wurde ich Sie bitten, von
775 2548 2380 2695 Schick einen intelligenten Abschreiber zu
786 2621 2465 2817 verlangen, der das Spielen auf der Manhine,
807 2717 2365 2882 in einer Stunde heraushätte u. - erst
812 2799 2391 2966 langsam dann immer schneller - das Manu¬
827 2932 1701 3068 kript abklopfen wurde.
807 2982 2374 3164 Geht’s mit der Maschine nicht, so mussten
807 3055 2435 3242 wir uns von Schick oder vielleicht lieber von
2482 699 4229 892 der Universität einen Abschreiber holen. Die
2500 807 4188 979 Wahl des Abschreibers ist wichtig, weil er ja
2504 890 4121 1063 später was verrathen könnte. Darum
2535 933 4095 1152 möchte ich auch nicht, dass das Mscpt
2528 1011 4227 1200 einem Theater-Abschreibe: Bureau übergeben.
2541 1109 4151 1322 werde. Der Schreiber nun bei Ihnen
2535 1178 4108 1387 sitzen - ich mache Ihnen viel muhe.
2548 1265 4153 1450 denn ich wollte nicht, dass das msept
2565 1350 4145 1539 aus Ihren Händen komme. Natürlich
2556 1426 4199 1628 muss er eine wunderschöne, sehr klare
2552 1534 4164 1693 sehr leserliche Schrift haben. Bezahlen
2550 1614 4095 1823 Sie ihn reichlich, lieber Freund und
2587 1690 4195 1884 theilen Sie mir gütigst sofort alle Ihre
2565 1779 4201 1996 Auslagen mit, denn kosten darf Sie die
2587 1914 3561 2053 Sache mindestens nichts.
2602 1949 4108 2142 damit die Abschrift recht schnell fertig.
2604 2042 4238 2200 werde, will ich das Mscpt in mehreren
2619 2098 4245 2311 Bruchstücken an Sie absenden. Der Schreiber
2641 2198 4177 2378 soll sofort nach Eintreffen des ersten
2641 2281 4134 2498 anfangen. Wenn alles fertig, bitte ich
2632 2344 4303 2543 sie die Reinschrift von einem Buchbinder
2617 2433 4227 2643 brochiren zu lassen, dem aber nur ein
2643 2515 4277 2734 paar Stunden Zeit gelassen werden durfen,
4386 2591 4596 2710 peut-être et se
2645 2624 4258 2808 damit er das Buch nicht lese. Natürlich
2654 2708 4095 2897 ein Buchbinder, der Sie nicht kennt.
2665 2771 4275 2958 das sind vorläufig alle meine Wunsche.
2667 2882 4032 3047 mache ich Ihnen zu viel muhe?
4433 2884 4533 2979 01
2673 2969 4255 3142 Ich bitte Sie auch um den vollen Namen
4453 2995 4642 3099 :T:K:L:S:
2673 3049 4316 3218 Schicks, den ich für den Begleitbrief braucht.
