4776 4248
690 798 2275 998 Vertrauen zum Verfasser haben
696 939 2182 1093 um darüber hinauszukommen.
677 1047 2300 1209 Dieses Vertrauen habe ich, haben
673 1156 2306 1289 die, die Sie kennen schon heute.
682 1255 2327 1435 Die Viele werden es erst haben,
671 1359 2300 1555 wenn sich Ihre glänzende Lauf¬
654 1494 2205 1656 bahn in der Literatur erfüllt
667 1648 1289 1781 haben wird.
677 1699 2336 1891 Nicht als ob ich gegen die grisaille
654 1812 2241 2036 dieses Anfangs empfindungslos
673 1929 2224 2150 ware. Das ist fein wie das
667 2051 2258 2262 Gänze, aber es gibt Grenzen in
684 2167 2315 2351 der Weinheit. Darüber werden
688 2304 1876 2479 wir später nach reden.
732 2393 2213 2585 Ihre ganze Novelle ist eine
692 2486 2298 2713 feine Arbeit in Grau. Aber eben
698 2612 2325 2811 deshalb hätte ich für den Anfang
694 2724 2184 2929 lebhaftere tarben gewünscht.
696 2808 2334 3011 Bedenken Sie, was in Ihre Arbeit
707 2916 2296 3144 hineingekommen wäre, wenn wir
713 3011 2351 3262 diesen Felix in der Gestalt kennen
2642 521 3771 673 Ce spous' avec pouvoir y Coppon
2551 755 4163 950 gelernt hätten, in der er Marie
2534 842 4233 1063 verführte. So ist es nur der letzte
2532 975 4123 1156 Akt einer Tragödie. Ich kann
2545 1072 4093 1251 nur wohl denken, dass der Arzt
2543 1190 4142 1369 in Ihnen gegen ein bruskeres
2545 1285 4239 1477 Auftreten der Krankheit protestirt,
2564 1393 4100 1629 der Arzt der sich im Uebrigen
2576 1498 4127 1684 - was ich zuerst mit Erstaunen
2566 1627 4011 1794 dann verstehend bemerkte -
2578 1751 3648 1912 so discret zuruckhält.
2574 1842 4201 2017 Also das Liebesbacchanal war zu¬
2578 1939 4123 2135 vorderst zu zeigen - so kurz Sie
2587 2032 4163 2232 wollen, da es sich nicht darum
2587 2167 4100 2367 handelt - deux menschen kann
2604 2247 4026 2443 man nur aus ihrer Geschichte
2614 2353 4285 2555 verstehen, bedauern und bewundern.
2768 2441 4292 2659 Die übers übrige Buch vertheilten
2600 2600 4157 2819 überflüssigen Seiten sind leere.
4359 2633 4621 2739 OUWSTA
2595 2684 4195 2893 Stellen, wiederholungen die nicht
2597 2815 4197 2998 als solche beabsichtigt sind und
4332 2899 4625 3011 Ot et
2593 2935 4186 3127 eine ganz kleine Mänier in der
4313 2984 4665 3135 L'œuvre.
