4792 4248
1926 120 2069 219 18
2575 440 4364 788 eines feuerfesten, wasserdichten Freundes, der
1427 618 1571 790 14
2593 668 4260 861 mir sein förmliches Ehrenwort gibt, zu
1766 701 2252 823 8, RUE DE MONCEAU
513 722 1117 901 NOUVELLE PRESSE LIBRE
2617 755 4456 940 schweigen u. mit keiner Miene zu verrathen,
1780 816 2347 950 8 November 1894
2638 858 4449 1044 was er weiss, bevor ich ihn ebenso förmlich
677 863 971 995 D' TH. HERZL
2655 973 3724 1152 des Ehrenwortes entlasse.
2671 1072 3595 1234 Wollen Sie das thun?
2664 1131 4345 1314 Ich muss Ihnen vorhersagen, dass es mit
663 1089 1524 1305 Mein lieber Schnitzler!
2673 1185 4456 1397 einiger Mühe für Sie verbunden sein wird.
614 1192 2408 1434 zu dieser Unternehmung brauche ich einen gentleman
2676 1319 4364 1488 Wenn das Preudonymat undurchdringlich
536 1307 2339 1519 und Künstler. Ich habe an Sie gedacht. Die Sache
2695 1401 4366 1611 bleiben soll, so muss ein ganzer Roman
2695 1479 4380 1695 erfunden u. durchgeführt werden. Ich will
550 1486 1023 1613 ist folgende.
618 1512 2361 1672 ich habe ein neues Stück geschrieben – in einem
2709 1561 4456 1799 einen sehr gewöhnlichen Namen als Preudonyne
536 1636 2337 1775 Rausch, den Ihnen die Herstellungszeit sagen wird.
2716 1676 4449 1867 wählen, zum Beispiel Albert Schnabel. Dieser
555 1719 2356 1843 Der erste Art wurde begonnen am 21 october der
2727 1766 4373 1956 Albert Schnabel hat bisher in Wien gelebt
567 1810 2426 1923 vierte, letzte beendigt am 8 November. Also siebzelne
2742 1865 4322 2074 und reist jetzt nach Italien, um
564 1895 2271 2031 tage. Ist’, gut oder schlecht geworden - ich
2742 1933 4409 2161 Kunststudien zu treiben. Er reicht das Stück
593 1992 1775 2130 weiss es nicht. Wer weiss das?
2739 2036 4425 2229 dem Deutschen Theater in Berlin ein — Post¬
604 2031 2325 2241 Aber die Stimmung, die ich sonst während des
2732 2144 4399 2328 packet in Wien aufgegeben – mit folgendem
597 2151 2363 2332 Schreibens u. nachher immer hatte, ist stärker
593 2267 2297 2438 als jemals. Sie besteht darin, dass ich neben
2725 2271 4303 2457 Begleitbrief: die Direction wird ersucht
590 2356 2307 2525 dem leidenschaftlichen Wunsch, mein Werk der
2730 2342 4449 2521 sich binnen vier Wochen über die Annahme
595 2464 2342 2619 Welt mitzutheilen den noch viel, viel leiden
2718 2436 4376 2648 zu entscheiden. Nimmt sie das Stück an, so
590 2530 2304 2685 schaftlicheren habe, mich zu verbergen u. zu
2718 2544 4484 2758 hat die Aufführung innerhalb zweier Monate
595 2610 2415 2793 vergraben. Es ist Hochmuth, Feigheit oder Scham,
2730 2640 4430 2859 zu erfolgen. Der Vertragwurf ist dem
595 2720 1850 2913 oder was Sie wollen. Es ist so.
2730 2758 4503 2972 bevollmächtigten Wiener Notar oder Advocaten
602 2807 2455 3017 Im besonderen Fall dieses Stückes will ich meine
2718 2847 4378 3052 X.Y. zuzusenden. Lehnt sie es ab, so wird
581 2899 2476 3101 Geschlechtstheile noch mehr verborgen, als irgendwanns
2720 2941 4446 3174 sie gebeten es mit diesem Begleitbrief an
604 2979 2379 3193 Das Stück hat einen ganz besonderen Charakter,
2732 3050 4347 3271 das lessingtheater ### des kleiden xxx
602 3097 2118 3264 Sie werden es sehen, wenn Sie es lesen
2739 3132 4477 3367 abzugeben. Dieses hat dieselben Bedingungen.
609 3214 2417 3355 Ich will also nicht als Autor bekannt werden,
2737 3261 4510 3466 Lehnt es auch ab, so geht das Stück aus Berliner
604 3275 2443 3494 wenigstens vorläufig u. durch einige Monate oder
2744 3365 4439 3548 dann aus Neue Theater. Will keins der
611 3376 2452 3569 Jahre nicht. Und dazu brauche ich die Mithilfe
