4746 4249
432 731 2092 906 regulären Theater es spielen, so ists der
432 818 2140 1039 Freien Bühne zu geben. Lehnt auch diese
441 917 2152 1108 ab, so ist das Stück an den Advocaten
437 1023 2117 1216 oder Notar zurückzusenden: Dann wird es
434 1198 1253 1329 im Druck erscheinen.
432 1253 1873 1455 In Wien wird es nicht eingereicht.
451 1414 1257 1549 Was sagen Sie dazu?
451 1448 2060 1646 Wenn Sie sich bereit erklären, mich zu
439 1552 2149 1772 unterstützen, bitte ich Sie auch mir einen
430 1662 2067 1848 Notar oder Advocaten zu nennen, zu
437 1768 2218 1945 dem Sie volles Vertrauen haben. Mit diesem
448 1841 2094 2027 werden Sie allein verkehren. Er wird
455 1929 2136 2126 nur Sie kennen und die Verrechnungen,
455 2046 2122 2262 die an ihn kommen an Sie abfuhren.
648 2198 2168 2379 Auf diese Art erfährt Niemand, wer
423 2326 1119 2519 der Verfasser ist.
628 2368 2159 2600 Das liebe ich sehr. Es ist auch nicht
434 2487 2207 2719 unpraktisch. Denn da ich den Einfluss, den
448 2588 2182 2772 ich aus der Zeitung ziehen könnte, nie
469 2678 2186 2919 für mich verwende ist es gleichgiltig ob
1046 2703 1598 2809 (Beispiel die Hasse)
455 2788 2221 3011 mein Name auf dem Stück steht. Da, wenn
478 2908 2232 3129 ein von mir gezeichnetes Stück irgendwo
485 3021 2248 3218 aufgeführt wird, glauben dennoch Viele, dass
467 3122 2232 3352 ich mir es "gerichtet" habe. Andererseits
471 3237 2230 3448 habe ich nicht mit Vorurtheilen, die sich
2487 559 4172 821 an meine fruhere production heften,
2485 807 2832 929 kämpfen.
2487 795 4262 1011 So ist dieser Entschluss nach vielen Richtungen
2515 949 4214 1142 hin überlegt. Es war mein Vergnügen
2506 1011 4165 1209 während dieser glücklichen siebenzelne
2533 1131 4191 1333 Tage, mir neben, unter u. über dem
2522 1200 4250 1409 Stück diesen Verfasser loman auszuspinnen.
2742 1315 4299 1476 Vielleicht habe ich mich wieder geinst?
2536 1386 4214 1614 Die Glösse scheint ein solcher Irathum
2549 1513 4223 1699 gewesen zu sein, denn alle Theater wo
2545 1586 4310 1807 sie bisher eingereicht worden, haben sie
2563 1788 2975 1936 abgelehnt.
2529 1878 4329 2119 Es ist möglicherweise dumm, dass ich die
2653 1878 3191 2009 tragezeichen.
2533 1954 4310 2188 Canaillen der Theaterdirection nicht auf die
2531 2039 4285 2315 gemeine Art der Anderen zwinge, mich zu
2524 2165 4354 2400 spielen. Wäre ich überzeugt, dass meine Werke
2552 2239 4384 2485 es werth sind, so wurde ich aus einer höheren
2540 2354 4306 2572 Kunstlermoral heraus auch zu Mitteln greifen,
2545 2441 4395 2703 die mich anwidern. Aber diese Ueberzeugung habe
2547 2565 4391 2754 ich nicht – der Productionsraumte ist was anderes
4455 2614 4611 2724 MIST:
2703 2650 4420 2857 und ohne solche Ueberzeugung wär's blos gemein.
2703 2715 4255 2975 Antworten Sie mir in recommandirtem,
2563 2855 4411 3080 Brief – und schweigen Sie mir über diesen, wenn
2554 2908 4306 3129 Sie nicht mitthun wollen. Nun Sie aber mit
2570 2988 4287 3248 so habe ich ein Recht nicht nur auf Ihr
4473 2984 4586 3129 ep.x
2570 3067 4289 3312 Stillschweigen, sondern auch auf alle Ihre List
2595 3147 4400 3400 und Vorsicht bis in die kleinsen zuge, damit
2563 3248 4368 3471 das was nur Sie und ich wissen ein volles
3416 3395 3940 3595 Herzlich Ihr
2581 3434 3267 3609 Geheimniss bleibe.
3988 3411 4241 3572 Th. H
4119 3634 4342 3786 G.C.H.F.P
