4777 4344
2020 530 2128 638 I.
1391 550 3075 810 Vorbemerkung für den Direction
1321 813 3474 1037 Der Verfasser täuscht sich nicht über die Schwie¬
1289 910 3454 1151 rigkeiten, mit welchen dieses Stück zu kämpfen
1258 1071 3469 1309 haben wird. Es nimmt zu einer heißen Zeitfrage
1264 1182 3505 1403 das Wort. Das kann die Aufführung freilich eben¬
1272 1298 2871 1522 sowohl erleichtern als erschweren.
1309 1400 3505 1632 Der Verfasser weiß auch, daß sein in der Litera¬
1287 1525 3565 1780 tur bisher unbekannter Name keine Empfehlung
1312 1663 3375 1879 ist. Es gefört Verurtheilstosigkeit Kazu, ein
1315 1788 3588 2020 solches Werk aufmerksam zu lesen. Der Verfasser
1346 1904 3585 2128 vertragt aber noch mehr, und muß es vortan¬
1306 2026 3571 2301 gen. Er fordert eine Entscheidung über die An¬
1318 2176 2618 2389 nehme binnen kurzer Zeit.
1454 2241 3573 2471 Dieses Stück darf nicht durch theatermäßige Vor¬
604 2284 717 2443 no
1340 2375 3446 2627 schleppungen um eine nutzbare Zeit gebracht
1374 2485 3588 2715 werden. Ist die Aufführung nicht bald zu errei¬
1360 2593 3610 2865 chen, so wird das Werk einfach als Buch erscheinen,
1355 2735 3596 3007 genau in seiner vorliegenden Form, vom ersten
1366 2890 3525 3080 Worte dieser Verbemerkung angefangen bis
1383 2998 3647 3250 zum Ertzten "Der Vorhang fällt". Dann wird das
1394 3080 3579 3358 Publicum ohnehin erfahren, was der Verfasser
1374 3250 3656 3480 sagen will. Und Karauf kommt es wesentlich
1397 3469 1573 3647 an.
1547 3471 3644 3704 Die Directoren dreier Bühnen erhatten das
3636 550 3809 683 G.H.F.P.
3718 700 3834 791 G.C.F.P
3718 799 3936 980 10z00
3644 1077 3984 1190 Præsnes
3715 2488 3962 2607 G.C.K.P.
4007 2474 4092 2607 G.C.P.
4534 2553 4639 2723 P.S.
3721 2562 4404 2740 perve est. arrivera.
4562 2712 4653 2845 D.F.P.
3724 2706 3981 2873 TA0x00
4052 2800 4667 2984 peue et aiua soe
3752 2956 4690 3134 paerans rueuspt1/7 S20
