4548 4295
2442 390 4299 704 Soll ich gerade dort wo es mir Niemand
1218 562 1369 751 18
1448 585 2106 756 8, RUE DE MONCEAU
2444 606 4308 863 glauben wird lauter wunderedle Menschen
371 655 970 865 NOUVELLE PRESSE LIBRE
2442 723 4247 975 sehen u. zeigen? Vein, Freund, das geht
1661 746 1978 872 17. XII. 24
515 826 828 931 D' TH. HERZL
2435 884 4294 1047 nicht. Ich will mich auch nicht mehr emas¬
2785 940 4210 1185 irgend einem Erfolg zu Liebe.
471 994 1285 1197 Mein lieber Freund!
2433 1022 2720 1164 culiren.
2437 1103 4201 1316 So vorig meine Augen überhaupt sehen
455 1120 2181 1311 Dank für Ihren lieben Brief. Aber was
3179 1185 4236 1358 schon gemacht. Ich will
441 1260 2214 1423 sind Sie für ein Vernachlässiger von
2437 1250 3119 1395 können, war“.
3968 1269 4247 1458 Rettung
3184 1309 4012 1500 Vertheidigung oder
2440 1362 3098 1488 durchaus keine
432 1390 2214 1560 Details! Haben Sie eine Maschine oder
3212 1420 4171 1586 ich will die Frage
2447 1474 3135 1621 der I. machen
441 1474 2160 1668 werden Sie eine kriegen? Der Copist
3207 1521 4233 1677 Macht zur Discussion
2444 1574 3126 1717 nur mit aller
446 1598 2193 1791 kann ja schon anfangen, sich einzuuben.
2451 1595 4157 1861 stellen! Die Kritiker und das Volk
460 1700 2209 1903 Geben Sie ihm ein Buch zum Abspielen.
2456 1700 4331 1962 sollen dann vertheidigen oder anklagen.
460 1857 2160 2029 Sie werden morgen, spätestens über¬
2470 1861 4215 2064 Komm ich auf die Bühne, so ist der
2883 1899 3002 1997 nur
483 1915 2307 2160 morgen den Anfang zugeschickt bekommen,
2468 1978 4208 2181 zweck erreicht. Was weiter geschieht
492 2048 2202 2237 vielleicht schön die ganzen 2 Gute.
2482 2097 4180 2263 ist mir Wurscht. Ich pfeif auf das
485 2127 2169 2351 das Feilen wird nur sauerer als
2500 2195 4203 2414 Geld obwol ich beinahe keines und
501 2256 2300 2447 das Schreiben, das so begeistert war.
2489 2286 4238 2538 auf den Ruhm obwol ich gar keinen
732 2332 2256 2540 eine fehlende cene im 2 Akt.
2825 2402 4280 2603 Ich will gar kein sympathischer
506 2451 676 2559 Die
751 2475 2225 2675 ich gar nicht heraus. Na, ich
2491 2482 2792 2624 habe.
2477 2547 4254 2729 Dichter sein. Aussprechen will ich mich
501 2554 714 2738 krieg
501 2603 1957 2806 setz mich an. Es muss gehn.
2512 2622 4334 2857 von der Leher u. vom Herzen weg.
476 2699 2328 2932 selyt wo ich die Sache wieder durch.
2521 2717 4245 2962 Wenn dieses Stück in der Welt ist,
1936 2790 2237 2913 I have
485 2815 1854 3016 lebe könnt ich besser auf
2538 2860 4264 3067 wird mir leichter um Herz und
473 2923 2260 3133 ersten Einwendungen antworten. Ich
2524 3007 3165 3158 Leben sein.)
2540 2969 4350 3224 Was aber Ihr feiner Dichtersinn richtig
476 3067 2349 3235 finde nicht, dass zu wenig "sympathische"
2535 3158 4266 3415 herausgefunden hat, ist: dass im Stuck
480 3158 2214 3333 Figursu da sind. Und wenn auch,
476 3305 2328 3452 soll ich meine misanthropie fälschen?
