3416 4152
2690 490 2831 637 40
845 593 2889 848 ich hätte Lust dir den Hof zu machen.
2548 765 2792 842 min
2277 742 2449 845 gil
837 812 2928 922 „Erspar dir die Mühe „Paul, xxxm dör lie-
825 936 2792 1066 ber eine Zigarette.“ „Aber mit Wonne
828 1114 3050 1260 „Dank schön."ie ist das Single ausgefallen?
834 1241 2886 1407 „Frau Sissy hat mich dreimal hinterinan
823 1413 3011 1579 der geschlagen. „Er war nämlich zerstreut
825 1543 2859 1753 Wisen Sie übrigens, Else, dass morgen der
2174 1731 2933 1831 hier ankommt?"
820 1720 2053 1911 Koonprinz von Griechenla
2094 1734 2183 1850 1d
2174 1806 2271 1911 G.F.P
809 1881 2911 2003 Was geht mich der. Kreuprinz von Griechen
820 1983 2803 2161 land an.„So wirklich“. Oh Gott,Dorsday
801 2136 3019 2302 mit Frau Winawer. -ie grüssen, sie gehen wei-
806 2335 2834 2471 ter, ich habe zu höflich zurückgegrüsst,
814 2487 3036 2618 ganz anders als sonst. Was bin ich für eine
798 2623 2917 2753 Person. -Deine Zigarette brennt ja nicht
798 2795 2850 2936 Else. „Also gib mir noch einmal Feuer.
809 2931 2856 3069 „Ein wunderbarer Shawl,Else. Ich hab ihn
795 3125 2897 3277 schon gestern bewundert, zu der schwarzen
792 3255 2881 3460 Kleid steht er Ihnen fabelhaft. Uebrigens
787 3421 2792 3601 muss ich mich auch umziehen. "-Sie soll
787 3548 2740 3709 noch nicht weggehen, ich hab Angst vor
787 3712 2778 3895 Dorsday. „Es ist ja noch Zeit“. - „Abor
