3480 4312
2497 572 2672 775 131
783 727 2476 1002 zurück? Andern Brief -an norsday
745 936 2631 1131 schreiben? „Ich erwarte sie in meinem
730 1083 2677 1279 Zimmer um Mitter nacht. bringen Sie die
755 1182 2792 1472 Depesche an Ihre Bank mit. Er könnte es
753 1411 2693 1566 für eine Falle halten. Es könnte auch
763 1546 2698 1739 eine sein. Ich könnte Paul bei mir ver
755 1658 2797 1925 steckt haben und wir könnten ihnmit dem
755 1869 2693 2067 Revolver zwingen die Depesche zu über
793 1991 2754 2212 geben. Erpressung. Ein Verbrecherpaar.
803 2192 2764 2380 Wozu? Lieber ein reinlicher Handel. Wo
1584 2311 1678 2398 1
768 2301 2812 2537 ist Dorsday? (dat er sich (vielleicht) aus
768 2464 2766 2703 Reue umgebracht? Woher bekäme ich dann
778 2611 2713 2853 die fünfzigtausend Gulden?) Vielleicht
824 2771 2827 3020 ist er im spielzimmer. An einem Karten
770 2947 2680 3125 tisch. Taun deut ich ihm von der Tür
778 3074 2759 3300 geb ich ihm von der Tür mit den Augen
778 3247 2634 3478 ein Zeichen Er steht auf.Bitte, mein
778 3402 2815 3623 Fräulein. Kommen sie,Herr von Dorsday,
781 3570 2715 3765 wir wollen ein wenig promenieren.-Wie
803 3755 2792 3903 es Ihnen beliebt, Fräulein Else. Wir ver¬
