6600 4248
506 544 2932 788 Souper Poker gespielt.Nein, alles das undurchführbar.
567 778 2904 928 Warum nicht einfach Dorsdals Wunsch erfüllen, Was
615 925 3019 1053 liegt daran? Nein, nein,nein. Oder doch. Irgend ein
567 1034 3137 1200 Engagement annehmen in einem Variété' Herr Dorsdaw könn
583 1213 2923 1386 könnte ja auch dabei sein. Aber vor ihm allein nie
586 1345 2033 1540 undnimmer. Aber es musste sein.
919 1466 3089 1665 Nun kommt noch ein Telegramm von ihrer Mutter,
586 1617 2913 1825 Angelegenheit höchst dringlich, Aufschub underkbar.
579 1786 2910 1966 Sie weinte vo r Zorn. Ihr innerer Widerstand immer
643 1927 2968 2151 grösser. Plötzlich hasst sie ihre Mutter. Nur ihr
608 2097 2884 2266 Vater liebt sie immer weiter wie ein Kind. Ja, sie
637 2241 2923 2439 wird es tun, aber anders, als es sich Herr Dorsda¬
615 2427 2971 2593 vorstellt. Es wird eine Neusationsein. Und wenn sie
608 2545 2836 2711 sie auch mit dem Leben bezahlen muss. Warumdenn?
621 2711 2948 2865 Welche Uebertriebenheiten' Sie verliert sich immer
618 2865 3038 3048 weiter in den Wald. Um acht Uhr ist das Souper,Diner
615 2984 3086 3163 nennen sie es hier. Was für Leute Was gehen sie alle
615 3163 3099 3323 an' Verachtung gegenüber Paul. Wie wenn sie ihm ihren
634 3284 2961 3467 Plan mitteilte. Schade, dass Fred nicht hier war.Er
634 3467 3073 3624 wurde es begreifen. Sie erinnert sich an das Theater
666 3605 2945 3842 spiel mit ihm. Was wird uberhaupt aus ihr werden
3573 407 4104 615 20/10.1823
3502 541 4142 784 (18.12.1922)
4350 583 5497 852 Sie dollnellod nehmer
4559 823 4898 1031 willst
5833 832 6012 1076 ne
3870 957 4162 1130 ### 1 m
6246 957 6412 1092 een
4280 944 6396 1140 „Du spielst wirklich nicht mehr weiter?"
3838 1088 4120 1271 G.H.F.P
4267 1130 6207 1319 „Nein, Paul, ich kann nicht mehr.Adieu.
5980 1287 6255 1396 Aber 4
3957 1252 4146 1402 dol
4254 1261 6361 1546 Auf Wiedersehen,gnädige Frau".- Sagen¬
4283 1434 6191 1607 Hier doch Frau Sissi, oder lieber noch
4245 1591 6194 1748 SÄhr!“ waräufg Skönesdohdunn-Esahon 1842
4302 1700 6214 1905 Sossi.-Auf Wiedersehen,
4245 1838 6274 2078 Frau Sissi“. — „Aber warum gehen Sie denn
4232 2007 5999 2142 schon.Else, es sind noch zwei volle
4277 2151 6201 2366 Stunden bis zum Dinner. —.S Bielen Sie
4216 2302 6191 2471 nur Ihr Single mit Paul,Frau (issi,mit
4203 2433 6105 2683 mir ist s doch heute wahrhaftig kein
4216 2593 6063 2830 Vergnügen. -.Lassen xxxe sie,gnädige
4194 2763 6118 2932 Frau, sie hat heut ihren ungädigen Tag,
4203 2836 6060 3099 steht dir übrigens ausgezeichnet zu
4190 3048 6060 3220 Gesicht, Else, das Ungnädigsein. Und der
4194 3230 6022 3422 rote Senaux Swester noch besser.
4184 3384 5999 3624 „Bei blau wirst du hoffentlich mehr
4184 3521 5474 3749 Gnade finden, Paul.Adieu :
4514 3688 6047 3928 Das war ein ganz guter Abgang
