6632 4280
5955 514 6121 688 92
2725 548 2891 722 91
4242 661 6145 846 zogen, dass ich mich verkaufe,so oder
1014 656 3020 877 Und wir lägen auf den Marmorstufen, die
4237 801 6213 1014 so.Vom Theaterspielen haben sie nichts
1030 864 3080 1004 ins Wasser führen und er hielte mich in
4227 967 6203 1180 wissen wollen, da haben sie michbaasge-
1022 1038 3091 1141 seinen Armen und bisse mich in die Lip¬
4227 1094 6187 1333 lacht. Und es wäre ihnen ganz recht ge¬
1022 1157 3144 1315 pen, wie es Albert vor zwei Jahren getan
4216 1291 6248 1457 wesen im vorigen Jahr, wenn ich den Di¬
1009 1296 3109 1476 hat beim Klavier, Herrgott, war das schön!
4221 1391 6227 1628 rektor Willomitzer geheiratet hätte, der
999 1462 2859 1586 Aber Paul sollte es sein - oder ich
4203 1597 6232 1813 bald fünfzig ist,nur, dass sie mir nicht
1012 1628 3112 1742 wäre allein, das wär noch schöner. Ich
4195 1734 6129 1918 zugeredet haben.Da hat sich der Papa
1004 1755 3062 1939 läge am Meer und würde warten, ich wüss¬
4179 1918 6161 2124 doch geniert. Aber die Mama hat Anspie-
1004 1902 3099 2105 te noch gar nicht wer käme oder es kämen
4184 2013 4938 2192 lungen gemacht.
999 2026 3062 2242 drei, vier und ich hätte die Wahl und die
4522 2169 6198 2398 Nur mehr hundert Schritte zum Ho-
980 2248 2930 2377 Andern stürzten sich aus Verzweiflung
4166 2356 6042 2580 tel.Wie es leuchtet,wie riesig es da
999 2393 2993 2511 ins Meer. Oder sie müssten Geduld haben
4142 2527 6076 2696 steht.wie eine ungeheuere Zauberburg.
980 2582 2935 2688 bis zum nächsten Tag. Ach, was wäre das
4129 2564 6129 2827 Äldes ist so riesig - die Berge - man
993 2714 2985 2827 für ein köstliches Leben. Wozu habe ich
4137 2814 6111 3017 könnte sich fürchten. Noch nie warensie
970 2880 2841 2988 denn meine herrlichen Schultern und
4124 2983 6095 3141 so schwarz. Der Mond ist noch nicht he-
957 3001 2978 3167 meine schönen schlanken Beine. Und wozu
4121 3133 6047 3307 raus.Ah, der geht erst zur Vorstellung
957 3162 3014 3288 bin ich denn überhaupt auf der Welt?nd
4111 3236 5947 3439 auf, zur grossen Vorstellung auf der
954 3341 2978 3457 es ist noch immer nicht so schlimm als
4090 3352 5981 3610 Wiese,wo der Herr von Dorsday seine
943 3412 2941 3623 Mündelgelder zu veruntreuen,und es ge-
4074 3520 5989 3805 Sklavin nackt tanzen lässt. Was geht
964 3576 2959 3781 schähe ihnen ganz reht,ihnen allen, sie
4068 3647 6087 3929 mich werr Dorsday an.Es war ja doch al
993 3786 2885 3947 haben mich ja doch nur daraufhin er-
