6664 4280
5819 383 5978 547 57
2676 496 2832 679 56
4002 523 6142 709 lächle ich ihn dann an? Er soll nicht am
779 666 2827 860 stellt den einen Fuss auf die Bank.Soll
4013 687 6010 870 End glauben -: Wenn man wenigstensan -
779 835 2911 1016 das elegant sein oder wie?- „Ich kann mir
3997 857 6150 1062 nehmen dürfte, mein liebes Fräulein Else,
4317 970 5032 1073 mit dieu sicu
5476 989 6034 1070 gethan wäre
4007 1062 6058 1167 dass damit wirklich etwas erreicht wür-
784 968 2671 1159 schon denken, liebe Else“ - Wie seine
4002 1129 6155 1310 de. Aber Sie sind doch ein so kluges Ge-
771 1116 2752 1304 Stimme klingt,ganz anders,merkwürdig.-
795 1312 2889 1485 „Und auch ich habe mir schon manchmal ge-
4010 1329 6142 1469 schöpf,Else. Was wären diese dreissigtau-
773 1426 2814 1679 dacht: Schade, schade um diesen genialen
4007 1482 6093 1593 send Galden? Ein Tropfen auf einen heis-
784 1617 2822 1798 Menschen."- Warum sagt er schade. Will
3997 1652 6050 1814 sen Stein. - Um Gottewillen,er will das
790 1752 2946 1916 er das Geld nicht hergeben? Nein, er meint
4007 1776 6147 1943 Geld nicht hergeben? Ich darf kein so er-
773 1962 2916 2116 es nur im allgemeinen. Warum sagt er nicht
4013 1935 5991 2118 schrockenes Gesicht machen. „Nein,Herr
773 2070 2851 2237 endlich: Ja? Oder nimmt er das als selbst-
4007 2081 5961 2226 von norsday, das glaube ich nicht, dass
776 2229 2733 2412 verständlich an. Soll ich ihm einfach
4002 2205 5916 2380 es nur ein Tropfen-auf einen heissen
779 2388 2841 2558 danken, als hätte er schon Ja gesagt? Wie
3991 2380 6104 2566 Stein - Nach dem Brief von Mama kann ich
757 2493 2819 2692 er mich ansieht, ekelhaft! Warum spricht
4002 2552 6137 2703 das nicht glauben. Und der Prozess Erbes
773 2676 2927 2824 er nicht weiter? Ah, weil die zwei Ungarin-
3983 2673 6050 2827 heimer steht ja bevor „vergessensie das
773 2838 2841 2991 nen vorbeigehen. Nun steht er wenigstens
3983 2822 6137 3018 nicht.Herr von Dorsday. Auch habe ich die
760 2994 2757 3164 wieder anständig da,nicht mehr mit dem
3983 2983 6104 3194 Absicht,bitte lachen sie nicht,Herr von
765 3105 2708 3291 Fuss auf der Bank; die Kravatte ist zu
3983 3153 6137 3344 Dorsday,mit Papa zu sprechen,-sehr ernst-
749 3293 2827 3450 grell für einen älteren Herrn.Sucht ihm
3972 3280 6099 3463 haft - er hält etwas auf mich - ich darf
757 3425 2841 3606 die seine geliebte aus? Nichts besonders
3991 3468 6153 3614 sagen,wenn jemand einen gewissen Einfluss
1065 3582 1445 3676 vater un
760 3603 2692 3803 Feines, schreibt Wama. Dreissigtausend
3919 3619 5978 3827 auf ihn zu nehmen imstande ist, so bin
773 3765 2657 3967 Gülden, dreissigtausend gulden.-Warum
