6568 4248
2601 548 2783 706 13
880 627 2993 846 Mundliebes Kind, du kaunst mir glauben, wie
1107 896 2967 1007 leid es mir tut, dass ich dir in dei-
1109 1025 2888 1162 se schöne Ferialwochen" - als wenn
2390 1125 2788 1223 - lend -
1094 1202 2917 1357 ich nicht immer Ferien hätte -.mit
1115 1302 1275 1394 G.C.F.P.
1099 1312 2991 1531 einer so unangenehmen Nachricht hi-
2538 1420 2970 1528 so schlber
1101 1515 2972 1615 neinplatze“-akt einen wie schlechten
1101 1618 2949 1763 stil schreibt Wama - aber nach reif-
1112 1794 2927 1926 licher Erwägung bleibt mir wirklich
1117 1960 2709 2082 nichts anderes übrig.-Also kurz
1154 2121 2970 2232 und gut, die Sache mit Papa ist akut
1094 2190 3004 2387 geworden. Ich weiss mir nicht zu raten
1107 2422 2788 2548 noch zu helfen. -Wozu die vielen
1112 2538 2935 2748 worte.-Es handelt sich um eine ver-
1109 2661 2777 2922 hältnismässig lächerliche Summe,
1107 2883 2856 3007 dreissigtausend gulden, die der Pa-
1099 2964 2964 3220 pa absolut nicht auftreiben kann und
2538 3109 2814 3204 Sall
1101 3199 2959 3302 die in spätestens drei Tagen da sein
1104 3302 2972 3515 müssen sonst ist alles verloren. Um
1112 3478 2904 3602 Gotteswillen was heisst das? -.Denk
1109 3642 2964 3855 dir, mein geliebtes Kind, dass der Ba-
5594 311 5752 485 15
4076 356 4838 540 dom et het
4103 490 5831 667 Kleinigkeit. Der Papa hat aber da
4074 574 5834 875 mals einen Revers unterschrieben,
5676 653 6203 833 uns avec le
4095 746 6016 957 dass er niemals wieder an die Laute,
4113 899 5918 1104 speziell an den Onkel Bernhard he-
4132 1041 5981 1336 rantreten wird" - na weiter,weiter,
4126 1175 6116 1431 wo will denn das hin, was kann denn ich
4142 1375 5945 1573 dabei tun?—.Der Einzige,an den man
4150 1536 5897 1813 eventuell noch denken könnte, der
4166 1655 6079 1887 sich vielleight in dieser verzweifel-
4176 1805 5968 2045 ten Situation doch entschlösse die
4171 2008 6010 2221 dreissigtausend herzugeben,wäre der
4179 2116 5968 2356 Onkel Viktor.Der ist aber unglück-
4190 2285 5884 2511 seliger Weise auf einer Reise in
4269 2379 6269 2574 [illegible] - y a de tels j'ai - dte exaltelle keil —
4198 2495 6026 2693 Schädten, also absolut unerreichbar,
4198 2601 5887 2819 wenigstens für den voment.An die
4200 2772 5992 3009 Kollegen, speziell nr. Sch., der Papa
4198 2941 6053 3194 schon öfter ausgeholfen, ist nicht mit
4227 3091 6008 3352 mehr zu denken seit er sich wieder
4234 3238 6008 3486 verheiratet hat. Also was denn, was
4240 3378 5995 3594 denn ich, endlich, sere. -  Und da kam
4253 3526 6087 3837 dein Brief, mein liebes vind,in dem
