3544 4344
2804 586 2989 766 163
1080 710 3070 951 braust so. Hilf mir doch, Paul, die Zunge
1093 968 2895 1105 ist mir ganz schwer. Warum hörst du
1093 1072 2984 1260 mich denn nicht? -„Ich glaube,Sissy,
1095 1293 3050 1435 sie wird bald erwachen. Es ist,alswenn
1103 1430 3050 1562 sie sich schon mühte die Augen zu öff
1100 1567 3105 1731 nen. Was tust du denn Sissy?" „Ach,sie
1105 1676 3110 1944 soll nur die Augen öffnen. Sie hat sich
1103 1871 3136 2114 auch nicht geniert. -Nein, ich hab mich
1103 2023 3146 2180 nicht geniert, nackt bin ich dagestanden
2145 2122 3110 2251 und mitt vor ihr nach ein
1103 2172 3019 2345 Aber es war schön [Wenn ich nur reden
1108 2345 3009 2512 könnte, sie müssten s verstehen.Paul!
1108 2527 3004 2636 Paul! Was tu ich denn? Ich will, dass
1123 2614 2961 2824 Ihr mich hört. Paul, ich habe Veronal
1118 2781 2918 2958 getrunken.Warum hörst du mich denn
2728 2872 3105 3009 Hurd
1108 2920 2872 3128 nicht? Ich will nicht sterben.-Du
1123 3085 3065 3303 sollst mich retten.Du bist ja Doktor,
1113 3225 3123 3425 rette mich doch! Paul! — „Jetzt ist sie
1120 3374 3156 3572 wieder ganz ruhig geworden. Der Puls ist
1108 3562 3113 3732 besser.Nicht ganz regelmässig.“ -Paul,
1123 3757 3029 3879 rette mich! Ich beschwöre dich! Lass
1120 3894 2991 4124 mich doch nicht sterben. Jetzt ist s
