6664 4280
3591 465 3987 668 5/3.1923
5918 537 6083 694 90
5464 624 5718 768 Aln
4149 637 6191 840 Aber was ist denn das mit mir? Was will
5240 804 6101 922 the will it....
4156 858 6088 1048 ich denn eigentlich? Ich weiss schon,
4149 989 6075 1205 was ich will Ich will nicht mehr zu-
4151 1176 6093 1282 rück, nirgends hin, nicht mehr ins Hotel
4138 1336 6142 1467 zurück, nicht mehr nach Hause, zu nieman
4146 1428 6209 1647 den, zu keinem Menschen,nicht zu Papa und
4156 1616 6165 1796 äma, nicht zu Rudi und zu Fred, nich zu
4133 1765 6124 1942 Bertha und nicht zu Tante Emma, die ist
4128 1947 6065 2060 noch die beste von allen, oh, die liebe
4113 2109 6106 2263 gute Tante Emma, die würde allesverste-
4115 2219 6024 2376 hen. Aber kränken würde sie sich doch
4105 2317 6147 2538 auch. Was tuts? Ich habe mit ihr nichts
4105 2492 6160 2695 mehr zu tun und mit niemanden mehr. Wenn
4115 2705 6101 2862 ich zaubern könnte, wäre ich jetzt ganz
4107 2862 6060 3000 wo anders in der Welt. Ja, das wäre das
4097 2959 6119 3188 Schönste. Auf einem Schiff im mittellän-
4097 3180 6129 3334 dischen Meer mit irgend einem Menschen,
4084 3316 6039 3486 der mir noch gestern fremdwar.Mit dem
4071 3411 5898 3601 Filou aus Rom oder mit Paul.Ja, das
4071 3565 6016 3773 könnte ich mir am ehesten vorstellen.
4087 3766 6106 3966 Oder ich wohnte in einer Villa am Meer.
