3427 4312
2545 525 2722 663 152
820 643 2778 831 Er tst mir leid.-Da sind wir.Sie blei
817 789 2604 1014 ben stehen. Ich werde blinzeln. Wenn
806 986 2761 1171 man's merkt, fall ich gleich wieder in
829 1135 2649 1309 Ohnmacht.Sissy steht in der Tür und
820 1272 2831 1458 redet zu Paul.Die Tante kommt.Geschwind
809 1427 2792 1604 die Augen wieder zu Ach Gott, die Augen
730 1548 2747 1784 fallen mir wieder zu.-Hieher,bitte.
466 1609 2727 1910 Rücken sie, die Bahre ganz nah aus
798 1904 2778 2084 Bett".- Sie haben die Bahre, sie tragen
843 2008 2705 2227 mich,wie gut wieder zuhause.-Danke.
775 2196 2792 2362 Hieher-bitte und warten Sie eine Minute
786 2354 2576 2483 draussen, Sie können die Bahre dann
775 2446 2615 2680 gleich wieder mitnehmen. Bitte Türe
772 2657 2508 2775 schliessen.- Wenn Sielmir helfen
761 2755 2598 2963 wollten,Sissy,wir heben Else, ja, so,
761 2963 2769 3104 langsam bitte.Hier,Sissy, fassen Sie si
764 3112 2621 3292 an den Beinen. Ond nun — Else -Else,
756 3216 2590 3458 hörst du mich?“ - Natürlich hör ich
1500 3368 1727 3539 geht die
475 3401 694 3547 der
753 3424 1463 3564 Euch, aber ich
1584 3435 2475 3604 ab ohnmächtig für
742 3511 2525 3752 Eueh,Es.ist so schön ohnmächtig zu
809 3691 2747 3899 sein. Auch wenn ich wollte, ich könnte
1149 3887 2918 4109 „Man kann nie wissen, Mama. ich pitt
