6680 4328
1411 645 2919 868 erbete.. was ich jetzt erbitten
945 827 3122 983 dasselbe von Ihnen verlangt,wenn sie nicht
951 980 3133 1147 eine Million,pardon dreissigtausend Gulden
945 1147 3031 1297 von mir gefordert hätten. Aber freilich,
945 1320 3019 1476 dann hätte ich wohl kaum Gelegenheit ge-
933 1440 2972 1640 habt so lange Zeit unter vier Augen mit
942 1605 2972 1749 Ihnen zu reden." „Oh, ich habe Sie wirk-
951 1696 3075 1930 lich allzu lang in Anspruch genommen.Herr
945 1907 2925 2051 von Dorsday. Das habe ich gut gesagt,
956 2045 3072 2224 Fred wäre zufrieden. Was ist das,er fasst
933 2192 3060 2370 nach meiner Hand- warum bin ich dageblie-
927 2318 3072 2517 ben? Was fällt ihm denn ein? Er lässt sie
927 2494 2875 2676 nicht los -,Wissen Sie es denn nicht
927 2670 2934 2822 schon lang,Else,Sie müssten keine Frau
933 2775 3042 3019 sein,wenn Sie es nicht gemerkt hätten.
933 2978 2749 3142 Je vous desire." - Er hättes auch
918 3101 3089 3318 deutsch sagen können der Herr Vicomte.Er
936 3245 2875 3476 ist toll, der Schuft! - „Muss ich noch
927 3450 3066 3620 mehr sagen?" „Sie haben schon zu viel ge-
909 3597 3110 3758 sagt,Herr von Dossday, lassengie meine Had
909 3702 2863 3878 Hand los.“ „Wie Sie befehlen,Fräulein
895 3870 2840 4116 Else." -Es kann doch nicht sein Ernst
4090 675 6134 821 sein. Nun hat er meine Hand losgelassen
4084 810 6120 953 und ich stehe noch da. Nein, ich gehe ich
4084 933 6196 1115 gehe ohne Cruss.- „Else!Else!“ Nun ist er
4096 1129 6258 1279 wieder neben mir. „Else,verzeihen Sie mir,
4084 1250 6443 1438 auch ich habe nur einen Scherz gemacht, - gerade
3893 1405 6196 1575 wie Sie früher. Auch meine Förderung stel-
4090 1540 6126 1731 le ich nicht so hoch, als Sie - gefürchtet
4072 1716 6111 1925 haben, wie ich leider sagen muss, so dass
4090 1895 6029 2086 die geringere Sie vielleicht angenehm
4084 2010 6111 2186 überraschen wird. Bitte bleiben Sie doch
4090 2165 6202 2388 stehen,else.“ Ich bleibe wirklich stehen.
4075 2326 6114 2502 Warum denn? Hätte ich ihm nicht einfach
4072 2476 6049 2684 eine Ohrfeige geben sollen? Wäre nicht
4066 2623 5914 2811 noch jetzt Zeit dazu? Nein, die zwei
4060 2790 6099 3010 länder kommen vorbei. Jetzt wäre der Mo¬
4066 2945 6093 3113 ment,gerade darum. Aber ich tu's nihht.
4057 3092 5920 3292 Natürlich nicht, ich bin feig,ich bin
5988 3157 6199 3303 zer
4066 3274 6073 3450 brochen, ich bin erniedrigt. Was wird er
4066 3380 6205 3609 wollen statt der Million? Einen Kuss viel-
4054 3550 6035 3741 Teicht? Dazu wäre ich bereit. Auch zu
4066 3729 6090 3987 einen Kuss auf den Hele Eine Million zu
