6680 4296
2737 568 2908 728 58
4103 579 6061 847 weiss er die Adresse von Fiala nicht?
886 675 2880 908 es noch am ehesten ich - „Sie sind ja
4095 785 6207 1004 unsinn. Was soll ich denn nur sagen? Die
872 908 2897 1058 ein rührendes, ein ein entzückendes Ge
4095 931 6255 1164 Situation ist unmöglich. Ich sitze da wie
875 1052 2773 1221 schöpf, Fräulein Else - Seine Stimme
4089 1091 6193 1313 eine arme Sünderin,er steht vor mir und
880 1192 2978 1353 klingt schon wieder, aber wie zuwider ist
4078 1235 6134 1465 bohrt mir das Monoele in die stirn. Ich
878 1316 3043 1519 mir das, wenn es so zu klingen anfängt bei
4081 1387 6168 1600 werde jetzt aufstehen, das ist das Beste,
880 1474 3136 1665 den Männern. Auch bei Fred mag ichs nicht.
4053 1541 6078 1789 Ich lasse mich nicht so behandeln. Papa
889 1637 2936 1865 „Ein entzückendes Geschöpf,in der Tat“
4042 1718 6159 1918 soll sich umbringen. Ich werde mich, auch
889 1834 2928 1963 Warum sagt er in der Tat, das ist abge -
4056 1837 6230 2101 umbringen. Eine Schande dieses Leben. Pfui,
886 1935 2962 2135 schmackt, das sagt man doch nur im Burg
4061 2000 6171 2219 pfui, pfui! Wenn er eine Ahnung hätte,was
892 2126 2936 2264 theater.- „ So gern ich Ihren Optimismus
4047 2180 6171 2374 jetzt in mir vorgeht. Am schönsten wär's
886 2301 2939 2410 teilen möchte, wenn der Karren einmal so
4733 2312 5172 2424 in der Tels
4047 2312 6019 2554 sich von dort oben hinunterstürzen,wie
1775 2377 2936 2585 „Sagen Sie das nicht,
903 2405 1662 2649 verfahren ist:
4030 2461 6120 2722 schön wäre tot sein.Gesehehe Euch Recht,
892 2559 2900 2737 Herr von Dorsday, damit sprechen Sie ja
4013 2624 5932 2818 ollen.- „Ents chuldigen sie,Herr von
886 2694 2855 2908 geradezu ein Todesurteil aus. Wenn ich
4005 2773 6078 2973 Dorsday, dass ich Sie unter disen Umstän-
892 2858 3035 3043 keinen Glauben hätte, wenn ich nicht über-
4013 2942 6047 3178 den überhaupt bemüht habe. Ich kann Ihr
883 3018 2858 3212 zeugt wäre, dass diese dreissigtausend
3999 3085 6202 3299 ablehnendes Verhalten natürlich vollkommen
892 3175 3046 3338 Gulden —" Ich weiss nicht, was ich weiter
3994 3251 5971 3437 verstehen.“ So, gut, nun ist's zu Ende.
886 3322 3052 3502 sagen sollen. Ich kann ihn doch nicht an-
3991 3403 5996 3600 „Bleiben sie, Fräulein Else,“ - Bleiben
892 3454 2964 3662 betteln. Er muss doch endlich eine klare
3963 3552 6114 3758 Sie, warum soll ich bleiben? Er gibt das
886 3639 2812 3828 Antwort geben, or kann mir doch nicht
3949 3729 5918 3994 Geld her. Bestimmt. Aber ich setze mich
883 3791 3136 4025 Nein sagen. Er überlegt, offenbar. Vielleicht
