6696 4328
1066 686 3043 819 denn? Wir haben ja selber nichts. On
1076 840 3008 999 kel Bernhard wird uns eine Rente aus-
1084 994 3022 1090 setzen. preihundert Gulden monatlich.
1071 1135 3109 1276 Rudi wird in Holland sein bei Vanhulst,
1066 1257 3016 1427 wenn man noch auf ihn reflektiert. Die
1060 1430 3064 1557 Kinder des sträflings, Roman von Temme,
1076 1573 3061 1711 in drei Bänden.Der Papa sieht mich an.
1095 1682 2328 1802 in jedreiften Ihr flings an
1071 1767 2955 1874 Car nicht bös,nur traurig.Er kann ja
2522 1834 3216 1943 le nicht, bleibten
1066 1924 3016 2065 gar nicht bös dreinschauen./Else, wenn
1047 2012 3032 2182 du mir damals das Geld verschafft hät¬
1060 2158 3141 2328 tost. Aber or wird mir gar nichts sagen,
1047 2368 3109 2546 nein, er wird ja nicht das Herz haben, or
1052 2469 3141 2642 ist ja seelengut, kur so leichtsinnig.Ein
1066 2689 2971 2812 Verhängn is die spielleidenschaft.pr
1042 2785 3128 2952 kann ja eigentlich selbst nichts dafür,
1042 2955 3152 3120 es ist ja ein Wahnsinn. Vielleicht spricht
1036 3096 3093 3253 man ihn frei, weil er wahnsinnig ist.Er
1044 3258 3099 3426 hat sich auch gar nicht überlegt auch
1868 3399 2107 3503 aske
1028 3388 3061 3590 den Brief hat er gar nicht überlegt.Es
1042 3572 3152 3760 ist ihm vielleicht gar nicht eingefallen,
1023 3699 3000 3888 dass Dorsday die Oelegenheit benützen
5881 550 6054 733 79
4191 723 6266 917 und von mir verlangen wird - Er xxxx ist
4188 880 6184 1044 ein guter Freund unseres Hauses,er hat
4156 1034 4539 1148 dem Pap.
4175 1023 6229 1212 ihm schon einmal achttausend Gulden ge-
4188 1196 6240 1363 liehen. Wie soll man das von einem Men-
5703 1310 5998 1401 licher
5161 1323 5605 1438 du Pape
4186 1395 6277 1541 schen denken? Zuerst hat er ja alles an¬
4204 1520 6343 1682 dere versucht? Was muss er alle innerlich
4199 1645 6040 1826 durchgemacht haben, ehe er sich ent-
5854 1749 6322 1884 veranlept
4202 1807 6147 1977 schlossen hat jehe er die Mama geboten
4199 1959 6288 2113 hat diesen Brief zu schreiben. Von einem
4215 2118 6237 2288 zum andern ist er gelaufen, von Warsdorf
4916 2224 5940 2352 on Buin in Sthewilen.
4212 2262 6253 2479 zu Burin und weiss Gott noch zu wen. Bei
4209 2418 6197 2586 Onkel Karl war er gewiss auch und alle
4196 2567 6285 2780 haben sie ihn im Stich gelassen. Alle die
4217 2764 6176 2897 sogenannten Freünde. Und nun ist Dors
4212 2851 6139 3096 day seine Hoffnung,seine letzte Hoff-
4212 3053 6168 3226 nung. Und wenn das geld nicht kommt, so
4209 3186 6176 3380 bringt er sich um. Natürlich bringt er
4223 3340 6282 3545 sich um.Er wird sich doch nicht einsper-
4223 3529 6165 3694 ren lassen.Untersuchungshaft,Verhand¬
4217 3689 6312 3835 lung, Schwurgericht. Kerker, nein, natürlich
4220 3821 6285 3984 wenn der Haftbefehl kommt erschiesst er
