6696 4312
2861 362 3019 572 68
1265 426 1716 615 I have.
756 595 3027 727 wie oder-nur? Sie müssen, Sie sollen nicht
1052 753 3122 926 gleich antworten. Nach dem Diner werden
2288 831 2875 943 Kundthun
497 785 963 1029 Riodttine
1070 903 3102 1078 Sie mir Ihre Entscheidung sagen. Ueber-
1351 980 1889 1087 à elle pue
552 983 1015 1127 viédium
1055 1038 3099 1190 legen Sie, Sie werden vielleicht spüren,
1046 1208 3162 1305 dass es nicht einfach ein Handel ist, den
1046 1291 3358 1512 ich Ihnen vorschlage.“ - Was denn, du klingende
1035 1463 3188 1636 Schuft? „Sie werden möglicherweise ahnen,
1052 1662 3145 1860 dass ein Mann zu Ihnen spricht, der nicht
1213 1748 1688 1860 souvelut
1038 1817 1552 1995 übermässig
1613 1777 3111 1990 glücklichist und mit dem man
2254 1918 2668 2010 prident
1046 1998 3188 2090 vielleicht Nachsicht haben darf -' Affek-
1052 2119 3191 2234 tierter Schuft, spricht wie ein schlechter
1035 2234 3203 2450 Schauspieler,seine gepflegten Hände sehen
1024 2389 2964 2536 wie aus wie Krallen. Was sag ich ihm
1035 2542 3088 2717 Nichts.Kann auch nicht. Bringe dich um,
1271 2674 1573 2777 triver
1024 2674 3151 2835 Papa. Er fasst wieder meine nand und ich
1021 2823 3211 3027 lasse sie ihm. Sie wegreissen, zu viel Auf-
1029 2976 3200 3160 wand. Mein Arm ist schlaff, fr  führt mei-
1024 3142 3266 3309 ne mand an seine Lippen-Heisse Lippan,
2044 3286 2950 3390 Er hat der Kopf gebeugt
1000 3298 3085 3496 Meine pand ist kalt. Ich hätte Lust ihm
2300 3438 2671 3548 He ist
1024 3493 3116 3637 den Hut herunterzublasen Es wär komisch.
1179 3591 1550 3692 moi de
1029 3654 3116 3830 Ich fühle, dass ich blass bin. In der Däm-
6017 466 6181 604 69
4097 564 6187 765 merung markt mans kaum. Bald ausgeküsst,
4103 716 6101 914 du Schuft? Die elektrischen Lampen vor
4082 877 6210 1070 dem Hotel brennen schon. Im dritten Hock
4085 1049 6239 1245 stehen zwei Fenster offen, eines davon ist
4080 1219 6084 1371 meines, das, wo sich der Vorhang bewegt.
4091 1340 6135 1530 Was liegt denn oben auf dem Schrank, was
5172 1475 5851 1581 nichts liegt oben
4085 1541 6155 1731 so glänzt? Ach nein, es ist nur der Mes
4085 1642 6239 1834 singbeschlag. In einer halben Stunde wird
4068 1811 6144 2010 man dinieren. Ich nicht. Nein, ich werde
4074 1972 6187 2165 heute nicht dinieren. Aber was werde ich
4074 2119 6020 2294 tun? Paul wird sich Gedanken machen -
4068 2297 6265 2470 „Auf Wiedersehen,Else,“- Ich antworte ihm
4068 2404 6101 2622 nichts. Ich stehe regungslos. Er sieht
4068 2562 6256 2766 mir ins Aug, mein Gesicht ist undurchdring-
4065 2728 6138 2898 lich. Er weiss gar nichts.Er weiss nicht
5537 2855 5776 2956 Abe
4074 2869 6029 3065 einmaldass ich ihn verachte, ich weiss
4068 3042 6167 3211 auch nichts. Ich weiss nur, dass alles aus
4068 3211 6115 3361 ist. Nicht alles, aber irgendwas ist aus.
4045 3355 6244 3528 Da geht er.Ein wenig gebückt,er fühlt mei-
4062 3473 6084 3663 nen Blick in seinem Nacken. Wen grüsst
4140 3637 4344 3726 dem
4062 3651 6144 3878 er? Diexzwei Damen. Als wär er ein Graf,
