<?xml version="1.0" encoding="UTF-8" standalone="yes"?>
<PcGts xmlns="http://schema.primaresearch.org/PAGE/gts/pagecontent/2013-07-15" xmlns:xsi="http://www.w3.org/2001/XMLSchema-instance" xsi:schemaLocation="http://schema.primaresearch.org/PAGE/gts/pagecontent/2013-07-15 http://schema.primaresearch.org/PAGE/gts/pagecontent/2013-07-15/pagecontent.xsd">
    <Metadata>
        <Creator>prov=READ-COOP:name=TrHtr:version=2.1.0:model_id=51170:date=14_08_2023_12:09</Creator>
        <Created>2023-05-10T14:15:42.274+02:00</Created>
        <LastChange>2023-08-14T12:09:33.888+02:00</LastChange>
        <TranskribusMetadata docId="1428608" pageId="55417425" pageNr="8" tsid="132799430" status="IN_PROGRESS" userId="64420" imgUrl="https://files.transkribus.eu/Get?id=DQWDEFKZCULBGXZHDXXJGMRP&amp;fileType=view" xmlUrl="https://files.transkribus.eu/Get?id=ZXJHUNRDNVTLLVTTEDICPABG" imageId="44691529"/>
    </Metadata>
    <Page imageFilename="1428608_0008.jpg" imageWidth="6600" imageHeight="4280">
        <ReadingOrder>
            <OrderedGroup id="ro_1711787840813" caption="Regions reading order">
                <RegionRefIndexed index="0" regionRef="tr_2"/>
                <RegionRefIndexed index="1" regionRef="tr_1"/>
            </OrderedGroup>
        </ReadingOrder>
        <TextRegion id="tr_2" custom="readingOrder {index:0;}">
            <Coords points="549,648 3074,648 3074,3657 549,3657"/>
            <TextLine id="tr_2_tl_1" custom="readingOrder {index:0;}">
                <Coords points="954,722 1159,793 3067,780 3065,601 2184,643 1510,535 951,622"/>
                <Baseline points="967,698 1056,710 1146,710 1235,716 1325,722 1414,716 1504,722 1593,722 1683,722 1772,728 1862,728 1951,734 2041,734 2131,728 2220,734 2310,734 2399,740 2489,740 2578,746 2668,746 2757,746 2847,752 2936,740 3026,746 3074,746"/>
                <TextEquiv>
                    <Unicode>Sie werden Hoffentlich nicht glauben,</Unicode>
                </TextEquiv>
            </TextLine>
            <TextLine id="tr_2_tl_2" custom="readingOrder {index:1;}">
                <Coords points="535,909 619,935 740,914 806,949 827,943 830,740 809,738 767,772 735,767 701,798 664,783 624,796 614,785 538,790"/>
                <Baseline points="549,859 567,853 656,859 746,853 835,853"/>
                <TextEquiv>
                    <Unicode>was</Unicode>
                </TextEquiv>
            </TextLine>
            <TextLine id="tr_2_tl_3" custom="readingOrder {index:2;}">
                <Coords points="906,920 1302,941 1497,877 1794,941 2788,928 2785,825 2677,798 1128,806 901,740"/>
                <Baseline points="919,859 1008,865 1098,865 1187,865 1277,871 1366,871 1456,871 1546,877 1635,877 1725,877 1814,877 1904,883 1993,883 2083,883 2172,889 2262,889 2351,889 2441,889 2530,895 2620,895 2710,895 2793,895"/>
                <TextEquiv>
                    <Unicode>ich bin eifersüchtig.Sicher habensie</Unicode>
                </TextEquiv>
            </TextLine>
            <TextLine id="tr_2_tl_4" custom="readingOrder {index:3;}">
                <Coords points="935,1078 1365,1104 1673,1030 2754,1078 2783,928 933,946"/>
                <Baseline points="949,1014 1038,1020 1128,1020 1217,1026 1307,1026 1396,1026 1486,1020 1575,1026 1665,1026 1754,1032 1844,1038 1934,1038 2023,1038 2113,1038 2202,1038 2292,1044 2381,1044 2471,1050 2560,1050 2650,1050 2739,1050 2793,1050"/>
                <TextEquiv>
                    <Unicode>was miteinander mein Cousin Paulund</Unicode>
                </TextEquiv>
            </TextLine>
            <TextLine id="tr_2_tl_5" custom="readingOrder {index:4;}">
                <Coords points="1455,1109 1505,1130 1547,1107 1639,1115 1657,1099 1721,1120 1742,1101 1837,1099 1937,1133 2024,1120 2021,1046 1989,1041 1950,1038 1905,1075 1881,1059 1800,1070 1742,1033 1707,1057 1681,1030 1581,1065 1539,1038 1452,1059"/>
                <Baseline points="1468,1092 1557,1098 1647,1092 1737,1092 1826,1092 1916,1104 2005,1104 2029,1110"/>
                <TextEquiv>
                    <Unicode>not - be</Unicode>
                </TextEquiv>
            </TextLine>
            <TextLine id="tr_2_tl_6" custom="readingOrder {index:5;}">
                <Coords points="920,1217 2870,1209 2867,1094 2667,1070 1945,1133 917,1086"/>
                <Baseline points="931,1164 1020,1169 1110,1169 1199,1169 1289,1175 1378,1175 1468,1181 1557,1187 1647,1187 1737,1187 1826,1187 1916,1187 2005,1187 2095,1187 2184,1193 2274,1193 2363,1193 2453,1199 2542,1199 2632,1199 2722,1199 2811,1205 2877,1205"/>
                <TextEquiv>
                    <Unicode>Frau Cissi. Nichts auf der Weltist mir</Unicode>
                </TextEquiv>
            </TextLine>
            <TextLine id="tr_2_tl_7" custom="readingOrder {index:6;}">
                <Coords points="938,1381 1692,1344 2893,1420 2914,1233 933,1223"/>
                <Baseline points="949,1319 1038,1325 1128,1325 1217,1331 1307,1325 1396,1331 1486,1331 1575,1331 1665,1331 1754,1331 1844,1337 1934,1337 2023,1343 2113,1343 2202,1343 2292,1343 2381,1343 2471,1349 2560,1349 2650,1355 2739,1355 2829,1355 2918,1361 2924,1361"/>
                <TextEquiv>
                    <Unicode>gleichgültiger. Nun wende ich mich noch</Unicode>
                </TextEquiv>
            </TextLine>
            <TextLine id="tr_2_tl_8" custom="readingOrder {index:7;}">
                <Coords points="899,1484 1510,1552 1618,1489 2408,1505 2653,1573 2812,1526 2809,1433 2595,1378 2300,1449 896,1407"/>
                <Baseline points="913,1462 1002,1468 1092,1474 1181,1474 1271,1480 1361,1480 1450,1480 1540,1480 1629,1486 1719,1486 1808,1486 1898,1486 1987,1492 2077,1492 2166,1492 2256,1498 2345,1498 2435,1498 2525,1498 2614,1498 2704,1504 2793,1504 2817,1504"/>
                <TextEquiv>
                    <Unicode>einmal um und winke ihnen zu. Winkeund</Unicode>
                </TextEquiv>
            </TextLine>
            <TextLine id="tr_2_tl_9" custom="readingOrder {index:8;}">
                <Coords points="870,1644 2951,1692 2949,1563 867,1534"/>
                <Baseline points="883,1617 972,1623 1062,1623 1152,1623 1241,1629 1331,1635 1420,1635 1510,1635 1599,1635 1689,1635 1778,1641 1868,1641 1957,1641 2047,1641 2137,1641 2226,1647 2316,1653 2405,1653 2495,1653 2584,1653 2674,1653 2763,1659 2853,1659 2942,1665 2954,1665"/>
                <TextEquiv>
                    <Unicode>lächle. Sehe ich nun gnädig aus? Ach Gott,</Unicode>
                </TextEquiv>
            </TextLine>
            <TextLine id="tr_2_tl_10" custom="readingOrder {index:9;}">
                <Coords points="1984,1731 2026,1723 2053,1736 2082,1731 2105,1742 2121,1734 2161,1736 2158,1655 2111,1660 2095,1673 2087,1665 2039,1663 2029,1652 1982,1663"/>
                <Baseline points="1999,1719 2089,1719 2166,1725"/>
                <TextEquiv>
                    <Unicode>V.S.V.</Unicode>
                </TextEquiv>
            </TextLine>
            <TextLine id="tr_2_tl_11" custom="readingOrder {index:10;}">
                <Coords points="885,1794 2893,1837 2867,1692 2627,1784 2519,1707 2158,1763 1339,1686 883,1731"/>
                <Baseline points="901,1772 990,1772 1080,1778 1169,1772 1259,1778 1349,1778 1438,1784 1528,1784 1617,1784 1707,1784 1796,1790 1886,1790 1975,1790 2065,1796 2154,1796 2244,1796 2334,1796 2423,1802 2513,1796 2602,1802 2692,1808 2781,1808 2871,1808 2901,1808"/>
                <TextEquiv>
                    <Unicode>sie spielen schon wieder. Ich habe einen</Unicode>
                </TextEquiv>
            </TextLine>
            <TextLine id="tr_2_tl_12" custom="readingOrder {index:11;}">
                <Coords points="1196,1879 1225,1879 1246,1863 1267,1879 1278,1871 1299,1876 1310,1866 1323,1876 1354,1876 1354,1808 1331,1805 1323,1810 1302,1800 1278,1816 1249,1802 1223,1800 1209,1810 1196,1810"/>
                <Baseline points="1211,1856 1301,1856 1361,1856"/>
                <TextEquiv>
                    <Unicode>B:V:</Unicode>
                </TextEquiv>
            </TextLine>
            <TextLine id="tr_2_tl_13" custom="readingOrder {index:12;}">
                <Coords points="917,1939 2543,1950 2701,2034 2941,1982 2914,1839 2509,1889 2314,1808 1876,1794 1784,1852 1568,1789 1120,1881 914,1789"/>
                <Baseline points="931,1922 1020,1922 1110,1928 1199,1928 1289,1928 1378,1928 1468,1934 1557,1934 1647,1940 1737,1940 1826,1940 1916,1945 2005,1945 2095,1945 2184,1951 2274,1951 2363,1951 2453,1951 2542,1951 2632,1957 2722,1957 2811,1963 2901,1963 2948,1969"/>
                <TextEquiv>
                    <Unicode>besseren Schlag als Eissi Mohr und Paul</Unicode>
                </TextEquiv>
            </TextLine>
            <TextLine id="tr_2_tl_14" custom="readingOrder {index:13;}">
                <Coords points="1088,2013 2487,2058 2487,1987 2432,1963 1628,1979 1191,1934 1086,1971"/>
                <Baseline points="1104,2005 1193,2011 1283,2005 1372,2005 1462,2011 1552,2011 1623,2011 1659,2017 1749,2017 1838,2017 1928,2023 2017,2023 2107,2023 2196,2029 2286,2029 2375,2035 2465,2035 2495,2035"/>
                <TextEquiv>
                    <Unicode>est où il ou il y a eu bator</Unicode>
                </TextEquiv>
            </TextLine>
            <TextLine id="tr_2_tl_15" custom="readingOrder {index:14;}">
                <Coords points="922,2092 2941,2150 2938,2047 2764,2000 2569,2082 2509,2029 2300,2074 922,2000"/>
                <Baseline points="937,2077 1026,2077 1116,2077 1205,2077 1295,2083 1384,2083 1474,2083 1563,2083 1653,2089 1743,2089 1832,2089 1922,2095 2011,2095 2101,2101 2190,2101 2280,2101 2369,2101 2459,2107 2548,2107 2638,2107 2727,2107 2817,2107 2907,2113 2948,2113"/>
                <TextEquiv>
                    <Unicode>kann eigentlich auch nicht viel. Aber er</Unicode>
                </TextEquiv>
            </TextLine>
            <TextLine id="tr_2_tl_16" custom="readingOrder {index:15;}">
                <Coords points="1294,2166 1310,2161 1333,2169 1346,2158 1433,2171 1523,2169 1518,2121 1502,2124 1455,2103 1444,2108 1412,2097 1391,2108 1370,2092 1339,2116 1291,2111"/>
                <Baseline points="1307,2142 1396,2148 1486,2154 1528,2160"/>
                <TextEquiv>
                    <Unicode>wir</Unicode>
                </TextEquiv>
            </TextLine>
            <TextLine id="tr_2_tl_17" custom="readingOrder {index:16;}">
                <Coords points="880,2253 1318,2245 1510,2340 1802,2248 2761,2311 2935,2279 2933,2148 2087,2105 1360,2203 875,2084"/>
                <Baseline points="895,2226 984,2226 1074,2232 1164,2232 1253,2232 1343,2238 1432,2238 1522,2244 1611,2244 1701,2244 1790,2244 1880,2244 1969,2244 2059,2250 2148,2250 2238,2250 2328,2250 2417,2256 2507,2262 2596,2262 2686,2268 2775,2268 2865,2268 2942,2268"/>
                <TextEquiv>
                    <Unicode>sieht gut aus mit dem offenen Kragen und</Unicode>
                </TextEquiv>
            </TextLine>
            <TextLine id="tr_2_tl_18" custom="readingOrder {index:17;}">
                <Coords points="912,2408 1536,2408 1763,2501 1881,2424 2872,2414 2872,2321 2793,2300 2108,2258 1797,2245 1621,2340 1123,2269 912,2321"/>
                <Baseline points="925,2369 1014,2381 1104,2381 1193,2387 1283,2387 1372,2387 1462,2387 1552,2393 1641,2393 1731,2399 1820,2399 1910,2399 1999,2399 2089,2399 2178,2405 2268,2405 2357,2405 2447,2405 2536,2411 2626,2411 2716,2411 2805,2417 2877,2411"/>
                <TextEquiv>
                    <Unicode>dem Bösen Jungenzesicht. Wenn ernur we-</Unicode>
                </TextEquiv>
            </TextLine>
            <TextLine id="tr_2_tl_19" custom="readingOrder {index:18;}">
                <Coords points="862,2553 2772,2590 2769,2440 1971,2416 1879,2501 1615,2498 1362,2403 1178,2503 862,2461"/>
                <Baseline points="877,2530 967,2536 1056,2536 1146,2536 1235,2536 1325,2536 1414,2542 1504,2542 1593,2548 1683,2548 1772,2548 1862,2548 1951,2554 2041,2554 2131,2554 2220,2560 2310,2560 2399,2560 2489,2560 2578,2566 2668,2566 2757,2572 2775,2572"/>
                <TextEquiv>
                    <Unicode>niger affektiert wäre. Nichts fürmich.</Unicode>
                </TextEquiv>
            </TextLine>
            <TextLine id="tr_2_tl_20" custom="readingOrder {index:19;}">
                <Coords points="899,2688 2722,2761 2717,2603 2506,2640 2308,2569 1507,2651 896,2624"/>
                <Baseline points="913,2674 1002,2686 1092,2692 1181,2692 1271,2698 1361,2698 1450,2698 1540,2698 1629,2698 1719,2698 1808,2704 1898,2704 1987,2710 2077,2710 2166,2716 2256,2710 2345,2716 2435,2722 2525,2716 2614,2722 2704,2727 2727,2722"/>
                <TextEquiv>
                    <Unicode>Brauchst also keine Angst zu haben,</Unicode>
                </TextEquiv>
            </TextLine>
            <TextLine id="tr_2_tl_21" custom="readingOrder {index:20;}">
                <Coords points="856,2872 2651,2901 2738,2885 2738,2798 2561,2725 854,2717"/>
                <Baseline points="871,2841 961,2841 1050,2841 1140,2841 1229,2847 1319,2853 1408,2853 1498,2859 1587,2859 1677,2853 1766,2859 1856,2859 1945,2859 2035,2865 2125,2865 2214,2865 2304,2865 2393,2871 2483,2871 2572,2871 2662,2877 2745,2877"/>
                <TextEquiv>
                    <Unicode>Tante (Emma. Was für ein wundervoller</Unicode>
                </TextEquiv>
            </TextLine>
            <TextLine id="tr_2_tl_22" custom="readingOrder {index:21;}">
                <Coords points="833,3017 2927,3070 2925,2962 2622,2975 2308,2877 1420,2956 1291,2870 830,2867"/>
                <Baseline points="847,2990 937,2990 1026,2996 1116,3002 1205,3002 1295,3002 1384,3008 1474,3008 1563,3008 1653,3014 1743,3014 1832,3014 1922,3014 2011,3014 2101,3020 2190,3020 2280,3020 2369,3020 2459,3026 2548,3032 2638,3032 2727,3032 2817,3032 2907,3032 2930,3032"/>
                <TextEquiv>
                    <Unicode>Abend.Heute wär der richtige Tag gewesen</Unicode>
                </TextEquiv>
            </TextLine>
            <TextLine id="tr_2_tl_23" custom="readingOrder {index:22;}">
                <Coords points="838,3175 2761,3204 2759,3078 2516,3122 2145,3028 1700,3036 1573,3120 835,3080"/>
                <Baseline points="853,3139 943,3145 1032,3151 1122,3157 1211,3157 1301,3157 1390,3163 1480,3163 1569,3163 1659,3163 1749,3163 1838,3163 1928,3169 2017,3169 2107,3169 2196,3169 2286,3169 2375,3175 2465,3181 2554,3181 2644,3181 2733,3181 2769,3181"/>
                <TextEquiv>
                    <Unicode>für die Tour auf die Rosettahütte. Wie</Unicode>
                </TextEquiv>
            </TextLine>
            <TextLine id="tr_2_tl_24" custom="readingOrder {index:23;}">
                <Coords points="1729,3249 1768,3257 1797,3252 1826,3267 1837,3257 1879,3259 1892,3252 1921,3275 1939,3275 1939,3204 1897,3183 1868,3191 1839,3175 1805,3173 1784,3194 1768,3188 1760,3196 1729,3196"/>
                <Baseline points="1743,3241 1832,3247 1922,3241 1945,3241"/>
                <TextEquiv>
                    <Unicode>G.C.F.P</Unicode>
                </TextEquiv>
            </TextLine>
            <TextLine id="tr_2_tl_25" custom="readingOrder {index:24;}">
                <Coords points="827,3315 2901,3336 2898,3270 2229,3186 2032,3270 1325,3249 1059,3159 827,3238"/>
                <Baseline points="841,3301 931,3301 1020,3301 1110,3307 1199,3307 1289,3307 1378,3312 1468,3312 1557,3312 1647,3318 1737,3318 1826,3318 1916,3318 2005,3318 2095,3324 2184,3324 2274,3324 2363,3330 2453,3330 2542,3330 2632,3330 2722,3330 2811,3330 2901,3330 2907,3330"/>
                <TextEquiv>
                    <Unicode>herrlich der Cimone in den Himmelhinein-</Unicode>
                </TextEquiv>
            </TextLine>
            <TextLine id="tr_2_tl_26" custom="readingOrder {index:25;}">
                <Coords points="2087,3420 2221,3423 2248,3449 2340,3399 2398,3425 2501,3407 2577,3423 2577,3370 2506,3368 2466,3339 2432,3357 2327,3341 2285,3370 2221,3336 2087,3339"/>
                <Baseline points="2101,3396 2190,3390 2280,3390 2369,3390 2459,3390 2548,3390 2584,3402"/>
                <TextEquiv>
                    <Unicode>in a man</Unicode>
                </TextEquiv>
            </TextLine>
            <TextLine id="tr_2_tl_27" custom="readingOrder {index:26;}">
                <Coords points="838,3489 2788,3520 2756,3394 2253,3449 838,3415"/>
                <Baseline points="853,3450 943,3462 1032,3468 1122,3468 1211,3468 1301,3468 1390,3468 1480,3468 1569,3468 1659,3468 1749,3468 1838,3474 1928,3474 2017,3474 2107,3480 2196,3480 2286,3486 2375,3486 2465,3486 2554,3486 2644,3486 2733,3486 2793,3480"/>
                <TextEquiv>
                    <Unicode>ragt. m fünf Uhr Früh wären wir aufge-</Unicode>
                </TextEquiv>
            </TextLine>
            <TextLine id="tr_2_tl_28" custom="readingOrder {index:27;}">
                <Coords points="870,3636 1357,3697 1457,3631 2701,3694 2698,3563 2422,3573 2274,3491 1452,3473 1267,3568 1043,3502 867,3531"/>
                <Baseline points="883,3599 972,3605 1062,3611 1152,3611 1241,3611 1331,3617 1420,3623 1510,3623 1599,3623 1689,3623 1778,3629 1868,3629 1957,3629 2047,3629 2137,3635 2226,3629 2316,3635 2405,3641 2495,3641 2584,3647 2674,3647 2704,3641"/>
                <TextEquiv>
                    <Unicode>brochen. Oedenfalls wär mir ein bisl</Unicode>
                </TextEquiv>
            </TextLine>
        </TextRegion>
        <TextRegion id="tr_1" custom="readingOrder {index:1;}">
            <Coords points="4142,534 6285,534 6285,3699 4142,3699"/>
            <TextLine id="tr_1_tl_1" custom="readingOrder {index:0;}">
                <Coords points="4192,598 5900,596 6279,698 6279,498 6105,464 5786,545 5620,474 5196,472 4685,548 4192,456"/>
                <Baseline points="4208,596 4226,590 4315,596 4405,596 4494,596 4584,596 4673,596 4763,596 4853,590 4942,596 5032,596 5121,596 5211,596 5300,596 5390,596 5479,590 5569,590 5658,590 5748,590 5837,590 5927,590 6017,590 6106,590 6196,590 6285,584"/>
                <TextEquiv>
                    <Unicode>übel gewesen im Anfang, aber das verliert</Unicode>
                </TextEquiv>
            </TextLine>
            <TextLine id="tr_1_tl_2" custom="readingOrder {index:1;}">
                <Coords points="4501,709 4543,696 4580,717 4630,685 4672,698 4738,677 4783,701 4825,677 4891,698 4917,680 4962,690 4962,609 4946,606 4877,624 4817,622 4788,598 4727,617 4535,609 4503,624"/>
                <Baseline points="4518,674 4608,668 4697,668 4787,668 4876,668 4966,662"/>
                <TextEquiv>
                    <Unicode>né et parle</Unicode>
                </TextEquiv>
            </TextLine>
            <TextLine id="tr_1_tl_3" custom="readingOrder {index:2;}">
                <Coords points="4126,790 6171,759 6171,690 6060,664 4580,719 4369,611 4129,617"/>
                <Baseline points="4142,752 4208,752 4297,752 4387,752 4476,752 4566,752 4656,752 4745,752 4835,752 4924,752 5014,746 5103,746 5193,746 5282,746 5372,746 5461,746 5551,746 5641,746 5730,746 5820,746 5909,746 5999,746 6088,740 6178,728"/>
                <TextEquiv>
                    <Unicode>sich. Wie köstlich ist das WandernimMor-</Unicode>
                </TextEquiv>
            </TextLine>
            <TextLine id="tr_1_tl_4" custom="readingOrder {index:3;}">
                <Coords points="4145,946 6142,906 6116,804 5502,851 5299,748 4147,846"/>
                <Baseline points="4160,913 4178,907 4268,907 4357,907 4447,907 4536,901 4626,901 4715,901 4805,901 4894,901 4984,901 5073,901 5163,901 5252,901 5342,901 5432,901 5521,901 5611,901 5700,901 5790,901 5879,901 5969,895 6058,895 6148,895"/>
                <TextEquiv>
                    <Unicode>gengrauen.Der einäugige Amerikaner auf</Unicode>
                </TextEquiv>
            </TextLine>
            <TextLine id="tr_1_tl_5" custom="readingOrder {index:4;}">
                <Coords points="4126,1080 6121,1070 6121,1001 5863,959 5025,1012 4804,914 4126,938"/>
                <Baseline points="4142,1056 4154,1056 4244,1056 4333,1056 4423,1056 4512,1056 4602,1056 4691,1056 4781,1056 4870,1056 4960,1050 5050,1056 5139,1056 5229,1056 5318,1056 5408,1050 5497,1050 5587,1050 5676,1050 5766,1050 5855,1050 5945,1050 6034,1050 6128,1048"/>
                <TextEquiv>
                    <Unicode>der Rosetta hat ausgesehen wie einBox-</Unicode>
                </TextEquiv>
            </TextLine>
            <TextLine id="tr_1_tl_6" custom="readingOrder {index:5;}">
                <Coords points="4134,1217 4306,1265 4530,1212 6068,1225 6068,1159 5715,1133 5613,1062 4134,1070"/>
                <Baseline points="4148,1211 4196,1211 4285,1211 4375,1211 4465,1211 4554,1211 4644,1211 4733,1211 4823,1211 4912,1205 5002,1205 5091,1205 5181,1211 5270,1205 5360,1205 5449,1205 5539,1205 5629,1205 5718,1205 5808,1205 5897,1205 5987,1205 6076,1205"/>
                <TextEquiv>
                    <Unicode>kämpfer. Vielleicht hat ihn beim Boxen</Unicode>
                </TextEquiv>
            </TextLine>
            <TextLine id="tr_1_tl_7" custom="readingOrder {index:6;}">
                <Coords points="4182,1375 5441,1375 5610,1465 6195,1426 6195,1304 6103,1283 4593,1328 4448,1231 4182,1231"/>
                <Baseline points="4196,1355 4285,1361 4375,1361 4465,1366 4554,1366 4644,1366 4733,1366 4823,1366 4912,1366 5002,1366 5091,1361 5181,1361 5270,1361 5360,1361 5449,1361 5539,1361 5629,1361 5718,1361 5808,1361 5897,1361 5987,1361 6076,1361 6166,1361 6202,1361"/>
                <TextEquiv>
                    <Unicode>wer das Aug ausgeschlagen.Nach Amerika</Unicode>
                </TextEquiv>
            </TextLine>
            <TextLine id="tr_1_tl_8" custom="readingOrder {index:7;}">
                <Coords points="4182,1547 5984,1518 6182,1578 6279,1570 6279,1410 4182,1462"/>
                <Baseline points="4196,1510 4285,1516 4375,1516 4465,1510 4554,1516 4644,1522 4733,1522 4823,1516 4912,1516 5002,1510 5091,1516 5181,1510 5270,1516 5360,1510 5449,1516 5539,1516 5629,1510 5718,1516 5808,1516 5897,1516 5987,1516 6076,1516 6166,1510 6255,1510 6285,1510"/>
                <TextEquiv>
                    <Unicode>würde ich ganz gern heiraten, aber keinen</Unicode>
                </TextEquiv>
            </TextLine>
            <TextLine id="tr_1_tl_9" custom="readingOrder {index:8;}">
                <Coords points="4182,1726 5070,1660 6068,1700 6039,1581 5747,1626 5317,1526 4182,1547"/>
                <Baseline points="4196,1671 4285,1671 4375,1665 4465,1665 4554,1665 4644,1665 4733,1665 4823,1665 4912,1665 5002,1665 5091,1659 5181,1665 5270,1665 5360,1665 5449,1665 5539,1665 5629,1665 5718,1665 5808,1665 5897,1665 5987,1665 6076,1665"/>
                <TextEquiv>
                    <Unicode>Amerikaner. Oder ich heirat einen</Unicode>
                </TextEquiv>
            </TextLine>
            <TextLine id="tr_1_tl_10" custom="readingOrder {index:9;}">
                <Coords points="4126,1852 6245,1863 6200,1734 5926,1784 5518,1765 5360,1684 4126,1673"/>
                <Baseline points="4142,1826 4232,1820 4321,1820 4411,1820 4500,1820 4590,1820 4679,1814 4769,1820 4859,1820 4948,1814 5038,1814 5127,1814 5217,1820 5306,1820 5396,1820 5485,1820 5575,1820 5664,1820 5754,1820 5843,1820 5933,1826 6023,1820 6112,1820 6202,1820 6249,1826"/>
                <TextEquiv>
                    <Unicode>Amerikaner-und wir leben in Europa. Villa</Unicode>
                </TextEquiv>
            </TextLine>
            <TextLine id="tr_1_tl_11" custom="readingOrder {index:10;}">
                <Coords points="4187,1987 6153,1995 6153,1921 5979,1887 4893,1931 4696,1826 4187,1852"/>
                <Baseline points="4202,1975 4280,1975 4369,1975 4459,1975 4548,1969 4638,1975 4727,1975 4817,1975 4906,1975 4996,1975 5085,1975 5175,1975 5264,1975 5354,1975 5444,1975 5533,1975 5623,1975 5712,1975 5802,1975 5891,1975 5981,1975 6070,1969 6160,1969"/>
                <TextEquiv>
                    <Unicode>an der Rivier a.Marmorstufen ins Meer</Unicode>
                </TextEquiv>
            </TextLine>
            <TextLine id="tr_1_tl_12" custom="readingOrder {index:11;}">
                <Coords points="4176,2166 6137,2163 6082,2063 5439,2074 5191,1989 4176,2005"/>
                <Baseline points="4190,2125 4280,2131 4369,2131 4459,2131 4548,2131 4638,2131 4727,2125 4817,2125 4906,2125 4996,2131 5085,2131 5175,2131 5264,2131 5354,2125 5444,2125 5533,2125 5623,2125 5712,2125 5802,2131 5891,2131 5981,2131 6070,2131 6142,2125"/>
                <TextEquiv>
                    <Unicode>hinein. Ich liege naekt auf demMarmor,</Unicode>
                </TextEquiv>
            </TextLine>
            <TextLine id="tr_1_tl_13" custom="readingOrder {index:12;}">
                <Coords points="4134,2287 5692,2295 5826,2377 6195,2387 6174,2137 5462,2261 5238,2187 4970,2224 4891,2145 4134,2163"/>
                <Baseline points="4148,2280 4238,2280 4327,2280 4417,2286 4506,2286 4596,2286 4685,2286 4775,2286 4864,2280 4954,2286 5044,2286 5133,2286 5223,2286 5312,2286 5402,2286 5491,2280 5581,2280 5670,2280 5760,2286 5849,2286 5939,2280 6029,2280 6118,2280 6202,2280"/>
                <TextEquiv>
                    <Unicode>Wie lange ist's her, dass wir inMentone</Unicode>
                </TextEquiv>
            </TextLine>
            <TextLine id="tr_1_tl_14" custom="readingOrder {index:13;}">
                <Coords points="4176,2437 5784,2443 6137,2511 6137,2377 5591,2308 5252,2395 4888,2393 4624,2292 4176,2308"/>
                <Baseline points="4190,2435 4280,2435 4369,2435 4459,2441 4548,2435 4638,2435 4727,2435 4817,2435 4906,2435 4996,2435 5085,2435 5175,2429 5264,2435 5354,2441 5444,2435 5533,2441 5623,2441 5712,2435 5802,2435 5891,2441 5981,2435 6070,2435 6142,2441"/>
                <TextEquiv>
                    <Unicode>waren? Sieben oder acht Jahre. Ich war</Unicode>
                </TextEquiv>
            </TextLine>
            <TextLine id="tr_1_tl_15" custom="readingOrder {index:14;}">
                <Coords points="4182,2611 6092,2619 6092,2543 6010,2516 5383,2551 5199,2451 4182,2448"/>
                <Baseline points="4196,2590 4285,2590 4375,2590 4465,2590 4554,2590 4644,2590 4733,2590 4823,2590 4912,2590 5002,2590 5091,2590 5181,2590 5270,2590 5360,2596 5449,2596 5539,2596 5629,2590 5718,2590 5808,2596 5897,2596 5987,2596 6076,2596 6100,2596"/>
                <TextEquiv>
                    <Unicode>dreizehn oder vierzehn.Ach ja,damals</Unicode>
                </TextEquiv>
            </TextLine>
            <TextLine id="tr_1_tl_16" custom="readingOrder {index:15;}">
                <Coords points="4140,2775 5594,2746 6153,2806 6153,2667 4656,2706 4435,2614 4140,2609"/>
                <Baseline points="4154,2745 4190,2745 4280,2745 4369,2745 4459,2745 4548,2745 4638,2745 4727,2745 4817,2745 4906,2745 4996,2745 5085,2745 5175,2745 5264,2751 5354,2745 5444,2745 5533,2745 5623,2745 5712,2751 5802,2751 5891,2745 5981,2745 6070,2745 6160,2733"/>
                <TextEquiv>
                    <Unicode>waren wir noch in besseren Verhältnis</Unicode>
                </TextEquiv>
            </TextLine>
            <TextLine id="tr_1_tl_17" custom="readingOrder {index:16;}">
                <Coords points="4182,2925 6171,2949 6129,2798 5897,2859 5030,2864 4793,2761 4182,2769"/>
                <Baseline points="4196,2907 4208,2907 4297,2907 4387,2907 4476,2907 4566,2901 4656,2907 4745,2901 4835,2907 4924,2901 5014,2901 5103,2901 5193,2907 5282,2907 5372,2907 5461,2901 5551,2901 5641,2901 5730,2907 5820,2907 5909,2907 5999,2907 6088,2907 6178,2895"/>
                <TextEquiv>
                    <Unicode>sen das Hotel war nicht besondes gut.-</Unicode>
                </TextEquiv>
            </TextLine>
            <TextLine id="tr_1_tl_18" custom="readingOrder {index:17;}">
                <Coords points="4163,3080 5713,3057 6237,3167 6221,2951 4848,2914 4537,3025 4163,2930"/>
                <Baseline points="4178,3056 4184,3056 4274,3056 4363,3056 4453,3056 4542,3056 4632,3056 4721,3056 4811,3056 4900,3056 4990,3056 5079,3056 5169,3056 5258,3056 5348,3056 5438,3062 5527,3056 5617,3062 5706,3056 5796,3062 5885,3062 5975,3062 6064,3056 6154,3056 6243,3050"/>
                <TextEquiv>
                    <Unicode>Es war eigentlich ein Unsinn die Partie</Unicode>
                </TextEquiv>
            </TextLine>
            <TextLine id="tr_1_tl_19" custom="readingOrder {index:18;}">
                <Coords points="4176,3233 5631,3217 6053,3302 6084,3146 4176,3170"/>
                <Baseline points="4190,3211 4280,3217 4369,3217 4459,3217 4548,3217 4638,3217 4727,3217 4817,3217 4906,3217 4996,3217 5085,3211 5175,3211 5264,3211 5354,3211 5444,3211 5533,3217 5623,3217 5712,3211 5802,3211 5891,3217 5981,3217 6070,3211 6088,3211"/>
                <TextEquiv>
                    <Unicode>aufzuschieben.Jetzt wärenwir jedes-</Unicode>
                </TextEquiv>
            </TextLine>
            <TextLine id="tr_1_tl_20" custom="readingOrder {index:19;}">
                <Coords points="4176,3391 6010,3399 5981,3291 5291,3323 5091,3223 4176,3233"/>
                <Baseline points="4190,3366 4280,3372 4369,3372 4459,3372 4548,3372 4638,3366 4727,3372 4817,3372 4906,3372 4996,3366 5085,3366 5175,3366 5264,3372 5354,3366 5444,3366 5533,3372 5623,3366 5712,3366 5802,3366 5891,3372 5981,3366 6017,3366"/>
                <TextEquiv>
                    <Unicode>falls schon zurück. um vier, wie ich</Unicode>
                </TextEquiv>
            </TextLine>
            <TextLine id="tr_1_tl_21" custom="readingOrder {index:20;}">
                <Coords points="4182,3565 6124,3541 6100,3436 4732,3489 4566,3383 4182,3402"/>
                <Baseline points="4196,3527 4250,3527 4339,3527 4429,3527 4518,3521 4608,3527 4697,3527 4787,3527 4876,3527 4966,3527 5056,3527 5145,3527 5235,3521 5324,3527 5414,3527 5503,3527 5593,3527 5682,3527 5772,3527 5861,3527 5951,3527 6040,3521 6130,3509"/>
                <TextEquiv>
                    <Unicode>zum Teunis gegangen bin,war der tele-</Unicode>
                </TextEquiv>
            </TextLine>
            <TextLine id="tr_1_tl_22" custom="readingOrder {index:21;}">
                <Coords points="4182,3694 4603,3686 4761,3800 6039,3792 6013,3594 5515,3628 5244,3520 4182,3565"/>
                <Baseline points="4196,3689 4256,3683 4345,3677 4435,3677 4524,3677 4614,3677 4703,3677 4793,3677 4882,3677 4972,3677 5061,3677 5151,3677 5241,3677 5330,3677 5420,3677 5509,3671 5599,3677 5688,3677 5778,3677 5867,3677 5957,3677 6046,3677"/>
                <TextEquiv>
                    <Unicode>graphisch angekündigte Expressbrief</Unicode>
                </TextEquiv>
            </TextLine>
        </TextRegion>
    </Page>
</PcGts>
