6696 4264
2572 383 2734 581 93
917 581 2841 782 les ein Spass, es war ja alles leider
923 730 2989 936 ein Spass, das Leben ist ja gar nicht so
946 863 2984 1115 amüsant. Dreissigtausend,eine Bagatelle!
954 1053 3005 1243 Ja, wenn es wirklich eine Millionn gewe-
1014 1215 2862 1394 sen wäre. Wegen Wie jämmerlich, wegen
970 1350 3013 1551 dreissigtausend Zuchthaus, Ruin,Schande!
967 1514 3010 1689 Ja natürlich, Schande und Ruin und Tod.
975 1684 2927 1845 Tod, ja Tod. Nun,Mademoiselle Else, was
977 1817 3023 2015 machen sie denn für Gschichten? Sie wa-
993 1968 2851 2174 ren doch schon bereit auf und davon
985 2090 2992 2353 zu gehen, die Geliebte von fremden Män-
1001 2262 3083 2473 nern zu werden - und auf die Kleinigkeit
996 2424 3091 2622 die Herr von Dorsday von Ihnen verlangt
1006 2578 2893 2768 kommt es Ihnen an. Für schöneKleider,
1014 2695 3083 2922 für einen Perlenschmuck wollen Sie sich
1014 2843 2935 3068 verkaufen und das Leben Ihres Vaters
1016 3055 2987 3237 ist Ihnen nicht so viel wert? Es wäre
1069 3195 3099 3427 gerade der rechte Anfang,es wäre eine
1035 3339 2953 3578 Rechtfertigung für alles andere. Ihr
1035 3518 3096 3769 wart es, Ihr, die mich dazu gemacht habt,
1037 3662 3044 3943 könnte ich sagen, Ihr alle seid schuld,
4306 461 6346 709 nicht nur papa und Mama. Auch der Rudi,
4303 631 6377 857 auch Fred und jeder,jeder,weil sie sich
5043 784 5249 873 habe
5966 808 6234 897 um
4300 818 6302 1035 nicht/ kümmertum das,was in unsereinem
4300 975 6351 1147 vorgeht. Ein bis xxx Zärtlichkeit, wenn
4279 1066 6182 1301 man hübsch aussieht und ein bisl Be¬
4269 1287 5770 1449 sorgtheitwenn man Fieber hat
4282 1446 5679 1603 die Schule schicken sie ein
6015 1470 6187 1608 zu
4269 1572 5666 1754 haus lernt man Klavier und
6015 1632 6263 1772 sisch
4259 1744 5593 1916 und im Sommer geht man aus.
4251 1897 5400 2077 zum Geburtstag kriegt
4248 2033 5888 2215 und bei Tisch reden sie über al
5963 2051 6130 2218 lei
4235 2184 5877 2393 aber was in mir fragt,und wühlt
4274 2325 5872 2559 Angst hat, habt Ihr Euch darum
4214 2489 5872 2687 kümmert? Manchmal im Aug von Pa
4204 2624 5859 2841 so eine Ahnung davon,aber ganz
4199 2776 5656 2966 tig und dann war wieder der
4212 2945 5976 3143 und die Sorgen und das opiel und wie
4206 3104 5590 3294 scheinlich irgend ein Frage
5687 3135 6216 3331 zimmer ganz
4180 3268 6182 3492 im Geheimen, nichts sehr Feines und ich
4160 3391 5783 3599 war wieder allein. Nun,was tät
5859 3479 6096 3628 t du,
4154 3516 6117 3745 Papa, was tätst du heut, wenn ich nicht
