6680 4296
994 332 3114 541 nimmt meine Hand schon wieder. Warum ziehe
980 472 3188 654 ich sie nicht fort? Bin ich zu Stein gewor¬
969 667 3032 846 den?— „Aber ich bin nicht grossartig. Ich
994 849 3051 961 bin ein Mensch, ein ziemlich gewöhnlicher
980 986 3106 1107 Mensch, der die Erfahrung gemacht hat, dass
980 1074 3032 1288 alle auf der Welt seinen Preis hat und
2573 1214 3136 1318 in der Lage est
980 1304 3136 1445 dass jeder, der Geld schenkt, wenn er etwas
980 1392 2963 1598 dafür bekommen könnte, ein ausgemachter
975 1631 3068 1736 Narr ist. Und was ich mir diesmal kaufen
2230 1700 3062 1881 ist Sie werden
980 1782 2241 1884 will.Else, so viel es auc
1813 1845 2683 1964 duft du s: en verkaufe
980 1859 2977 2062 nicht ärmer dadurch. Und dass es ein Ge-
975 1999 3065 2274 heimnis bleiben würde zwischen Ihnen und
980 2205 2928 2408 mir, das schwöre ich Ihnen bei all den
980 2315 3101 2491 Reizen, durch deren Enthüllung Sie mich bei
986 2529 3029 2645 glücken sollen.“ Wo hat er so reden ge-
969 2683 3068 2831 lernt? Es klingt wie aus einem Buch. „Und
986 2842 3048 2982 cie sollen mich auch nicht für einen un-
969 2936 3139 3112 redlichen Käufer halten. Ich schwere Ihnen,
975 3125 3032 3235 dass ich von der Situation-n-i-einen Ge-
975 3287 3144 3444 brauch machen werde, der in unserem Vertrag
969 3400 3070 3576 nicht vorgesehen war. Ich schwöre Ihnen,
843 3691 2991 3960 Ins Aug wie Todleinde. Ich will ihm Sehult
4125 423 6259 541 dass ich nichts weiter von Ihnen velangen
4106 568 6259 687 werde als eine Viertelstunde dastehen dür
4119 739 6102 909 fen in Andacht vor Ihrer Schönheit. Und
4125 882 6069 1005 auch die Wahl des Orts steht ganz bei
4125 1044 6182 1151 IhnenMein Zimmer liegt im gleichen Stock
4119 1195 6223 1365 werk wie das Ihre, Nummer fünfundsechzig,
4119 1357 6193 1450 leicht zu merken, der schwedische Tennis
4114 1488 6242 1618 spieler, von dem sie heute sprachen,war ge
4119 1692 6176 1837 rade fünfundsechzig Jahre alt. Aber wenn
4119 1807 6163 1986 Ihnen das aus irgend einen Grunde trotz
4114 1955 6281 2159 meines Schwures nicht passt,so schlage ich
4119 2128 6171 2224 Ihnen einen klinen spaziergang nach dem
4114 2271 6234 2455 Diner vor. Es gibt eine Lichtung im Wal
4106 2414 6275 2529 de, ich habe sie neulich ganz zufällig ent¬
4114 2606 6212 2705 deckt, kaum fünf Minuten weit von unserem
4106 2680 6097 2837 Hotel,es wird eine wundervolle Sommer-
4106 2881 6239 3013 nacht heute, beinahe warm und das Sternen-
4106 3040 6127 3197 licht wird Sie herrlich kleiden." - Er
4103 3183 6275 3320 ppricht wie zu einer sklavin - „Oder viel-
4905 3282 5155 3378 my
4106 3271 6300 3466 leicht fällt Ihnen noch etwas anderes ein
4103 3809 6086 4084 Freunde. Es ist gar nicht so furchtbar
