3176 4024
2413 333 2584 474 166
807 457 2738 668 du xx so schnell durch die Hauptallee
812 643 2602 847 reitest. Du sollst mich tretten. Ich
809 777 2582 991 habe Veronalica genommen. Das läuft
809 931 2592 1149 mir über die Arme und Beine, rechts
822 1090 2686 1303 und links wie Käfer.Ja,fang ihn nur,
827 1261 2703 1477 den Herrn von Dorsday.Dort läuft er.
1291 1370 1668 1470 dit in t
837 1427 2746 1606 siehst du? Er springt über den Teich.
822 1564 2818 1777 Er hat den papa umgebracht.Ich bin zu
822 1683 2780 1912 müd dazu. Dazu sinddie schönen Herren
849 1867 2063 2073 da. Vorwärts! Verwärt s:
866 2003 2634 2199 Weisst du nicht,was er getan hat.
864 2123 2666 2373 Er hat den Papa ungebracht. Ich lau¬
876 2291 2641 2458 fe mit. Sie haben mir die Bahre auf
2150 2408 2309 2497 de
874 2468 2676 2674 den Rücken geschnallt,aber/ich lau-
879 2629 2706 2758 fe mit. Mine Brüste zittern,aber ich
881 2741 2659 2907 laufe mit. Wo bist du denn? Wo seid
881 2912 2775 3113 Ihr denn alle? Allein laufe ich dum
884 3083 2761 3250 die Wüste. Warum lasst Ihr mich denn
881 3235 2703 3443 allein? Wo seid Ihr denn alle? Paul?
884 3374 2564 3590 Sissy? Ich habe Angst.Ich werde
894 3538 2639 3768 liebe fliegen. Ich hab ja gewusst,
