3256 4184
2368 409 2621 634 160
1779 425 2255 599 is in the
773 556 2669 778 Auch Fred ist ein Mörder. Die Mamaist
776 728 2727 917 eine Mörderin. Alle haben sie mich ge
2239 872 2492 968 Tit zal.
771 895 2798 1067 mordet und wissen es nicht.Sie hat sich
778 1031 2661 1221 umgebracht,werden sie sagen.Ihr habt
1640 1183 1837 1297 th
761 1190 2763 1370 mich umgebracht. (ch strecke meinen Arm
776 1355 2783 1527 aus, ich richte mich auf, Ich kann nicht,
781 1529 2611 1678 ich kann nicht.Das Glas. Ich greife
773 1658 2669 1825 das Glas.Ich habes, ich hab es Mein
811 1812 2745 2022 Glas.An meine Lippen, an meine Zippen.
773 1974 2768 2174 Ich muss, ich muss! Es schmeckt gut. Wei-
778 2105 2553 2297 ter,weiter.Nie hat mir was so gut
786 2290 2712 2437 geschmeckt. Wenn Ihr wüsstestuwie gut
776 2414 2742 2611 der Tod schmeckt.Gute wacht,mein Glas.
786 2606 2669 2750 vlirr,klirr! Was ist denn das? Unten
768 2717 2644 2899 liegt das Glas,unten liegts.- „Else,
773 2861 2699 3081 Else!" - Was wollt Ihr denn? Ich liege
773 3038 2697 3210 ohnmächtig da mit geschlossenen Augen.
776 3223 2694 3374 Ihr sollt nie widermeine Augen sehen.
1135 3324 1537 3450 Sie wurf
826 3351 2702 3501 „Offenbar hat sie sich bewegt, Paul,
778 3483 2684 3632 wie hätt es sonst herunterfallen kön-
776 3680 2672 3862 nen. „Offenbar-Das kommt vor.“ „Ich
