6568 4296
875 672 2747 930 noch nicht da. Wer weiss ob jetzt.Ich
867 877 2747 1082 hätte noch ganz gut ein Set spielen
917 993 2786 1242 können. Warum grüssen mich diese zwei
885 1224 2600 1381 jungen Leute? Ich kenn sie ja gar
930 1297 2878 1534 nicht.Seit gestern wohnen sie imHotel,
932 1481 2892 1610 sitzen beim Essen links am Fenster.Hab
927 1652 2949 1844 ich ungnädig gedankt oder hochmütig? Ich
885 1828 2815 1996 bin s ja gar nicht. Wie sagte Fred, als
932 1888 3041 2146 er mich vom Coriolan nach Hausebegleitete
932 2093 2726 2295 Frohgemut, kein hochgemut. Hochgemut
877 2230 2823 2435 sind Sie, nicht hochmütig,Else.Einschö-
924 2358 2844 2608 nes Wort.Er findet immer schöne Wörte.
943 2547 2805 2737 Warum geh ich so langsam? Fürcht ich
932 2739 2836 2878 mich am Ende vor Mamas Brief? Nun an-
940 2805 2949 2997 genehmes wird er wohl nicht enthalten.
896 2970 2884 3220 Express. Oh weh.Was für ein Lehen trotz
940 3188 2986 3372 roten Seidensweater und Seidenstrümpfan.
938 3320 2831 3527 Drei Paar.Die arme Verwandte von der
903 3498 2828 3687 reichen Tante eingeladen. Icher bereut
945 3606 2926 3829 sie's schon. Soll ich dir's schriftlich
951 3787 2881 3955 geben, geliebte Tahte, dass ich an Paul
4081 528 6140 798 betrogen hast? Ich ghaub schon.Mama ist
4094 699 6067 948 ziemlich dumm. Vonmir hat sie keine Ah-
4089 843 5980 1106 nung. Und andere Menschen auch nicht.
4092 1008 6069 1258 Fred wielleicht? Aber eben nur eine Ah-
4107 1205 6164 1429 nung,-Himmlischer Abend.Wie festlich das
4089 1318 6082 1568 Hotel aussieht.Man spürt: lauter Leut,
4052 1494 6051 1723 denen es gut geht,und die keine Sorgen
4100 1631 5985 1886 haben. Ich zum Beispiel.Haha.Warumei-
4113 1828 6130 2022 gentlich nicht? (Ich bin dazu geboren.
4118 1972 6161 2185 Ich wäre zu einem sorgenlosen Leben gebo
4128 2114 6035 2356 ren.Schade.Auf dem Cimone liegt ein
4063 2280 6093 2495 roter Glanz.Paul würde sagen Alpenglü-
4128 2445 6088 2642 gen. Das ist hoch lang kein Alpenglü-
4065 2576 6064 2831 hhen.Es ist zum Weinen schön.Ach,warum
4118 2729 6006 2960 muss man wieder zurück in die Stadt.
4515 2968 5975 3249 „Guten Abend „Fräulein Else“.
4149 3191 5954 3385 „Küss die Hand,gnädige Frau".-„Vom
4142 3364 6048 3551 Tennis?“. Sie siehts doch,warumfragt
4155 3477 6101 3719 sie. „Ja, gnädige Frau, ich komm vom wir
4149 3666 6216 3887 haben beinahe drei stunden lang gespielt
4149 3842 6148 4050 Und gnädige Frau machen noch einen Spa-
