3352 4328
2588 491 2765 671 136
915 566 2893 793 ebtschiedem. Der Portier sieht mich
926 766 2915 924 verdächtig an. Ist vielleicht noch eine
943 915 2854 1082 Depesche gekommen? Er würde mir es ja
1709 1043 3079 1173 de la nouvelle.
904 1076 3129 1259 sagen.Er grüsst mich. Er weiss nicht,
2849 1215 3084 1356 xyz
910 1226 2768 1423 dass ich unter dem Ma tel nichts an
2541 1334 2951 1481 volperte
913 1384 2860 1551 ahabe. Wenn ich über die Stufen polter
913 1531 2840 1720 te, das wäre eine nette Geschichte. Vor
910 1661 2921 1858 drei Jahren auf dem Wörthersee ist ein
544 1822 877 1994 Houe
918 1839 2893 2041 ganz nackt h'inausgeschwommen.Aber noch
2000 1978 2269 2083 it in
899 1975 2915 2202 am selben Nachmittag abgereist.Die Maria
888 2155 2843 2347 hat gesagt es ist eine Operettensänge
890 2302 2738 2483 rin aus Berlin.Gott sei Dank,gestol
904 2471 2732 2627 pert bin ich nicht. Wer spielt denn
2277 2582 2485 2674 Artic
882 2591 2882 2815 im Musikzimmer? Schumann.Was uur-
1132 2738 2610 2840 dann desselb. Dit hatt in Kleinerlehre er
879 2765 2893 2935 Das spielzimmer ist rechts.Jetzt wirds
885 2943 2779 3084 ernst. Wenn er dort ist,wink ich ihn
877 3059 2760 3273 mit den Augen zu mir her und sag ihm:
879 3209 2679 3403 Um Mitternacht werde ich bei Ihnen
882 3378 2821 3603 sein,Sie Schuft! Nein,Schuft sag ich
885 3509 2871 3758 ihm nicht. Aber nachher sag ich's ihm.
1628 3892 2652 4111 im fr. Hotel. Morgen
