3400 4296
2789 508 2916 615 41
2155 516 2381 657 doe
268 571 756 750 achtände
861 532 2919 830 Für sieben Uhr habe ich meine Friseurin
276 692 734 797 j'ai tout M.
223 770 734 897 trente ich in
852 806 2910 955 bestellt. Adieu, Else,Adiei Paul. „Küss
246 858 717 1007 in the last
855 949 2017 1101 die Hand, gnädige Frau.
207 963 720 1081 Ihr zweiteil in
196 1073 577 1203 Métard?
1275 1115 2963 1316 „Darf ich mich noch einen Moment
836 1252 2996 1446 zu dir setzen.Else, oder stör ich dieb
844 1429 3037 1545 deinen Traumen?“.Warum in meinen Träumen?
839 1556 2996 1716 Ahar vielleicht in meinen Wirklichkeiten.
844 1677 2990 1848 „Das heisst eigentlich gar nichts.Er soll
819 1868 2924 2019 fortgehen. Ich will mit Dorsday sprechen.
811 1995 2933 2157 Er steht dort noch mit Frau Winawer,aber
1106 2119 1308 2201 seh
819 2152 2781 2342 ich menbe ihm an, dass er hieherkommen
819 2331 2866 2472 will. Ich muss die Gelegenheit benützen.
822 2499 2963 2654 „Gibt es denn solche Wirklichkeiten?“ Was
872 2571 2323 2695 in seiner die nicht dort ein villet.
803 2629 2864 2781 sagt er? Ach so. „Es gibt wahrschänlich
1106 2745 2000 2833 2i mier liebes sond
806 2808 2858 2966 allerie, wovon du keine Ahnung hast. Er
808 2930 2864 3101 soll zum Teufel gehen. Warum lächle ich
800 3093 2795 3233 ihn denn so kokett an? Dorsday schielt
792 3222 3007 3446 herüber. Wo bin ieh? Wo bin ich? Was hast
789 3399 2927 3559 du nur heut, Else?“ „Was soll ich denn ha¬
792 3556 3004 3763 ben?" „Du bist geheimnis voll,dämonisch, ver
789 3708 2806 3962 führerisch.“.Red keinen Unsinn.° „Man
