3352 4328
1598 176 1686 220 I did not
388 258 896 332 Mais elle est eu de mon ami
355 640 2711 787 Ein junges Mädchen tritt nackt in den Speise-
370 790 2694 946 saal des Berghotels. Sie erzählt, dass sie be-
376 1005 1010 1102 raubt wurde.
367 1087 2726 1254 Motiv: Sie tut es, um die Männer zu prüfen, die
382 1298 1489 1404 sich um sie bewerben.
397 1454 1322 1563 Besser. stilisiert.
414 1604 1525 1739 (Sie will das Be he schi
423 1704 2747 1886 Bei Alsine auf die kommen, und sehr in der Seitung
655 1906 1539 2050 nach der Kleider
482 2115 1384 2209 I will dit ist &c
2097 2059 2268 2247 7
558 2162 2053 2332 Vielleicht erfüllt sie nicht
549 2368 2485 2517 Abe ist Sie kann, auch den heben nur in
620 2629 2855 2785 Ihr Vater vermeint. Sie erfährte ein Beyhöbel
634 2770 2799 2940 gelt zu deren alles Freien. Sie können ihn retten.
608 2967 1574 3073 ses lubles et : et celais
623 3140 2344 3284 soden verhält so de Voll ich schaupt hat
