6872 4328
6049 547 6252 730 120
2826 604 3044 722 119
4341 717 6245 879 an irgend einen Direktor Willomitzer
1117 706 3111 945 die Villa mit den Marmorstufen und die
4292 855 6283 1074 verkuppeln möchte. Da hab ich sie alle
1071 889 3077 1099 schönen Jünglinge und die Freiheit und
4336 1022 6311 1197 zum Narrn, den Schuften Dorsday vor al-
1063 1056 2926 1236 die weite Welt? Und jetzt plötzlich
4274 1133 6281 1356 lem. Da hab ich mich mit einem Mal von
1071 1243 2898 1400 wieder ein junges Mädchen aus soge-
4285 1333 6234 1492 Allen losgelöst und komme zum zweiten
1133 1336 3047 1559 nanntem guten Haus, das sich fürdreis
4272 1485 6263 1659 Mal auf die Welt.Adresse bleibt Fiala.
1063 1552 3111 1703 sigtausend Gulden vor einen alten Lebe
4267 1647 6314 1803 Haha. Keine Zeit mehr zu verlieren, nicht
1066 1713 3029 1821 mann nackt hinstellt, um den Vater vor
4269 1775 6250 1929 wieder feig werden. Herunter das Kleid,
1079 1826 3108 2027 dem Kriminäl zu retten. Nein, nein..Eut-
4277 1960 6265 2112 herunter. Wer wird der Erste sein? Wirst
1079 2016 3139 2165 weden oder. Wenn einer mich sieht, sollen
4267 2094 6250 2245 du es sein,Vetter Paul? Du hast Glück,
1063 2132 2977 2327 mich auch andere sehen. Wie kommtdenn
4272 2258 6255 2376 dass der Römerkopf nicht mehr da ist.
1069 2296 2880 2479 er dazu? Er allein? Alle. Die ganze
4272 2384 6173 2566 Wirst du meine schönen Brüste küssen
1120 2402 3098 2643 Welt und dann das Veronal. Nein, nicht
4269 2553 6332 2731 heute Nacht? Wie schön bin ich.Herunter,
1125 2610 3183 2782 das Veronal,das neue Leben, die Luderei.
4300 2713 6060 2885 herunter.Bertha hat ein schwarzes
1133 2751 2882 2939 die Freiheit.Alle, alle.Sie werden
4259 2862 6160 3059 Seidenhemd.Raffiniert.Behalt ich die
1071 2926 3023 3103 meinen, ich bin verrückt geworden, aber
4259 2993 6193 3198 Strümpfe an.Nein, das ist unanständig.
1097 3065 3026 3208 ich war noch nie so vernünftig.Es ist
4277 3149 6191 3355 Nackt, ganz nackt. Wie wird mich Sissy
1071 3237 2980 3383 das Einzige,was ich tun kann, was ich
4251 3311 6126 3496 beneiden - und Andere auch.Aber sie
1069 3327 3036 3568 tun muss. Dann gibts kein Zurück.
4256 3478 6191 3632 trauen sich nicht.Sie möchten ja alle
1081 3514 3139 3707 Kein Nachhause, keines zu Paul und keins
4285 3601 6191 3773 so gern.Nehmt Euch ein Beispiel. Ich,
1066 3653 2931 3874 zu den onkeln und Tanten. Da bin ich
4241 3763 6147 3979 die Jungfrau,ich trau mich. Ich werde
1084 3861 2972 4066 nicht mehr das Fräulein Else, das man
