6840 4328
2798 466 3014 667 115
1107 638 2996 852 leistung und verpflichte mich über -
1047 867 3032 993 haupt von heute an für den Lebensunter-
1097 1016 2972 1170 halt Ihrer ganzen Familie zu sorgen,
2040 1078 2571 1198 Hier Heur Pape
1052 1175 3043 1331 seine Blrsenschulden zu zahlen,verun-
1102 1269 3097 1485 treute Mündelzelder zu ersetzen,Adres-
1060 1461 3116 1623 se bleibt Eiala.Ha,ha,ha Ja, genau so ist
1047 1560 3079 1774 er die der Vicomte von Eperies, wie sie ihn
1115 1769 3097 1907 immer nennen. Ich schreibe ihm.dasd ich
1740 1881 2037 1972 es und
1065 1930 3037 2050 komme. Erwarten sie mich um Mitternacht
1868 2014 2391 2113 gros artes est
1256 2040 1508 2120 seven
1052 2081 2954 2251 in Ihren Zimmer/Und vor meinen Augen
1042 2225 3045 2394 muss er die Depesche an Fiala schreien
1052 2397 3032 2561 und mir überreichen, so dass
1047 2535 2884 2704 ich sie selbst morgen Früh aufgeben
1047 2701 3040 2852 kann. Und dann sag ich ihm,wenn Sie auf
1047 2826 3084 3030 Ihrer Forderung bestehen, dann bring ich
1037 2933 2852 3168 mich um Aber das ist ja Unsinn Ich
1037 3134 3004 3306 kann ja das Clas mit dem Veronalnicht
2324 3248 2709 3366 Aber in
1029 3319 3019 3491 in sein Zimmer mitnehmen. Ich hab auch
1029 3475 3074 3616 gar keine Last Veronal zu nehmen,es ist
1037 3561 2978 3845 ja auch nicht notwendig.) Ich bin doch
6072 544 6262 696 116
4366 656 6153 836 entschlossen alles zu tun, was Herr
4324 815 6203 995 von Dorsday verlangt.um dem Papa das
4366 985 6213 1146 Geld zu verschaffen, obzwar ich ganz
4319 1112 6301 1331 überzeugt bin, dass wir in einem halben
4324 1313 6387 1474 Jahrwieder gerade so weit sind wie heu¬
4366 1446 6265 1646 te. Aber dann geht es mich nichts mehr
4309 1607 6351 1745 an. Das eine Opfer bring ich, dann keines
4314 1722 6351 1925 mehr. Das sag ich dem Papa,wenn ich nach
4314 1902 6255 2055 Wien komme (J.a, alles aage ich ihm auch
4314 2050 6320 2235 wie tief ich mich habe erniedrigen müs
4259 2214 6354 2384 sen).Und dann fort aus dem Haus,wo immer
4309 2365 6351 2535 hin. Ich werde mich mit Fred beraten.
4309 2529 6315 2696 Aber das hat alles noch Zeit.Vor allem
4296 2694 6150 2845 muss die Sache mit Dorsday geordnet
4301 2850 6252 2972 werden.Da ist das Telegramm. Und jetzt
4296 2993 6203 3168 schreibe ich ihm nichts anderes als:
4296 3134 6156 3311 Erwarten Sie mich um zwölf - -Nein,
4358 3280 6208 3457 nein, nein.Den Triumph soll er nicht
4296 3467 6291 3634 haben. Aber ich hab doch schon gewusst,
4296 3598 6301 3772 was ich tun will, um ihm den Triumph zu
4296 3733 6301 3897 verderben. Wo ist denn das alles wieder
4301 3934 6161 4111 hin? Mein Kopf, mein armer Kopf. mein
