6680 4264
1042 571 2978 716 Vetter Paul mitzubringen. Oder ziehen
1050 723 2991 922 gie etwa einen Andern vor? Der Filou
1032 859 2840 1055 mit dem Römerkopf ist leider nicht
1037 1039 2884 1215 mehr da. Aber wir finden vielleicht
1037 1197 2973 1355 wen.- Sie fürchten Indiskretion? Aber
1006 1315 2981 1495 darauf kommt es ja nicht an. Ich lege
1641 1465 2227 1572 auf Diwelen.
1032 1506 2986 1694 keinen Wert darauf. Denn wenn mane in-
1032 1664 2889 1816 mal so weit ist wie ich, dann ist ja
1024 1788 2978 2002 schon alles ganz egal. Das ist ja heut
1024 1982 3039 2114 nur der Anfang. Oder denken Sie viel -
1047 2130 2950 2267 leicht aus diesem Abenteuer fahr ich
1019 2280 3009 2430 wieder nach Hause als anständiges Mäd-
1032 2402 2825 2581 dhon aus guter Familie? Nein, nein,
1032 2586 2907 2746 weder gute Familie noch anständiges
1037 2741 2998 2912 junges Mädchen. Ich stelle mich jetzt
1032 2868 2800 3052 auf meine eigenen Beine. Ich habe
1019 3049 2973 3192 schöne Beine,Herr von Dorsday,wie Sie
1032 3169 3004 3337 und die übrigen Teilnehmer des Festes
1032 3337 3070 3541 bald bemerken werden. Also, die Sache ist
1014 3485 2897 3630 in Ordnung,Herr von Dorsday. Umzehn
1014 3673 2871 3831 Uhr, während alles noch in der Halle
6010 374 6221 558 100
4354 555 6295 777 sitzt,wandern wir im Mondenshein über
4308 701 6325 925 die Wiese, nach Ihrer berühmten selbst-
4356 871 6257 1065 entdeckten Lichtung. Das Telegramman
4298 1062 6150 1218 die Bank bringen Sie für alle Fälle
4315 1172 6150 1355 gleich mit, denn eine sicherheit darf
4315 1312 6331 1493 ich doch wohl verlangen gegenüber einem
4308 1485 6109 1669 solchen Spitzbuben wie Sie. Und um
4303 1630 6264 1821 zwölf können sie wieder nach Hause ge
4308 1778 6190 1982 hen und ich bleibe mit meinem Vetter
4308 1931 6234 2102 auf der Wiese im Mondenschein. Sie ha-
4298 2081 6066 2308 ben doch nichts dagegen Herr von
4290 2237 6300 2428 Dorsday? Sie dürfen gar nichts dagegen
4290 2392 6269 2598 haben. Und wenn ich morgen Früh zufäl-
4290 2570 6338 2716 lig tot sein sollte,so wundern Sie sich
4303 2685 6287 2909 weiter nicht. Da gibt eben Paul das Te-
4333 2851 6343 3085 legramm auf. Aber bilden Sie sich dam
4303 3062 6160 3233 um Gotteswillen nicht ein, dass Sie,
4290 3167 6295 3342 elender Kerl, mich in den Tod getrieben
4298 3337 6323 3526 haben. Ich weiss es ja schon lange, dass
4308 3488 6096 3691 ich so enden werde. Fragen Sie nur
4280 3673 6150 3857 Herrn Fred,ob ich's ihm nicht schon
