6664 4312
5843 508 6015 642 43
2809 593 2961 727 42
3930 610 6082 800 kühl. Schade, dass ich meinen Mantel - aber
864 733 3078 929 könnt einfach toll werden, wenn man dich an-
3939 806 6100 964 ich habe ihn ja heut Früh in die Portier-
879 920 2865 1101 sieht." Wag fällt ihm denn „wie red/er
3924 926 5983 1118 lege hineingehängt. Ich fühle den Blick
867 1037 3075 1241 den mit mir? Aber hühseh ist er. Der Rauch
3930 1075 6024 1276 von Dorsday auf meinem Nacken.Frau Wina-
876 1232 3034 1407 von meiner Zigaretto verfängt sich in sei-
3919 1229 6062 1440 war geht jetzt hinauf in ihr Zimmer.wiesc
873 1372 3013 1536 nen Haaren, aber ich kann ihn jetzt nicht
3924 1390 6112 1571 weiss ichs denn? Telepathie..Herr Portier,
864 1545 3022 1676 brauchen. „Ich glaube, es ist wirklich das
3936 1551 6006 1705 ich habe heute Früh meinen Mantel - „Ja-
853 1626 3078 1845 Beste, ich gehe. Du siehst so über mich hin -
3913 1752 6012 1945 wohl, Fräulein, wünschen den Mantel?" „Ja,
864 1851 3013 2012 weg. -Ich antworte gar nichts,es ist das
3980 1860 4199 1959 sen.
3930 1916 5834 2085 wenn sie so freu dlich sein möchten.'
5382 1997 5767 2102 Faulein.
856 1980 3034 2126 reste. Nur keine Konversation. Er ist Luft
3913 2070 5904 2254 „Schon etwas kühl die Abende) Das kommt
616 2123 2961 2359 für mich. Merkt Dorsday, dass ich ihn er-
3913 2231 6056 2348 bei uns so plötzlich. Ich nehme den Man-
885 2301 3002 2464 warte? Ich sah nicht hin, aber ich merke,
3919 2318 6123 2549 tel einfach über den Arm. Soll ich wirklich
879 2429 2897 2648 dass er herzieht. „Also leb wohl,Else“.
3913 2459 5977 2683 vors Hotel? Gewiss,was sonst.Jedenfalls
876 2608 3034 2806 Gott sei Dank. Er küsst mir die Hand. Das
3907 2628 5922 2803 zur wür hin. Jetzt kommt einer nach dem
891 2742 2686 2940 tut er sonst nie. Ich lass mirs ge
3907 2774 5919 2949 andern.Der Herr mit dem goldenen Zwi -
902 2902 3095 3092 fallen. „Adieu, Paul“. Wo hab ich die schmel-
3913 2920 5858 3116 cker, der lange Blonde mit der grünen
896 3043 3019 3230 zende Stimme her? Er geht, der Schwindler.
3901 3078 6220 3256 Weste.Alle gehen sie mich an.Die ist kleine
894 3232 2993 3376 Wahrscheinlich hat er noch mit Sissy was
3907 3232 6079 3425 Genferin ist hübsch. Nein, aus Lausanne ist
1434 3335 2006 3440 Wyn heut recht
896 3387 3005 3571 zu besprechen. So. Und ich zieh den Shawl
3907 3454 4181 3577 sie.
888 3516 2821 3703 fester un meine Schulter und steh auf
4225 3513 6114 3799 „Guten Abend,Fräulein Else. Ich wende
4342 3723 4780 3819 nicht
899 3659 2993 3866 und tue, als wollt ich vers Hotel hinaus.
3916 3679 4260 3887 hat
4342 3708 6024 3892 wüsste ich nicht wer- Und ich
899 3811 2844 4033 Ich werd es auch. Freilich sehen etwas
