6680 4328
5731 335 5896 445 Fr'
2737 459 2901 618 72
3528 555 3846 761 15/2. 23.
879 610 3047 822 daran zu denken. Nur dass man es muss, das
893 764 2945 898 ist furchtbar. Dass ein Herr Dorsday es
4146 736 6130 956 feiner. Und wie war denn das vor sechs
874 890 2808 1077 wagt - Ober ruhig, es muss ja überlegt
4146 907 5959 1083 Wochen in der Früh um sechs auf dem
5948 942 6198 1140 a Bal¬
4723 1039 5959 1154 mein werden können so
2874 1011 3121 1129 steht.
874 1058 3028 1195 werden. Es steht ja Ein Menschenleben auf
4138 1072 6201 1242 kon, wie Sie sich anstellten, als merkten
1440 1181 2250 1286 Nun seben in Tage.
5470 1209 5968 1311 ant den ter
874 1258 2918 1409 dem Spiel. Ach nein, er wird sich lieber
4132 1236 6088 1398 Sie die zwei jungen neute im Kahn gar
885 1387 2882 1558 einsperren lassen. Drei Jahre schweren
4146 1387 6141 1577 nicht. Und ich hab doch ganz genau ge¬
874 1497 2871 1679 Kerker oder fünf - Mündelgelder - hd in
4132 1530 6278 1717 wusst, und habs doch gesehen, dass sie mihh
868 1676 2877 1824 dieser ewigen Angst lebt er schon fünf
4151 1728 6201 1866 angestarrt haben. Meine Züge konnten sie
2272 1797 2643 1915 guares
5171 1827 5676 1921 from he avi.
874 1866 3030 1995 oder zehn Jahre. Und Wama mit ihm und ich
4151 1838 6226 2006 wohl nicht deutlich erkennen, dazu war es
5036 1967 6270 2085 meine ihnen nächsten Teil
863 2019 2805 2165 doch auch. Vor wem werde ich mich das
4151 1992 6196 2176 zu weit. Aber sie haben mich gesehen/und
3640 2030 3852 2214 it.
5363 2118 6198 2236 mehr ad gefreut.
874 2140 2965 2272 nächste Mal nackt ausziehen müssen? Oder
3673 2182 4066 2352 loin or
4168 2203 6083 2344 ich habe mich gefreut, mir war so wohl
863 2286 3066 2467 bleiben wir der Einfachheit wegen bei Hem
4157 2338 6141 2492 dabei. ich war wie berauscht. Mit beiden
863 2443 2852 2577 Dorsday? Seine jetzige Geliebte ist ja
4146 2448 6108 2605 Händen strich ich mir über die prüste
2486 2525 3228 2671 me name hreibt
857 2638 2852 2742 nichts meines.unter uns gesagt. Nun, es
4146 2599 6141 2758 und über die Hüften und vor mir selber
868 2706 3025 2890 ist nich nicht ausgemacht, ob ich viel fei¬
4151 2756 6141 2921 dat ich so als ahat ich nicht. dass man
857 2874 2901 3066 ner bin? Sind Sie nicht gar so vornehm,
4146 2915 6058 3094 mich sah. Und gewiss eine Minute lang
849 3055 2965 3234 Fräulein Else, ich könnte Geschichten von
4138 3058 6215 3305 bin ich so stehen geblieben. Und der Kalm
5847 3195 6165 3302 not..
863 3195 3020 3412 vhnen erzählen - von einem gewissen Traum
4157 3212 6135 3462 bewegte sich nicht vom Fleck Da habich
4728 3366 4965 3467 man
4193 3371 4401 3481 gebort
838 3335 2954 3555 zum Beis iel, den Sie schon dramal gehabt
4157 3368 6012 3555 gehört, wie nebenan in der Villa ein
4652 3514 5253 3621 an Gewacht
5685 3503 6099 3613 reschient
838 3498 3036 3695 haben und von dem nicht einmal Bertha et -
4146 3525 6163 3704 Fenster sich öffnete und bin in meinem
4770 3679 5168 3781 nincts.
827 3676 2805 3827 was weiss. Da ist Nacktsein noch viel
5487 3673 5995 3849 tine stunde
4151 3682 5495 3868 Zimmer verschwunden und ein
5487 3800 6226 3945 unterfertende
4146 3844 6196 4058 lang nackt auf dem Bett gelegen und mit
