6840 4360
6154 424 6362 559 124
4449 478 6474 749 ehrter Herr Vicomte“ - also, vernünftig,
4438 684 6336 887 Else - keine Aufschrift, weder hoch -
2993 642 3190 811 123
1214 754 3195 939 Auf den Block schreib ich s. So, Medizin
4456 824 6409 1053 verehrt, noch hochverachtet.
1173 944 3219 1069 und drei Ausrufungszeichen. Und wenn ich
4433 991 6440 1204 Bedingung,Herr von Dorsday,ist erfüllt
1170 1076 3242 1240 dann heraufkomme und nur schlafen will,
4469 1102 6453 1362 - - - „In dem Augenblick,da Sie diese
1170 1248 3123 1404 trink ich statt des ganzen Glases nur
4417 1253 6399 1524 Zeilen lesen.Herr von Dorsday,ist Ihre
1160 1370 3141 1534 ein Viertel oder ein Zehntel. Ganz ein-
4412 1427 6396 1664 Bedingung erfüllt, wenn auch nicht ganz
1162 1557 3112 1682 fach. Alle hab ich in meiner Hand. Wär
4451 1615 6438 1807 in der von Ihnen gewünschten Weise. Und
1147 1708 3177 1846 es nicht am einfachsten so wie ich bin
4391 1726 6274 1947 so rechne ich darauf, dass Sie Ihrer-
1144 1815 3232 1997 über Gang und stiegen zu laufen. Ah nein,
4394 1872 6341 2116 seits Ihr Wort halten und die fünfzig
1144 2015 3146 2145 da könnt ich ja aufgehalten werden, ehe
4389 2049 6302 2246 tausend Gulden telegraphisch anweisen
1141 2132 3195 2301 ich unten bin und ich muss doch die Si¬
4376 2174 6284 2418 lassen“.So, tanz einfach sein schönes,
1131 2283 3021 2488 cherheit haben, dass Herr von Dorsday
4365 2324 6388 2564 gelbes Briefpapier.Und nun das Couvert.
2553 2423 2870 2556 que leur
1139 2444 3026 2600 dabei ist. Sonst schickt er / das Geld
4402 2488 6406 2727 Telegramm und Brief hinein. „Herrn von
2005 2587 2639 2691 her yt k
1123 2629 3081 2777 doch nicht ab. Aber Ich muss ihm doch
4360 2670 6292 2878 Dorsday,Zimmer Nummer fünfundsechzi.
1128 2764 3060 2933 endlich schreiben.Die Sessellehne ist
4358 2803 6206 3039 Wozu die Nummer? Ich lege den brief
1105 2920 3029 3094 kühl Es durchschauert mich. Aber ange¬
4342 2951 6315 3211 einfach vor seine Tür im Vorübergehen.
1110 3055 3112 3224 nehm. Wenn ich meine Villa am italieni-
4332 3133 6367 3336 Aber ick muss nicht, ich muss gar nichts
1113 3253 3167 3385 schen See haben werde,werde ich in mei-
4381 3240 6126 3520 Wenn es mir beliebt kann ich mich
1105 3370 3172 3578 nem Park immer nackt herumspazieren.Die
4365 3411 6367 3666 jetzt einfach ins Bett legen und schla-
1100 3533 2959 3697 Füllfeder vermach ich Fred,wenn ich
4371 3562 6256 3814 fen und muss mich um gar nichts mehr
1076 3682 3086 3856 einmal-sterbe.Aber vorläufig haben wir
4313 3697 5525 3892 kümmern, nicht um Herrn
5509 3773 6105 3999 Dorsday und
4347 3877 5522 4017 te man nicht alles im
1089 3858 2987 4007 etwas Gescheidteres zu tun. „Hochver-
