3528 4344
2571 606 2752 739 167
1085 702 2255 947 dass ich fliegen kann.
1362 878 2319 1078 „Else!“.... „Esse!
1352 1021 2969 1236 Wo seid Ihr denn? Ich hör Euch,
1038 1192 2314 1382 aber ich seh Euch nicht.
1434 1345 2475 1533 „Else!... „ dese!
1407 1486 2979 1716 Ein ganzer Chor.Ich singe mit.
920 1523 1330 1706 Mr W.
1046 1639 2784 1877 Was ist es denn für ein Lied?Alle
1058 1798 3044 2008 singen mit, die Wälder auch und die
1053 1956 2997 2186 Berge und die Sterne. Nie hab ich was
1073 2124 2997 2322 so Schönes gehört, nie hab ich eine so
1058 2317 2853 2463 helle Nacht gesehen. Siehst du sie
1066 2435 2972 2648 auch, Papa? Gib mir die Hand,wir flie¬
1071 2643 2898 2809 gen zusammen. So schön ist die Welt,
1078 2779 2965 2957 wenn man fliegen kann. Küss mir doch
1071 2952 2950 3098 nicht die wand, ich bin ja dein Kind,
1063 3115 1352 3269 Papa.
1464 3140 3313 3422 „ölse!“.... „Else!“ werden in aucht
1454 3382 2762 3563 Was wollt Ihr denn? Nicht
1071 3536 2927 3719 wecken, ich schlafe ja so gut.Morgen
1078 3684 2967 3884 Früh. Ich träume und fliege. Ich flie
1080 3850 2977 4067 ge,fliege, fliege - ich schlafe und
