6632 4280
2500 439 2688 654 20
670 597 2852 869 auf zwei verschiedenen Seiten. Aber er ist
675 882 2653 1068 ganz verzweifelt na chhause gekommen.
670 1051 2726 1160 Kann papa überhaupt verzweifelt sein? -
1414 1147 1800 1242 wie w
686 1201 2650 1395 Ich habe ihn noch gesehen, Vielleicht
686 1280 2816 1542 nicht einmal so sehr wegen des Geldes, als
695 1509 2737 1632 darum, weil die Leute sich so schändlich
700 1648 2691 1852 gegen ihn benehmen. Der Eine von ihnen
684 1757 2789 1926 war einmal Papas bester Freund. Du kannst
695 1882 2797 2165 dir denken, wen ich meine.“- Ich kann mir
692 2070 2814 2304 gar nichts denken, Papa hat so viel beise
716 2266 2871 2449 Freunde gehabt und in Wirklichkeit keinen.
714 2351 2860 2601 Ist as vielleucht Warnsdorfyt „Und da hat
708 2558 2609 2743 er sich endlich entschlossen und hat
692 2677 2563 2887 zugegeben, dass ich dir diesen Brief
695 2814 2735 3021 schreibe. Um ein Uhr ist Papa nachhause
705 3018 2694 3222 gekommen,ketőt ist vier ühr Früh. Papa
708 3124 2748 3407 schläft jetzt Gott sei Dank." - Und wer
711 3318 2658 3503 weiss weven er träumt? Wenn er lieber
1577 3410 2691 3541 et un des beste..../in chez
708 3473 2814 3699 nicht aufwachte/ -.Ich gebe den Brief
711 3606 2650 3802 in aller Früh selbst auf die Post, du
703 3805 2560 4034 musst ihn an dritten mittag haben.
4491 507 6150 684 Siekeurt vid in dieser Liagen.    21
5434 629 5976 760 but we are
4118 648 6175 855 Wie stellt sich Wama das vor.- „Ich be-
4129 790 6150 1008 schwöre dich, sprich gleich mit Dorsday
5053 942 5219 1043 which
4121 1011 6278 1139 und telegraphiere, wie es ausgefallen ist.
4118 1095 6177 1297 Vor Tante Emma lass dir um Gotteswillen
4113 1250 6226 1474 nichts merken. Auch nicht vor Paul. Es ist
4113 1403 6177 1645 ja traurig genug, dass man sich in einem
4113 1561 6297 1762 solchen Fall an die eigene Schwester nicht
4086 1697 6256 1904 wenden kann, aber da könnte man ja eher zu
4110 1937 6270 2075 einem Stein reden. Mein liebes, liebes Kind,
4083 2013 6188 2204 mir tut es ja so leid, dass du in deinen
4094 2160 6003 2408 jungen Jahren solche Dinge mitmachen
4072 2323 6088 2517 musst,aber glaube mir, der Papa ist zum
4069 2533 6071 2710 geringsten Teil selber daran schuld“ -
4067 2645 6112 2868 War denn „lieha Mama? - „Nun hoffen wir
4067 2786 6142 2983 zu Gott, dass der Prozess Erdesheiner in
5123 2953 5815 3056 neue chituell
4088 2939 6186 3203 jeder Hinsicht eine Veränderung bedeuten
3685 2958 3955 3252 25.
4058 3130 6248 3288 wird. Nur über diese paar Wochen müssen wir
3710 3225 3892 3413 r
4067 3247 6167 3525 ginaussein, es wäre doch ein wahrer Hohn,
4042 3437 6224 3661 wenn wegen der dreissigtausend Gulden ein
4047 3549 5260 3816 Unglück geschähe."
5535 3628 6216 3794 ft doch nicht
5535 3726 6180 3879 H-witsville
5055 3710 5260 3805 sich
4037 3764 6003 3966 in Ernst, dass Papa/ - - Aber das Andere
