3560 4264
2826 427 3005 644 149
1068 621 2959 792 flügtern, sie flüstern. Was beugt sich
2473 749 2611 874 gul
1068 812 3079 986 über meinen Kopf? Es riecht nach Zigaret
1073 899 3015 1145 ten.- Paul.- Seine Hand ist unter mei
2489 1037 2734 1140 Avec
1073 1094 3092 1306 nem Kopf. Es ist eine Hand unter meinen
1329 1201 3017 1326 ist, dass er in es jenen.. ich mit
1068 1255 3012 1438 Beinen. Ich bin ja nackt, pfui,pfui! Was
1063 1408 3069 1566 wollen sie denn.-„Bitte,vorsichtig.So.
1091 1564 3058 1732 Langsam." „Ist der Plaid auf die Bahre
1081 1725 3015 1893 gebreitet? Seh danke Ihnen,Sissy.
1083 1893 3017 2052 Warum dankt er der Sissy? Was hat sue
1548 1985 1865 2087 gln
1078 2034 3074 2223 denn getan? Ich schwebe, ich schwehe Sie
1083 2210 2992 2397 gut das ist -Sie haben die Bahre her
2552 2284 2716 2374 sehrt
1088 2358 2931 2527 ge lückt.Ich schwebe hinüber. he lieg
1091 2443 3035 2703 ich schon wieder – auf der Behörte,
1515 2627 3081 2839 Man trägt mich,man träft mich.
1068 2780 3122 3017 Man trägt mich zu Grabe. - „Aber mir sein
1086 2959 3122 3163 das g wohnt, Herr Doktor, wir haben schon
1078 3117 2974 3327 Schwerere getragen. Im vurigen Herbst
1083 3260 2890 3452 zum Beispiel, da sind Zwei zugleich
1083 3447 2979 3631 drauf gelegen. - „Liebe Frau Sissy,
1091 3587 2895 3776 möchteh Sie vielleicht vorausgehen
1091 3723 3048 3932 und sehen, ob in Elses Zimmer alles in
1101 3825 3138 4052 Ordnung ist?“ - Was hat Sissy in meinem
