3416 4280
2695 334 2882 535 144
168 418 641 588 14/4.23
955 499 2890 732 Haha -Haaaah". Jetzt haben Sie Ihren
977 720 2839 922 Willen.Hrr von Dorsday.Sie müssendas
977 852 2851 1046 Geld schicken. „Haaah!“ Warum schrei
1003 1006 2863 1202 ich denn? Ich will nicht schrein, ich
989 1159 2767 1358 muss schreien. Meine Augen sind ge
1010 1318 2935 1536 schlossen, niemand kann mich sehen.“El
1279 1330 1392 1421 n
1010 1428 2921 1663 se!“ - Das ist die Tante - „Man muss
1015 1620 2947 1807 sofort um einen Arzt schicken..Rasch
2873 1738 2986 1853 in
1025 1781 2844 1949 zum Portier! „Das arme Kind! -Was
1027 1927 2947 2122 reden sie denn da? Ich bin kein armes
1042 2026 2962 2268 Kind. Ich bin glücklich. Der Filou hat
1049 2210 2974 2412 mich nackt gesehen. Er wird mich heira
1286 2371 1908 2477 Ihr vn¬
1073 2393 2880 2578 ten.- „Schliessen Sie die Türebitte"
1073 2518 2981 2712 * Warum soll man die Türe schliessen?
1258 2563 1351 2650 in
1085 2664 2988 2897 Was für ein Lärm? Sa(viele Leute.) Sie
1082 2794 2909 3036 halten mich für ohnmächtig. Ich bin
1097 2978 2983 3180 nicht ohnmächtig. Ich träume nur. „Gnä
1106 3096 2827 3336 die Frau, regen sie sich nicht auf
1114 3271 2974 3557 „Hat man um den Arzt geschickt?“ - „Es
346 3312 960 3593 &zenk
1130 3461 2849 3643 ist nichts.meine Herrschaften, ein
475 3499 946 3686 nein...1.
2038 3569 2268 3672 I am
1102 3598 2993 3895 Ohnmachtsanfall. — Man kann sie doch
533 3641 931 3806 you in
598 3744 1075 3922 Cion terre
1805 3794 2880 4025 xxx im notel.Morgen
