3192 4200
2386 262 2560 446 161
2538 509 2724 668 158
809 663 2649 832 jedes Wort, das ich Ihnen sage.“ -Ja,
756 829 2533 1005 ja die hört mein Ja nicht,ich kann
738 980 2565 1147 meine Lippen nicht bewegen, ich kann
738 1152 2737 1336 nicht reden, ich kann mich nicht rühren.
753 1320 2724 1477 sich hin nicht tot Bin ich tot,bin ich
738 1434 2512 1615 scheintot? Träum xxx ich? Ja, es ist
736 1590 2570 1767 gewiss ein Traum. Ich möchte mein Ve
1973 1693 2492 1797 der Am
1489 1716 1678 1845 Aby
736 1746 2747 1948 ronal trinken. Ich kann meine Hand nicht
741 1908 2654 2051 ausstrecken.Sissy ist noch immer über
746 2008 2762 2218 mich gebeugt.-Else, Ense!- Na, auch gut.'
827 2190 2611 2379 Es tut ihr leid, dass ich sie nicht
746 2339 2515 2535 gehört habe. Wie wird sie wissen,
1247 2487 1338 2583 ¬
746 2507 2679 2656 dass ich's gehört habe, niemand wird s
736 2641 2575 2845 wissen. Wenn ich je wieder zu einem
738 2827 2767 3011 Menschen sprehen müsste.möchte ich vor
738 2941 2691 3155 Scham vergehen. Nie wieder darf ich zu
746 3100 2674 3314 Bewusstsein kommen. Es ist besser so.
753 3266 2580 3450 Sissy geht zur Türe.Sie wendet sich
804 3422 2636 3611 nach mir um. Sie öffnet die Tür.Dors
743 3553 2739 3727 day,der Mörder, der Mörde! Ich hab ihn
756 3722 2676 3934 gesehen mit geschlossenen Augen.Nein,
