6696 4344
2879 500 3053 668 70
975 630 3159 850 Paul sollte ihn fordern und ihn totschies¬
4091 739 6025 1000 läufig.-Wo ist er denn hin? lm Hotel.
986 809 3105 991 sen Oder Rudi. Nein, ich schenk ihm das Le-
4091 994 6196 1157 Umkleiden.Smoting anziehen. Wird er mich
986 1002 2988 1165 ben. Lustig, lustig, ein ganzer Roman. Was
4102 1154 6204 1312 im Šmaking auf die Wiese begleiten? Köst
975 1116 3012 1274 glaubt er eigentlich? Nein, nein, nie und
1334 1217 3246 1304 es müdchen nichts anders i trug bleibe, da wässt
4096 1263 6204 1437 liches Bild! Wie lustig! Also, entschei¬
986 1301 3156 1421 nimmer. Papa soll ich umbringen.. Die Zwei
5039 1374 5538 1510 die hundt hein¬
1358 1396 1654 1499 obtenbar
4091 1429 6060 1635 den wir uns: Wiese oder Zimmer Numero
994 1445 3126 1611 kommen von einer Tour. Beide hübsch, er und
4091 1573 6133 1747 fünfundsechzig? Es ist ja noch Zeit bis
994 1584 3078 1779 sie. Werden sie noch Zeit haben sich vor
4091 1717 6101 1912 zum Diner. Ein bischen spazieren gehen
986 1738 2988 1896 dem Dinerumzukleiden? Sind gewiss auf
1000 1920 3097 2056 der Hochzeitsreise oder gar nicht verhei¬
4102 1844 6041 2034 und die Sache überlegen, ganz in Ruhe.
4102 2029 6261 2230 Werde Quer über die Wiese gehen. Man geht
986 2045 3107 2230 ratet. Ich werde nie auf einer Hochzeits
994 2162 3105 2331 reise sein, die Tochter des Sträflings. Un-
5623 2189 6285 2390 die Champagner
4091 2203 5452 2385 so weich. Himmlische Luft
2043 2301 2928 2409 Es wil ja nicht möglich
4107 2366 5835 2553 gar nicht mehr kühl, wie geschaff
991 2333 3083 2526 sinn, dreissigtausend Gulden. Ich fahre zu
1497 2458 1804 2553 in FicO
4107 2529 5870 2695 sigtausend. Ich muss mich sehr hüt
986 2523 3048 2714 Fiala. Ich komme noch zurecht. Gnade,Gna¬
4112 2662 5758 2847 nehmen auf der Wiese, in der weit
1005 2665 3083 2811 de,Herr Doktor Fiala. Mit Vergnügen, mein
4102 2819 5873 2939 schaft in meinem Abendmantel. Scha
986 2809 2722 2996 Fräulein,bemühen Sie sich in mein
4077 2906 5913 2996 Reine Leitenische in Freien und Art das
2048 2879 2904 3031 Uhr mir das der Halle
4091 2980 6155 3137 mich so wenig Leute sehen. Dem Herrn dor
986 2977 3088 3143 Schlafzimmer. - Paul verlange dreissigtau
4854 3067 5082 3173 Hint
4107 3129 6128 3322 am Waldesrand, gefalle ich offenbar sehl
986 3151 2887 3287 send gulden von deinem Vater,sage,du
4115 3273 6237 3450 gut. Oh, mein Herr, nackt bin ich noch viel
975 3257 3026 3474 hast spielsechulden, du musst dich sonst
4232 3376 5321 3493 Uur is korlet jae with yet
4115 3420 6275 3629 schöner. Ganz billig dreissigtausend Gott
1939 3417 3107 3564 „liebe Cousine ; ich habe
981 3436 1948 3621 orschiessen. Gerne
1939 3518 3018 3642 willemahl er erbiet die.
4126 3610 6158 3767 Vielleicht bringen Sie Ihre Freunde mit
975 3618 2977 3759 Zimmer Nummer soundsoviel. Oh,Herr von
4115 3683 5052 3792 du komme à la clège.
986 3721 3004 3947 Dossday,wie bescheiden sind Sie - vor-
4112 3746 6000 3936 hoffentlich haben Sie lauter hübsche
4121 3871 6046 4072 Freunde. Es ist gar nicht so furchtbar
