<?xml version="1.0" encoding="UTF-8" standalone="yes"?>
<PcGts xmlns="http://schema.primaresearch.org/PAGE/gts/pagecontent/2013-07-15" xmlns:xsi="http://www.w3.org/2001/XMLSchema-instance" xsi:schemaLocation="http://schema.primaresearch.org/PAGE/gts/pagecontent/2013-07-15 http://schema.primaresearch.org/PAGE/gts/pagecontent/2013-07-15/pagecontent.xsd">
    <Metadata>
        <Creator>prov=READ-COOP:name=TrHtr:version=2.1.0:model_id=51170:date=14_08_2023_12:09</Creator>
        <Created>2023-05-10T14:15:54.168+02:00</Created>
        <LastChange>2023-08-14T12:09:56.841+02:00</LastChange>
        <TranskribusMetadata docId="1428608" pageId="55417877" pageNr="76" tsid="132799505" status="IN_PROGRESS" userId="64420" imgUrl="https://files.transkribus.eu/Get?id=JQLBEJKIQAZBUABKXUCXXWEH&amp;fileType=view" xmlUrl="https://files.transkribus.eu/Get?id=BCGKPAHQAUNFSPMPFBWNDPDJ" imageId="44691981"/>
    </Metadata>
    <Page imageFilename="1428608_0076.jpg" imageWidth="6860" imageHeight="4392">
        <ReadingOrder>
            <OrderedGroup id="ro_1711787957261" caption="Regions reading order">
                <RegionRefIndexed index="0" regionRef="tr_1"/>
            </OrderedGroup>
        </ReadingOrder>
        <TextRegion id="tr_1" custom="readingOrder {index:0;}">
            <Coords points="173,343 6534,343 6534,4145 173,4145"/>
            <TextLine id="tr_1_tl_1" custom="readingOrder {index:0;}">
                <Coords points="3717,517 3831,496 3957,520 4068,458 4154,447 4237,482 4267,469 4256,312 4210,329 4121,304 4081,329 4014,294 3965,312 3906,275 3866,310 3825,294 3742,326 3704,318"/>
                <Baseline points="3723,399 3813,393 3902,393 3992,393 4081,405 4171,423 4260,429 4272,429"/>
                <TextEquiv>
                    <Unicode>9/4.1923.</Unicode>
                </TextEquiv>
            </TextLine>
            <TextLine id="tr_1_tl_2" custom="readingOrder {index:1;}">
                <Coords points="156,509 216,531 272,509 323,515 331,277 232,267 213,280 164,283"/>
                <Baseline points="173,417 244,411 334,411"/>
                <TextEquiv>
                    <Unicode>21</Unicode>
                </TextEquiv>
            </TextLine>
            <TextLine id="tr_1_tl_3" custom="readingOrder {index:2;}">
                <Coords points="2723,708 2780,711 2820,730 2855,714 2896,719 2912,730 2936,722 2931,595 2874,614 2855,609 2842,628 2796,628 2783,617 2748,628 2721,622"/>
                <Baseline points="2739,698 2828,698 2918,704 2941,704"/>
                <TextEquiv>
                    <Unicode>129</Unicode>
                </TextEquiv>
            </TextLine>
            <TextLine id="tr_1_tl_4" custom="readingOrder {index:3;}">
                <Coords points="6085,795 6142,787 6198,811 6233,789 6263,797 6274,811 6298,811 6303,641 6279,641 6241,620 6204,638 6171,625 6120,582 6093,585"/>
                <Baseline points="6104,745 6194,745 6283,739 6307,745"/>
                <TextEquiv>
                    <Unicode>130</Unicode>
                </TextEquiv>
            </TextLine>
            <TextLine id="tr_1_tl_5" custom="readingOrder {index:4;}">
                <Coords points="1048,840 3095,889 3063,730 2489,760 2179,687 2026,752 1379,628 1042,641"/>
                <Baseline points="1062,817 1151,817 1241,823 1330,823 1420,823 1509,823 1599,829 1688,829 1778,835 1867,835 1957,841 2046,841 2136,847 2225,847 2315,847 2404,847 2494,853 2583,853 2673,853 2762,859 2852,865 2941,865 3031,859 3103,859"/>
                <TextEquiv>
                    <Unicode>Ist alles in Ordnung? Adieu,Veronal, auf</Unicode>
                </TextEquiv>
            </TextLine>
            <TextLine id="tr_1_tl_6" custom="readingOrder {index:5;}">
                <Coords points="4294,927 4733,897 5280,986 6285,916 6285,814 5991,835 5646,741 5428,800 4294,781"/>
                <Baseline points="4308,895 4397,895 4487,895 4576,889 4666,895 4756,895 4845,895 4935,895 5024,895 5114,895 5203,895 5293,895 5382,895 5472,895 5561,895 5651,901 5740,895 5830,895 5919,895 6009,895 6098,901 6188,901 6277,901 6289,901"/>
                <TextEquiv>
                    <Unicode>lüften - Er würde glauben, dass er sich</Unicode>
                </TextEquiv>
            </TextLine>
            <TextLine id="tr_1_tl_7" custom="readingOrder {index:6;}">
                <Coords points="1024,1037 1355,983 1883,994 2028,1059 2977,1051 2912,908 1021,867"/>
                <Baseline points="1038,960 1127,966 1217,972 1306,972 1396,978 1485,978 1575,978 1664,984 1754,984 1843,990 1933,990 2022,996 2112,1002 2201,1002 2291,996 2380,996 2470,1002 2560,1002 2649,1002 2739,1002 2828,1008 2918,1014 2977,1020"/>
                <TextEquiv>
                    <Unicode>Wiedersehen. Adieu mein heissgeliebtes</Unicode>
                </TextEquiv>
            </TextLine>
            <TextLine id="tr_1_tl_8" custom="readingOrder {index:7;}">
                <Coords points="4323,1078 4930,1153 5967,1056 6274,1107 6274,951 5180,989 4736,897 4323,919"/>
                <Baseline points="4338,1056 4427,1050 4517,1044 4606,1044 4696,1044 4785,1050 4875,1050 4964,1050 5054,1056 5143,1050 5233,1050 5322,1050 5412,1050 5501,1050 5591,1050 5680,1050 5770,1050 5859,1050 5949,1050 6039,1050 6128,1050 6218,1050 6277,1056"/>
                <TextEquiv>
                    <Unicode>getäuscht hat.Zu gefährlich.Sehen Sie</Unicode>
                </TextEquiv>
            </TextLine>
            <TextLine id="tr_1_tl_9" custom="readingOrder {index:8;}">
                <Coords points="1021,1153 2882,1209 2882,1118 2613,1042 1018,1034"/>
                <Baseline points="1032,1115 1121,1121 1211,1127 1300,1139 1390,1133 1479,1139 1569,1133 1658,1139 1748,1139 1837,1139 1927,1139 2016,1145 2106,1145 2196,1145 2285,1151 2375,1151 2464,1151 2554,1157 2643,1157 2733,1157 2822,1163 2888,1157"/>
                <TextEquiv>
                    <Unicode>spiegelbild. Wie du im Dunkel leuch -</Unicode>
                </TextEquiv>
            </TextLine>
            <TextLine id="tr_1_tl_10" custom="readingOrder {index:9;}">
                <Coords points="4294,1228 5008,1215 5150,1293 5428,1301 6271,1253 6271,1150 6190,1115 4294,1142"/>
                <Baseline points="4308,1199 4397,1199 4487,1199 4576,1199 4666,1199 4756,1199 4845,1199 4935,1199 5024,1199 5114,1199 5203,1205 5293,1199 5382,1199 5472,1199 5561,1199 5651,1199 5740,1199 5830,1199 5919,1199 6009,1205 6098,1205 6188,1205 6277,1211"/>
                <TextEquiv>
                    <Unicode>mich nur an, mein Herr.Sie ahnen nicht,</Unicode>
                </TextEquiv>
            </TextLine>
            <TextLine id="tr_1_tl_11" custom="readingOrder {index:10;}">
                <Coords points="1005,1315 2990,1347 2987,1204 1002,1174"/>
                <Baseline points="1020,1277 1109,1277 1199,1282 1288,1288 1378,1288 1467,1288 1557,1288 1647,1288 1736,1294 1826,1294 1915,1294 2005,1300 2094,1306 2184,1306 2273,1306 2363,1312 2452,1306 2542,1312 2631,1312 2721,1312 2810,1312 2900,1318 2989,1318 2995,1318"/>
                <TextEquiv>
                    <Unicode>test. Ich bin schon ganz gewohnt unter</Unicode>
                </TextEquiv>
            </TextLine>
            <TextLine id="tr_1_tl_12" custom="readingOrder {index:11;}">
                <Coords points="4270,1374 4779,1350 5404,1457 5843,1377 6134,1412 6107,1282 4746,1293 4270,1212"/>
                <Baseline points="4284,1348 4374,1342 4463,1348 4553,1348 4642,1348 4732,1348 4821,1348 4911,1348 5000,1348 5090,1348 5179,1348 5269,1348 5358,1348 5448,1348 5537,1354 5627,1354 5716,1348 5806,1348 5895,1354 5985,1354 6074,1354 6140,1360"/>
                <TextEquiv>
                    <Unicode>dass ich unter dem Mantel nichts an</Unicode>
                </TextEquiv>
            </TextLine>
            <TextLine id="tr_1_tl_13" custom="readingOrder {index:12;}">
                <Coords points="1059,1436 1231,1500 2952,1511 2950,1403 2365,1339 1059,1344"/>
                <Baseline points="1074,1432 1163,1432 1253,1438 1342,1438 1432,1438 1521,1438 1611,1444 1700,1444 1790,1444 1879,1450 1969,1450 2058,1450 2148,1456 2237,1456 2327,1456 2416,1462 2506,1462 2595,1462 2685,1462 2774,1473 2864,1473 2953,1485 2959,1485"/>
                <TextEquiv>
                    <Unicode>dem Mantel nackt zu sein. Wer weiss,</Unicode>
                </TextEquiv>
            </TextLine>
            <TextLine id="tr_1_tl_14" custom="readingOrder {index:13;}">
                <Coords points="4275,1525 6188,1587 6188,1425 6096,1403 4908,1465 4647,1360 4275,1395"/>
                <Baseline points="4290,1503 4314,1503 4403,1503 4493,1503 4582,1503 4672,1503 4761,1509 4851,1503 4941,1503 5030,1503 5120,1503 5209,1503 5299,1509 5388,1503 5478,1503 5567,1503 5657,1503 5746,1509 5836,1509 5925,1509 6015,1509 6104,1509 6194,1497"/>
                <TextEquiv>
                    <Unicode>hale. Schade, dass Sie gerade jetzt he</Unicode>
                </TextEquiv>
            </TextLine>
            <TextLine id="tr_1_tl_15" custom="readingOrder {index:14;}">
                <Coords points="997,1638 2837,1667 3006,1640 3004,1533 1428,1457 994,1525"/>
                <Baseline points="1008,1587 1098,1587 1187,1587 1277,1587 1366,1593 1456,1593 1545,1593 1635,1599 1724,1599 1814,1599 1903,1599 1993,1605 2082,1605 2172,1605 2261,1611 2351,1611 2440,1617 2530,1617 2619,1617 2709,1617 2798,1623 2888,1623 2977,1623 3013,1623"/>
                <TextEquiv>
                    <Unicode>ob nicht manche so in der Hall oder in</Unicode>
                </TextEquiv>
            </TextLine>
            <TextLine id="tr_1_tl_16" custom="readingOrder {index:15;}">
                <Coords points="4275,1724 4450,1667 5994,1716 6134,1673 6134,1573 4275,1603"/>
                <Baseline points="4290,1652 4380,1652 4469,1652 4559,1652 4648,1652 4738,1652 4827,1658 4917,1652 5006,1652 5096,1652 5185,1652 5275,1652 5364,1652 5454,1652 5543,1652 5633,1652 5722,1652 5812,1658 5901,1658 5991,1658 6080,1658 6140,1658"/>
                <TextEquiv>
                    <Unicode>faufgehen,Sie versäumen etwas.Warum</Unicode>
                </TextEquiv>
            </TextLine>
            <TextLine id="tr_1_tl_17" custom="readingOrder {index:16;}">
                <Coords points="981,1786 3041,1770 3039,1684 2548,1700 2395,1638 978,1657"/>
                <Baseline points="996,1748 1086,1742 1175,1742 1265,1742 1354,1748 1444,1748 1533,1748 1623,1748 1712,1748 1802,1754 1891,1754 1981,1754 2070,1760 2160,1754 2249,1760 2339,1760 2428,1766 2518,1766 2607,1766 2697,1772 2786,1772 2876,1772 2965,1772 3049,1766"/>
                <TextEquiv>
                    <Unicode>der Gesellschaft oder in einer Theater-</Unicode>
                </TextEquiv>
            </TextLine>
            <TextLine id="tr_1_tl_18" custom="readingOrder {index:17;}">
                <Coords points="4280,1824 6179,1878 6263,1853 6263,1670 6088,1746 4280,1756"/>
                <Baseline points="4296,1808 4386,1802 4475,1808 4565,1808 4654,1808 4744,1808 4833,1808 4923,1808 5012,1808 5102,1814 5191,1808 5281,1808 5370,1808 5460,1808 5549,1808 5639,1808 5728,1814 5818,1808 5907,1814 5997,1808 6086,1808 6176,1808 6265,1808 6271,1808"/>
                <TextEquiv>
                    <Unicode>halten sie mich nicht auff? Spüren Sie</Unicode>
                </TextEquiv>
            </TextLine>
            <TextLine id="tr_1_tl_19" custom="readingOrder {index:18;}">
                <Coords points="986,1926 1072,1956 1255,1918 1317,1940 1371,1902 1595,1945 1630,1913 1727,1940 1764,1904 1891,1923 1888,1816 1719,1775 1605,1840 1463,1794 1315,1816 1196,1791 986,1840"/>
                <Baseline points="1002,1897 1092,1891 1181,1897 1271,1897 1360,1903 1450,1903 1539,1903 1629,1903 1718,1903 1808,1891 1897,1915 1905,1925"/>
                <TextEquiv>
                    <Unicode>loge so sitzen -</Unicode>
                </TextEquiv>
            </TextLine>
            <TextLine id="tr_1_tl_20" custom="readingOrder {index:19;}">
                <Coords points="1891,1958 2233,1969 2384,1931 2554,1969 2616,1934 2780,1937 2780,1864 2616,1856 2508,1808 2384,1824 2268,1789 1999,1834 1891,1821"/>
                <Baseline points="1905,1925 1999,1927 2088,1915 2178,1915 2267,1921 2357,1921 2446,1921 2536,1921 2625,1921 2715,1927 2786,1933"/>
                <TextEquiv>
                    <Unicode>Spass oder aus</Unicode>
                </TextEquiv>
            </TextLine>
            <TextLine id="tr_1_tl_21" custom="readingOrder {index:20;}">
                <Coords points="1519,1956 1600,1985 1686,1964 1764,1964 1802,1980 1832,1961 1867,1961 1896,1977 1894,1915 1816,1923 1767,1902 1746,1923 1667,1913 1614,1929 1581,1904 1552,1923 1522,1918"/>
                <Baseline points="1533,1951 1545,1951 1635,1957 1724,1951 1814,1951 1905,1925"/>
                <TextEquiv>
                    <Unicode>-mer</Unicode>
                </TextEquiv>
            </TextLine>
            <TextLine id="tr_1_tl_22" custom="readingOrder {index:21;}">
                <Coords points="4280,1977 6325,2023 6322,1888 6150,1864 4854,1926 4278,1869"/>
                <Baseline points="4296,1963 4386,1957 4475,1963 4565,1957 4654,1957 4744,1957 4833,1957 4923,1957 5012,1957 5102,1963 5191,1963 5281,1963 5370,1963 5460,1963 5549,1963 5639,1963 5728,1963 5818,1963 5907,1963 5997,1963 6086,1963 6176,1963 6265,1963 6331,1969"/>
                <TextEquiv>
                    <Unicode>nicht, dass mein Schicksal in Ihrer Hand</Unicode>
                </TextEquiv>
            </TextLine>
            <TextLine id="tr_1_tl_23" custom="readingOrder {index:22;}">
                <Coords points="970,2088 2923,2128 2920,2001 2845,1988 1425,1985 967,1907"/>
                <Baseline points="984,2046 1074,2046 1163,2046 1253,2046 1342,2046 1432,2052 1521,2052 1611,2058 1700,2064 1790,2058 1879,2064 1969,2064 2058,2064 2148,2064 2237,2064 2327,2070 2416,2070 2506,2076 2595,2076 2685,2082 2774,2082 2864,2088 2924,2088"/>
                <TextEquiv>
                    <Unicode>anderen Gründen.Zu sperren. Wozu? Hier</Unicode>
                </TextEquiv>
            </TextLine>
            <TextLine id="tr_1_tl_24" custom="readingOrder {index:23;}">
                <Coords points="4270,2128 4639,2115 4897,2217 6252,2177 6252,2031 6190,2023 5724,2077 5590,2012 4270,2028"/>
                <Baseline points="4284,2112 4374,2112 4463,2112 4553,2112 4642,2112 4732,2112 4821,2118 4911,2118 5000,2112 5090,2112 5179,2118 5269,2118 5358,2112 5448,2118 5537,2118 5627,2118 5716,2118 5806,2118 5895,2118 5985,2118 6074,2124 6164,2118 6253,2130 6259,2130"/>
                <TextEquiv>
                    <Unicode>liegt? Noch immer. Wenn Sie mich grüs-</Unicode>
                </TextEquiv>
            </TextLine>
            <TextLine id="tr_1_tl_25" custom="readingOrder {index:24;}">
                <Coords points="981,2220 3009,2279 2920,2152 2667,2179 2443,2098 978,2107"/>
                <Baseline points="996,2196 1086,2201 1175,2201 1265,2207 1354,2201 1444,2207 1533,2207 1623,2213 1712,2213 1802,2219 1891,2219 1981,2219 2070,2219 2160,2225 2249,2225 2339,2225 2428,2225 2518,2231 2607,2231 2697,2237 2786,2237 2876,2243 2965,2243 3013,2255"/>
                <TextEquiv>
                    <Unicode>wird ja nichts gestohlen. Und wenn auch.</Unicode>
                </TextEquiv>
            </TextLine>
            <TextLine id="tr_1_tl_26" custom="readingOrder {index:25;}">
                <Coords points="4264,2287 6099,2314 6134,2185 4264,2206"/>
                <Baseline points="4278,2273 4350,2267 4439,2267 4529,2273 4618,2267 4708,2273 4797,2267 4887,2267 4976,2267 5066,2267 5155,2267 5245,2267 5334,2267 5424,2267 5513,2267 5603,2267 5692,2261 5782,2261 5871,2261 5961,2267 6050,2267 6140,2267"/>
                <TextEquiv>
                    <Unicode>sen, so kehr ich wieder um - in hein</Unicode>
                </TextEquiv>
            </TextLine>
            <TextLine id="tr_1_tl_27" custom="readingOrder {index:26;}">
                <Coords points="5463,2384 5519,2354 5660,2346 5724,2392 5810,2352 5991,2352 6045,2397 6196,2335 6527,2379 6527,2303 6330,2257 6099,2317 5983,2279 5773,2276 5678,2325 5557,2276 5463,2303"/>
                <Baseline points="5478,2351 5549,2345 5639,2345 5728,2351 5818,2345 5907,2345 5997,2345 6086,2345 6176,2333 6265,2327 6355,2333 6444,2345 6534,2345"/>
                <TextEquiv>
                    <Unicode>merk. It set he je 20 hebursaamt</Unicode>
                </TextEquiv>
            </TextLine>
            <TextLine id="tr_1_tl_28" custom="readingOrder {index:27;}">
                <Coords points="964,2414 1123,2362 1290,2424 3017,2430 3014,2309 2952,2300 962,2241"/>
                <Baseline points="978,2351 1068,2351 1157,2357 1247,2357 1336,2357 1426,2357 1515,2363 1605,2369 1694,2369 1784,2369 1873,2369 1963,2375 2052,2375 2142,2375 2231,2375 2321,2380 2410,2380 2500,2380 2589,2386 2679,2392 2768,2392 2858,2392 2947,2398 3025,2404"/>
                <TextEquiv>
                    <Unicode>Wo ist das Zimmer Numero fünfundsechziz.</Unicode>
                </TextEquiv>
            </TextLine>
            <TextLine id="tr_1_tl_29" custom="readingOrder {index:28;}">
                <Coords points="4251,2457 4789,2435 5315,2527 6163,2473 6163,2370 6082,2346 5722,2392 5396,2330 4865,2381 4251,2330"/>
                <Baseline points="4266,2416 4356,2416 4445,2422 4535,2422 4624,2422 4714,2422 4803,2422 4893,2422 4982,2422 5072,2422 5161,2416 5251,2416 5340,2422 5430,2422 5519,2422 5609,2422 5698,2422 5788,2422 5877,2422 5967,2422 6056,2428 6146,2422 6170,2422"/>
                <TextEquiv>
                    <Unicode>Zimmer. So grüssen sie doch. -Nein, er</Unicode>
                </TextEquiv>
            </TextLine>
            <TextLine id="tr_1_tl_30" custom="readingOrder {index:29;}">
                <Coords points="986,2556 2618,2594 3030,2573 3030,2486 1818,2381 983,2414"/>
                <Baseline points="1002,2506 1092,2512 1181,2512 1271,2512 1360,2512 1450,2518 1539,2524 1629,2524 1718,2524 1808,2530 1897,2530 1987,2530 2076,2530 2166,2530 2255,2536 2345,2542 2434,2542 2524,2542 2613,2542 2703,2542 2792,2542 2882,2548 2971,2548 3037,2560"/>
                <TextEquiv>
                    <Unicode>im Ende des Ganys hat er gesagt. Niehand</Unicode>
                </TextEquiv>
            </TextLine>
            <TextLine id="tr_1_tl_31" custom="readingOrder {index:30;}">
                <Coords points="4270,2624 5466,2578 5665,2651 6161,2651 6193,2467 5754,2527 5541,2476 5455,2546 4270,2516"/>
                <Baseline points="4284,2589 4374,2577 4463,2577 4553,2571 4642,2577 4732,2577 4821,2577 4911,2577 5000,2577 5090,2577 5179,2577 5269,2577 5358,2571 5448,2577 5537,2577 5627,2577 5716,2577 5806,2577 5895,2577 5985,2577 6074,2589 6164,2595 6200,2595"/>
                <TextEquiv>
                    <Unicode>grüsst nicht, er ist an mir vorbei (Er</Unicode>
                </TextEquiv>
            </TextLine>
            <TextLine id="tr_1_tl_32" custom="readingOrder {index:31;}">
                <Coords points="967,2670 2128,2748 2977,2718 2974,2634 2459,2559 964,2581"/>
                <Baseline points="978,2661 1068,2667 1157,2667 1247,2667 1336,2667 1426,2673 1515,2673 1605,2679 1694,2679 1784,2679 1873,2679 1963,2679 2052,2679 2142,2685 2231,2691 2321,2691 2410,2691 2500,2697 2589,2697 2679,2697 2768,2697 2858,2697 2947,2703 2983,2697"/>
                <TextEquiv>
                    <Unicode>auf dem ganz.Einundsechzig,zweiundseck</Unicode>
                </TextEquiv>
            </TextLine>
            <TextLine id="tr_1_tl_33" custom="readingOrder {index:32;}">
                <Coords points="4264,2761 4919,2726 5439,2788 5638,2731 5843,2793 6174,2740 6174,2651 5099,2643 4959,2589 4480,2678 4358,2599 4264,2624"/>
                <Baseline points="4278,2733 4302,2727 4392,2727 4481,2727 4571,2727 4660,2727 4750,2727 4839,2727 4929,2727 5018,2727 5108,2727 5197,2721 5287,2727 5376,2727 5466,2727 5555,2727 5645,2733 5734,2727 5824,2733 5913,2727 6003,2727 6092,2733 6182,2727"/>
                <TextEquiv>
                    <Unicode>hat einen feinen Parfum(Ich spüre,wie</Unicode>
                </TextEquiv>
            </TextLine>
            <TextLine id="tr_1_tl_34" custom="readingOrder {index:33;}">
                <Coords points="5169,2831 5514,2818 5608,2872 5689,2812 6021,2810 6118,2863 6419,2834 6417,2748 6282,2729 6082,2783 5638,2731 5522,2788 5167,2764"/>
                <Baseline points="5185,2804 5275,2810 5364,2804 5454,2810 5543,2804 5633,2804 5722,2798 5812,2804 5901,2804 5991,2810 6080,2810 6170,2822 6259,2816 6349,2816 6426,2816"/>
                <TextEquiv>
                    <Unicode>imwende Gräfin hé, infin he</Unicode>
                </TextEquiv>
            </TextLine>
            <TextLine id="tr_1_tl_35" custom="readingOrder {index:34;}">
                <Coords points="951,2863 2678,2888 2756,2861 2756,2785 948,2678"/>
                <Baseline points="966,2816 1056,2822 1145,2828 1235,2822 1324,2822 1414,2828 1503,2828 1593,2834 1682,2834 1772,2834 1861,2840 1951,2840 2040,2840 2130,2840 2219,2840 2309,2846 2398,2846 2488,2846 2577,2852 2667,2858 2756,2864 2762,2864"/>
                <TextEquiv>
                    <Unicode>zig,dreiuudsechzig, vierundsechzig,</Unicode>
                </TextEquiv>
            </TextLine>
            <TextLine id="tr_1_tl_36" custom="readingOrder {index:35;}">
                <Coords points="4270,2907 5845,2974 6341,2933 6430,2831 4270,2837"/>
                <Baseline points="4284,2888 4374,2882 4463,2888 4553,2882 4642,2882 4732,2888 4821,2888 4911,2888 5000,2882 5090,2882 5179,2888 5269,2882 5358,2882 5448,2888 5537,2888 5627,2888 5716,2882 5806,2888 5895,2882 5985,2888 6074,2888 6164,2900 6253,2900 6343,2894 6432,2888 6438,2888"/>
                <TextEquiv>
                    <Unicode>er sich nach mir und mehr. Vielleicht,</Unicode>
                </TextEquiv>
            </TextLine>
            <TextLine id="tr_1_tl_37" custom="readingOrder {index:36;}">
                <Coords points="946,3014 1853,3063 2209,3001 2990,3076 2990,2963 2818,2923 943,2858"/>
                <Baseline points="960,2977 1050,2977 1139,2977 1229,2977 1318,2977 1408,2983 1497,2983 1587,2983 1676,2989 1766,2989 1855,2989 1945,2995 2034,2995 2124,2995 2213,2995 2303,2995 2392,2995 2482,3001 2571,3001 2661,3007 2750,3013 2840,3013 2929,3013 2995,3013"/>
                <TextEquiv>
                    <Unicode>fünfundsechzig.So.Da an die Tür.Da muss</Unicode>
                </TextEquiv>
            </TextLine>
            <TextLine id="tr_1_tl_38" custom="readingOrder {index:37;}">
                <Coords points="4318,3122 4523,3047 4744,3127 5851,3144 6042,3090 6042,2925 5541,2995 5210,2944 4318,2960"/>
                <Baseline points="4332,3037 4421,3037 4511,3037 4600,3037 4690,3037 4779,3037 4869,3037 4958,3037 5048,3037 5137,3043 5227,3037 5316,3037 5406,3037 5495,3037 5585,3037 5674,3037 5764,3037 5854,3037 5943,3037 6033,3043 6050,3043"/>
                <TextEquiv>
                    <Unicode>mein Herr, sind sie an meinem Tode</Unicode>
                </TextEquiv>
            </TextLine>
            <TextLine id="tr_1_tl_39" custom="readingOrder {index:38;}">
                <Coords points="946,3176 2942,3203 2939,3074 2853,3036 2634,3103 2349,3025 943,3014"/>
                <Baseline points="960,3126 1050,3126 1139,3126 1229,3132 1318,3132 1408,3138 1497,3138 1587,3138 1676,3138 1766,3144 1855,3144 1945,3144 2034,3150 2124,3150 2213,3150 2303,3156 2392,3156 2482,3156 2571,3162 2661,3162 2750,3162 2840,3168 2929,3174 2947,3168"/>
                <TextEquiv>
                    <Unicode>er den Brief gleich sehen. Wenn ich ihn</Unicode>
                </TextEquiv>
            </TextLine>
            <TextLine id="tr_1_tl_40" custom="readingOrder {index:39;}">
                <Coords points="4256,3211 4808,3297 5142,3208 5848,3292 6328,3235 6328,3057 5886,3144 4426,3082 4256,3141"/>
                <Baseline points="4272,3192 4362,3192 4451,3192 4541,3192 4630,3192 4720,3192 4809,3192 4899,3186 4988,3192 5078,3192 5167,3186 5257,3186 5346,3192 5436,3192 5525,3192 5615,3192 5704,3192 5794,3192 5883,3192 5973,3192 6062,3192 6152,3192 6241,3192 6331,3204 6337,3198"/>
                <TextEquiv>
                    <Unicode>schuld. Aber Sie werden es nie erfahren.</Unicode>
                </TextEquiv>
            </TextLine>
            <TextLine id="tr_1_tl_41" custom="readingOrder {index:40;}">
                <Coords points="946,3303 2982,3383 2958,3273 2438,3189 943,3181"/>
                <Baseline points="960,3282 1050,3288 1139,3294 1229,3299 1318,3294 1408,3299 1497,3294 1587,3294 1676,3299 1766,3299 1855,3305 1945,3305 2034,3299 2124,3299 2213,3305 2303,3305 2392,3305 2482,3311 2571,3317 2661,3317 2750,3323 2840,3323 2929,3329 2989,3335"/>
                <TextEquiv>
                    <Unicode>nur jetzt nicht auf der Treppe begegne.</Unicode>
                </TextEquiv>
            </TextLine>
            <TextLine id="tr_1_tl_42" custom="readingOrder {index:41;}">
                <Coords points="4245,3429 4509,3354 4900,3362 5059,3443 5256,3348 6212,3408 6212,3284 5934,3241 5269,3308 5078,3235 4808,3297 4245,3211"/>
                <Baseline points="4260,3341 4350,3335 4439,3341 4529,3347 4618,3347 4708,3347 4797,3341 4887,3341 4976,3341 5066,3347 5155,3347 5245,3341 5334,3341 5424,3341 5513,3341 5603,3341 5692,3347 5782,3347 5871,3347 5961,3347 6050,3347 6140,3347 6218,3353"/>
                <TextEquiv>
                    <Unicode>Fünfzigtausend.Matador Adresse bleibt</Unicode>
                </TextEquiv>
            </TextLine>
            <TextLine id="tr_1_tl_43" custom="readingOrder {index:42;}">
                <Coords points="5231,3435 5253,3432 5274,3451 5317,3437 5352,3451 5393,3432 5425,3440 5444,3459 5487,3464 5487,3351 5471,3351 5428,3386 5382,3348 5347,3362 5304,3362 5256,3397 5231,3389"/>
                <Baseline points="5245,3431 5334,3425 5424,3425 5495,3431"/>
                <TextEquiv>
                    <Unicode>Nall</Unicode>
                </TextEquiv>
            </TextLine>
            <TextLine id="tr_1_tl_44" custom="readingOrder {index:43;}">
                <Coords points="951,3467 2748,3510 2850,3494 2850,3416 2454,3340 1576,3321 1460,3394 948,3319"/>
                <Baseline points="966,3449 1056,3443 1145,3443 1235,3443 1324,3443 1414,3443 1503,3449 1593,3449 1682,3455 1772,3455 1861,3455 1951,3455 2040,3455 2130,3461 2219,3461 2309,3467 2398,3467 2488,3467 2577,3473 2667,3473 2756,3473 2846,3484 2858,3484"/>
                <TextEquiv>
                    <Unicode>Da kommt ein Herr,kenn ihn nicht,ele</Unicode>
                </TextEquiv>
            </TextLine>
            <TextLine id="tr_1_tl_45" custom="readingOrder {index:44;}">
                <Coords points="4270,3502 4617,3572 4722,3505 5212,3494 6212,3558 6212,3443 6077,3418 4270,3413"/>
                <Baseline points="4284,3484 4374,3490 4463,3496 4553,3502 4642,3496 4732,3496 4821,3496 4911,3490 5000,3496 5090,3496 5179,3490 5269,3496 5358,3496 5448,3496 5537,3490 5627,3496 5716,3496 5806,3496 5895,3496 5985,3496 6074,3496 6164,3496 6218,3502"/>
                <TextEquiv>
                    <Unicode>Fila. Da wären wir nun beinahe in der</Unicode>
                </TextEquiv>
            </TextLine>
            <TextLine id="tr_1_tl_46" custom="readingOrder {index:45;}">
                <Coords points="4948,3572 5083,3599 5126,3569 5237,3567 5277,3591 5361,3572 5668,3591 5692,3580 5692,3510 5563,3540 5503,3499 5460,3523 5428,3496 5363,3534 5277,3499 5210,3494 5169,3523 5016,3496 4948,3542"/>
                <Baseline points="4964,3562 5054,3568 5143,3568 5233,3562 5322,3562 5412,3556 5501,3556 5591,3562 5680,3562 5698,3562"/>
                <TextEquiv>
                    <Unicode>in Umbekanl</Unicode>
                </TextEquiv>
            </TextLine>
            <TextLine id="tr_1_tl_47" custom="readingOrder {index:46;}">
                <Coords points="964,3637 2193,3631 2373,3699 2810,3650 2810,3561 1996,3475 1632,3542 962,3480"/>
                <Baseline points="978,3604 1068,3598 1157,3598 1247,3598 1336,3598 1426,3598 1515,3598 1605,3604 1694,3604 1784,3604 1873,3604 1963,3610 2052,3610 2142,3610 2231,3616 2321,3616 2410,3622 2500,3622 2589,3628 2679,3628 2768,3634 2816,3634"/>
                <TextEquiv>
                    <Unicode>ant, hübscher, schwarzer Schnurrbart.</Unicode>
                </TextEquiv>
            </TextLine>
            <TextLine id="tr_1_tl_48" custom="readingOrder {index:47;}">
                <Coords points="4294,3677 4806,3664 5245,3750 6026,3688 6301,3752 6263,3567 4784,3599 4504,3510 4294,3577"/>
                <Baseline points="4308,3646 4397,3652 4487,3652 4576,3652 4666,3646 4756,3646 4845,3646 4935,3652 5024,3652 5114,3652 5203,3652 5293,3652 5382,3652 5472,3652 5561,3652 5651,3652 5740,3652 5830,3652 5919,3646 6009,3652 6098,3652 6188,3658 6277,3658 6301,3658"/>
                <TextEquiv>
                    <Unicode>Halle. (Vicht viel Leute. Wo ist Dorsday?</Unicode>
                </TextEquiv>
            </TextLine>
            <TextLine id="tr_1_tl_49" custom="readingOrder {index:48;}">
                <Coords points="927,3790 2812,3836 2971,3820 2971,3707 2672,3647 2370,3699 924,3647"/>
                <Baseline points="942,3741 1032,3747 1121,3753 1211,3753 1300,3753 1390,3753 1479,3753 1569,3759 1658,3759 1748,3759 1837,3759 1927,3765 2016,3759 2106,3765 2196,3765 2285,3771 2375,3771 2464,3777 2554,3777 2643,3783 2733,3783 2822,3789 2912,3789 2977,3789"/>
                <TextEquiv>
                    <Unicode>Wenn man eine kleine Probe veranstalten</Unicode>
                </TextEquiv>
            </TextLine>
            <TextLine id="tr_1_tl_50" custom="readingOrder {index:49;}">
                <Coords points="4210,3817 4822,3814 4956,3884 5312,3909 6007,3860 5977,3712 5091,3720 5021,3769 4916,3715 4593,3742 4450,3666 4210,3720"/>
                <Baseline points="4224,3813 4314,3801 4403,3801 4493,3801 4582,3801 4672,3801 4761,3801 4851,3801 4941,3801 5030,3801 5120,3801 5209,3807 5299,3801 5388,3807 5478,3807 5567,3807 5657,3807 5746,3807 5836,3807 5925,3807 6015,3813"/>
                <TextEquiv>
                    <Unicode>Nicht da? Wie dumm, dass ich mich</Unicode>
                </TextEquiv>
            </TextLine>
            <TextLine id="tr_1_tl_51" custom="readingOrder {index:50;}">
                <Coords points="921,3936 2982,3968 2979,3855 2885,3809 2740,3876 2317,3785 2109,3839 919,3795"/>
                <Baseline points="936,3902 1026,3902 1115,3902 1205,3902 1294,3908 1384,3908 1473,3908 1563,3914 1652,3914 1742,3914 1831,3914 1921,3914 2011,3920 2100,3920 2190,3920 2279,3926 2369,3932 2458,3932 2548,3932 2637,3938 2727,3938 2816,3944 2906,3944 2989,3956"/>
                <TextEquiv>
                    <Unicode>würde - ein ganz klein wenig den Mamedl</Unicode>
                </TextEquiv>
            </TextLine>
            <TextLine id="tr_1_tl_52" custom="readingOrder {index:51;}">
                <Coords points="4256,3973 5226,3954 5382,4035 5870,4049 6015,3989 6193,4046 6147,3871 4900,3903 4256,3839"/>
                <Baseline points="4272,3962 4362,3950 4451,3950 4541,3956 4630,3956 4720,3956 4809,3956 4899,3956 4988,3956 5078,3956 5167,3956 5257,3956 5346,3962 5436,3956 5525,3956 5615,3962 5704,3962 5794,3962 5883,3962 5973,3962 6062,3956 6152,3956 6200,3962"/>
                <TextEquiv>
                    <Unicode>hieherstellen wollte. Ist es ein Wink</Unicode>
                </TextEquiv>
            </TextLine>
            <TextLine id="tr_1_tl_53" custom="readingOrder {index:52;}">
                <Coords points="4256,4113 5045,4186 6206,4167 6206,4054 6128,4033 4256,4043"/>
                <Baseline points="4272,4111 4362,4111 4451,4111 4541,4111 4630,4111 4720,4111 4809,4117 4899,4117 4988,4117 5078,4117 5167,4117 5257,4123 5346,4123 5436,4123 5525,4129 5615,4129 5704,4123 5794,4123 5883,4123 5973,4123 6062,4123 6152,4123 6212,4135"/>
                <TextEquiv>
                    <Unicode>des Schicksals? Soll ich nicht wieder</Unicode>
                </TextEquiv>
            </TextLine>
        </TextRegion>
    </Page>
</PcGts>
