3192 4264
2550 502 2741 679 148
794 649 2779 925 Wie in einem Sterbezimmer.Gleich wird
818 838 2669 1037 die Bahre da sein. Mach auf das Thor,
816 975 2746 1209 Hemtador... (Sie sehenu,gnädige Frau,
604 1060 781 1226 Item
1527 1144 1637 1261 the
828 1184 2547 1356 de Cang ist geräumt. —„Die Leute
826 1294 2706 1522 könnten doch wenigstens so viel Rück
841 1443 2761 1669 sicht haben - „So beruhige dich doch
843 1582 2774 1826 endlich,Mama. Liebe Frau Sissy, wollen
851 1764 2629 1995 Sie sich ein wenig um meine Mutter
858 1876 2836 2127 kümmern".- Liebe Frau Sissy (wie er das
502 1950 764 2169 hrung
878 2045 2734 2269 sagt)Sie ist seine Geliebte. Aber sie
891 2184 2644 2425 ist nicht so schön wie ich Was ist
898 2363 2699 2580 denn? Die Tür ist geöffnet worden.
900 2483 2602 2749 Was denn? Was denn?) Schrittee. Sie
913 2672 2672 2913 bringen die Bahre. Ich seh’s mit ge
920 2828 2876 3035 schlossenen Augen. Das ist die Bahre,
918 2963 2826 3231 auf der sie die Verunglückten tragen.
2144 3089 2517 3216 wird
796 3169 1177 3288 Auf de
923 3119 2925 3341 Da ist der Doktor Purtschaller gelegen,
938 3283 2647 3512 der vom Cimone abgestürzt ist. Und
985 3425 2818 3664 jetzt werd ich auf der Bahre liegen
2159 3565 2423 3662 soll.
963 3582 2659 3813 Ich bin auch abgetürzt.Ha!Ndu, ich
1035 3721 2818 3955 ill nicht noch einmal schreien.-Sie
