6680 4296
6017 607 6311 800 latin
2736 649 2887 806 30
4165 657 6003 856 ist einfach ein Luder. Aber ist Ch
6012 769 6317 887 mais
5396 786 5699 901 Hinfly
845 800 2926 974 wie ein Geppenst,wie hundert Gespenster.
4177 839 6180 996 um ein Haar bes ser? Ihr. Mann kann sich
951 923 2739 1027 Aus meine Wiese steige in herauf.
5701 937 5900 1027 Mr
831 1004 2672 1164 Wie weit ist Wien! Wie lang bin ich
4179 960 6168 1172 Freuen. Wama war immer [tren] treu¬ Ich werde
836 1116 3007 1295 fort? Wie allein bin ich da? Ich habe kei-
4165 1155 6185 1315 nicht treu sein, ich bin hochgemut, aber
842 1284 2873 1455 ne Freundin, ich hab auch keinen Freund.
4182 1298 6331 1455 ich werde nicht treu sein. Die Filoussind
825 1446 2935 1606 Wo sind sie alle? Wen werd ich heiraten?
4174 1444 6247 1617 mir gefährlich. Die Marchesa hat gewiss
825 1589 2965 1746 Wer heiratet die Tochter eines Defraudan-
4179 1611 6099 1754 einen Filou zum Liebhaber. Wenn Fred
811 1757 2915 1886 ten? - Eben erhalte ich einen Brief,Herr
4179 1751 6345 1919 mich wirklich kennte, dann würe es aus mit
836 1877 2845 2045 von Dorsday, - - - Aber es ist doch gar
4177 1950 6244 2115 seiner Verehrung. Aus Ihnen hätte alles
825 2031 2951 2202 nicht der Rede wert,Fräulein Else,Sie be-
4196 2081 6149 2266 Mögliche werden können,Fräulein Else,
4054 2162 6300 2314 l ere Tionilien ien Büttelbein 1er a eine Schau weilen
831 2196 2814 2358 schämen mich. Und reisst ein Blatt aus
4191 2238 6314 2372 aber es ist Ihnen immer zu gut gegangen.
5061 2350 6325 2423 unpüttert zu wichts haben
3558 2294 4929 2451 Frau versteidnert als I.D. sel.
820 2325 2831 2523 seinem Scheckbuch und untersereibt mit
4202 2403 6317 2546 Oh Gott, eh Gott! Hätt ich wenigstens zu
825 2535 2753 2655 seiner goldenen Füllfeder und morgen
4188 2532 6350 2705 irgendwas Talent. - er weiss - so weit wie
828 2627 2954 2851 Früh fahre ich mit dem Scheck nach Wien
4196 2658 6350 2837 Bertha hätt' ichs auch gebracht. Aber mir
2336 2756 3038 2862 I keven al
825 2798 2809 2982 Ich bleibe nicht mehr hier. Keineswegs.
4191 2865 6320 3010 fehlt es an Energie. JungeDame aus guter
806 2965 2814 3153 Könnte ja gar nicht, dürfte nicht. Lebe
4191 3005 6180 3172 Familie.Ha,gute Familie,Der Vater im
4289 3139 4616 3223 du chambre
817 3128 2789 3309 hier als elegante junge Dame und Papa
4202 3136 6320 3312 Kriminal! Warum tust du mir das an.Papa?
831 3293 2873 3449 steht mit einem Fuss im Kriminal. - Das
4207 3329 6283 3461 Wenn du noch was davon hättest? Aber an
836 3407 2739 3606 letzte Paar-Seidenstrümpfe,-den Riss
4207 3449 6146 3628 der Börse verspielt - Und es wird dir
814 3542 2940 3749 grad unterm vnie merkt niemand. Nienand?
4207 3612 6348 3788 nichts helfen - auf ein Vierteljahr viel
814 3735 2977 3944 wer weiss. Nicht frivol sein,Ilse! Bertha
4191 3791 6278 3942 leicht. Endlich wird er doch durchgehen
