6600 4296
809 628 2738 801 nicht im Traum denke. Ach an niemanden
815 783 2691 993 denke ich. Ich bin nicht verliebt, in
754 935 2846 1106 niemanden, und war noch nie verliebt. Auch
815 1088 2683 1335 in Albert war ich's nicht, obwohl ichs
791 1240 2683 1437 mir acht Tage lang eingebildet habe.
809 1393 2764 1598 Ich glaube, ich kann mich nicht verlie-
796 1542 2680 1732 ben. Merkwürdig? Denn sinnlich bin ich
796 1697 2701 1868 gewiss. Aber auch hochgemut und ungnä
791 1847 2785 2078 dig Gott sei Dank.Mit dreizehn war ich
809 2010 2832 2236 vielleicht das einzige Mal wirklich ver
786 2152 2733 2404 liebt. In den Van Dyk, oder vielmehrin
796 2304 2677 2517 den Abbé Degieux und in die Renard
791 2457 2680 2638 auch.Und mit sechzehn am Wörthersee-
707 2628 2819 2817 Och nein, das war nichts. Wozu nachdenken,
786 2790 2675 3001 ich schreibe ja keine Memoiren.Nicht
744 2990 2756 3158 einmal ein Tagebuch wie Bertha. Fred ist
786 3074 2746 3295 mir sympathisch, nicht mehr.Vielleicht,
725 3227 2775 3432 wenn er eleganter wäre. Ich bin jadoch
712 3379 2570 3552 ein Snob.Der Papa findet’s auch,und
772 3534 2840 3731 lacht mich aus. Ach, lieber Papa, du machst
778 3681 2714 3952 mir viel Sorgen. Ob du die Mama einmal
941 3841 1193 3981 wor
3965 497 5836 730 Schwede, der spielte jeden Abend von
3970 675 5933 946 sechs bis acht Uhr. Und im Jahr vorher
3968 862 5933 1104 hat er sogar noch bei einem Tournier
3970 1012 5975 1243 mitgespielt."- "Nun, fünfundsechzig bin
3931 1185 5943 1403 ich Cott sei Dank noch nicht, aber lei
3991 1343 5978 1555 der auch kein Schwede, Auf Wiedersehen,
3986 1498 5907 1718 meine Damen Warum leider? Das hält er
3986 1655 6038 1866 wohl für einen Witz? Ich lächle höflich
3991 1821 5933 2026 und gehe.. Küss die Hand,gnädige Frau,
3986 1984 5239 2194 adieu,Herr von Dorsday.
4322 2078 6064 2312 Wie tief er sich verbeugt.Hab ich
3957 2254 5891 2409 ihn am Ende verletzt mit dem fünfund-
3957 2394 5880 2570 sechzigjährigen Schweden? Schadt auch
4012 2578 5980 2783 nichts.Frau Winawer muss eine unglück
4015 2719 5878 2948 liche Frau sein.Gewiss schon nah an
4017 2838 6009 3119 fünfzig.Diese Thränensäcke, als wenn sie
4015 3030 6049 3255 viel geweint hätte.Ach wie furchtbar,
4031 3198 5975 3403 so alt zu sein.Herr von Dorsday nimmt
4023 3313 6109 3558 sich ihrer an.Da geht er an ihren Seite.
4025 3505 5943 3650 Er sieht noch immer ganz gut aus mit
4028 3594 6017 3883 demGraumelierten Spitzbart. Aber sympa-
4099 3791 5675 4044 .....,,.,..¬
