3427 4312
2766 547 2934 677 151
1144 642 3068 865 Weiter. Weiter.Sie sollen mich hinauf
1154 830 3131 1042 tragen bis zum Dach,bis zum Himmel. Das
1157 1027 3106 1182 wäre so bequem. — „Ich hab s ja kommen
1762 1104 3091 1242 "V  né tout hilée dernier gerete
1159 1152 3056 1337 gsehen, Paul. Schon die ganzen letzten
1682 1267 1819 1369 it
1172 1307 3043 1467 Tage.Sie war überhaupt nicht normal.
1164 1452 2998 1674 Sie muss unbddingt in eine Anstalt!
2661 1547 3226 1662 der hever
1164 1599 3161 1777 „Jetzt Mama ist doch nicht an der Zeit
1157 1732 3031 1972 davon zu reden. -Anstalt - Anstalt,
1149 1907 2909 2099 einsperren wollt Ihr mich? Haha!
1164 2076 3048 2244 „Du denkst doch nicht, Paul, dass ich
1154 2226 2934 2391 in ein und demselben Coupé mit ihr
1934 2334 3343 2441 La suite a vérité schène sarder passe
1147 2391 2994 2571 nach Wien fahren werde? Unter keiner
1159 2559 2889 2701 Bedingung.“ -„Mama,du wirst keine
1177 2679 3093 2864 füngelegenheiten haben, ich versichere
1942 2796 2496 2904 i st utruch
1204 2799 2991 3023 dich. -Nein,Tante,du sollst keine
1139 2951 2934 3183 Ungelegenheiten haben.Niemand widd
1134 3161 2934 3331 Ungelegenheiten haben.Nicht einmal
2294 3253 2861 3363 Neile Servt
1134 3301 2899 3471 Herr von Dotsday.- Wir sind sehen
1147 3446 3076 3623 oben. Irgendwo ist Zimmer fünfundsech
1129 3643 3136 3806 zig. Sicher hat er schon den Brief gele¬
1142 3761 3066 3921 sen Er ist der Einzige, der versteht,
1134 3911 2974 4113 was geschehen ist.Er tut mir leid.
