6568 4280
5870 435 6027 572 25
5073 467 5531 625 kannten
2653 473 2828 648 24
4002 578 6220 765 fach ein ungarischer Jud und ebens og könn-
855 677 3015 846 hab ich nichts geb rut? Oh, ich hab was ge-
4045 703 6234 934 ten sie mit alten Kleidern handeln.wie mit
855 800 3006 989 lernt. Ich spiel ganz gut Klavier, ich kann
1451 916 3094 1039 Hebe konnte ichte Anleitungen bericht
4037 896 6080 1092 alten Bildern. Elsse,Else,was fällt dir
855 987 2846 1156 französisch.endlisch, italienisch.  Was
4048 1016 5992 1240 ein!- Oh, mir siehts niemand an,ich bin
861 1095 2846 1313 hülfe es mir übrigens? Dreissigtausend
4002 1170 6045 1366 sogar blind. Und mein laiblicher Bru-
867 1278 2566 1445 hätt ich mir noch nicht erspart.
3993 1296 4279 1427 Rade
4028 1343 6205 1515 der sieht aus wie ein Aristokrat. Bei Mann
873 1433 2852 1582 Vorbei das Alpenglühen - Dämmerung.Der
4042 1515 6176 1681 merkt man’s freilich gleich, auch im Re-
855 1597 2802 1745 Abend ist nicht mehr wunderb ar. Traur
5779 1611 6141 1731 Wirzen
4037 1675 6106 1813 den. Bei Papa wieder gar nicht. Aber sie
4390 1760 4600 1859 né
881 1710 2857 1929 izt das Leben. Mein geliebter papa-im
1652 1850 1886 1938 nen
4025 1821 6167 1958 sollen's merken.Ich verleugne es durchaus
867 1883 2840 2031 Kriminal. Nein. Ich kann ihn ja retten.
4682 1918 4956 2023 Rud
4025 1958 5981 2134 nicht und Ferdinand erst recht nicht.
998 2011 1845 2104 Ich war zu retten. -
864 2034 2849 2253 Ein paar Worte,ganz nonchalant,das ist
2609 2134 2857 2242 an¬
4010 2116 6170 2294 Er hat sich sogar geichlagen, ob Wegen der
876 2198 3006 2385 ja mein-Fall, hochgemut. Ich werde ihn be-
4991 2239 5575 2326 Mit dem Dr
4013 2259 6016 2423 frechen Bemerkung kom Dr.Schiestel hat
867 2358 2802 2504 handeln, als wenn es eine Ehrenfür ihn
4247 2341 6348 2496 wegen des Bewerkung über die Balsun¬
2014 2431 3065 2560 he has he seen home.
4019 2455 6366 2601 ja sogar ein Duell ghabt, obzwar gar
884 2510 2887 2662 wäre.- Herr v.Dorsday gut, dass ich Sie
5464 2557 5776 2659 worten.
686 2633 1381 2764 Zeit für mich.
4013 2580 6106 2747 niemand in der Gesellschaft gewusst hat,
873 2665 2974 2799 sehe. Ich bekomme da eben einen Brief von
5727 2706 5981 2814 Rad.
1261 2758 2662 2890 sie ist in auszubl. blad Valenheil.
4013 2732 6097 2925 dass er ein Jud ist. Was würde Ferdinand
867 2820 2974 2980 Mama -/- - Aber selbstverständlich, mein
5093 2857 5732 2954 augment in
4019 2869 6156 3059 tun, wenn der Papa ins Kriminal käme? Wür-
876 2948 2963 3108 Fräulein, mit dem grössten Vergnügen.Wie-
4007 3065 6144 3246 de er sich erschiessen? So ruhig überlege
855 3111 3018 3284 viel,sagten Sie?-Wenn er mir nur nicht so
4007 3205 6039 3392 ich mir das, offenbar glaub ich's nicht
873 3240 2974 3453 unsympathisch wäre.. Auch die Art,wie er
4162 3319 4410 3403 nem
3421 3330 3838 3485 f de dit
4007 3371 6153 3561 recht. Nicht das Erschiessen und nicht des
4477 3467 5137 3564 als gibts alle.
870 3406 2907 3634 mich ansieht. Nein ich glauhs Ihnen Ihre
3397 3447 3891 3564 mir in den
5584 3479 5934 3593 +
3987 3514 6001 3713 Kriminal. Die Luft ist wie Champagner.
3400 3549 3885 3718 zu tringen.
867 3587 2910 3739 Eleganz nicht und nicht Ihr Monocle und
4005 3643 5989 3815 In einer Stunde Diner.Dinner.Ich hasse
861 3710 2910 3899 nicht Ihre Noblesse. Sie sind ganz ein-
4005 3786 5709 3949 cins. Un des Mädus nimmt né-
4042 3894 4606 4057 nicht. W
5458 3844 6392 4037 sept dit cent où Saint
5227 3926 5397 4054 a
