6664 4264
2536 497 2729 639 105
990 662 2759 862 nicht zum Diner herunterkommen und
995 806 2791 1005 Paul auch nicht. Aber neugierig bin
987 941 2866 1166 ich, wie sich Sissy benehmen wird.Nur
992 1117 2866 1335 werd ich s leider nicht erfahren. Gar
1002 1301 2815 1470 nichts mehr werde ich erfahren. Oder
1005 1446 2781 1624 vielleicht weiss man noch alles,so
1017 1583 2842 1781 lange man nicht begraben ist. Und am
995 1717 2884 1943 Ende bin ich nur scheintot. Und wenn
1007 1840 2903 2090 der Herr von Dorsday an meinen Leich
1014 2041 2881 2234 nam tritt,so erwache ich und schlage
1014 2193 2955 2399 idie Augen auf, da lässt er vor Schreck
992 2332 2952 2541 das Monocle fallen. Aber es ist ja lei¬
1007 2501 2881 2695 der alles nicht wahr. Ich werde nicht
1002 2663 2818 2803 scheintot sein, ich werde mich über-
995 2822 2893 3014 haupt gar nicht umbringen, ich bin ja
987 2974 2648 3187 zu feig. Und vielleicht habe ich
987 3082 2837 3327 nicht genug Veronal.Wieviel Pulver
992 3236 2967 3447 braucht man denn. Sechs, glaub ich. Aber
990 3398 2879 3614 zehn ist sic herer. Ich glaube, es sihd
990 3545 2928 3795 noch zehn. Und jetzt laufe ich weiss
992 3753 2837 3935 Gott wie oft um das Hotel herum. Bin
1002 3883 2852 4062 ich denn verrückt? Sie sitzen immer
5821 399 6020 632 106
4177 617 5914 831 noch beim Diner.Die Fall ist noch
4219 750 6066 1005 eer.Wie sonderbar sie aussieht, ganz
4197 946 6010 1147 ohne Menschen. Auf dem Sessel liegt
4187 1115 6000 1340 ein Hut.Wer hat den vergessen? Dort
4202 1223 6091 1446 im Fauteuil sitzt ein alter Herr und
4219 1401 6093 1595 liest Zeitung. Wie gut's dem geht.Er
4219 1563 6147 1769 hat keine oorgen.Er liest ruhig Zei-
4224 1691 6066 1916 tung und ich muss mir den vopf zer¬
4226 1862 6162 2068 brechen. wie ich dem Papa dreissigtau-
4234 1948 6194 2210 send Gulden verschaffen soll.Ach Cott,
4253 2134 6184 2362 ich weiss ja wie.Es ist ja so furcht-
5133 2286 5931 2389 remands comme
4236 2310 6174 2548 bar einfach. Aber ich muss mich end¬
4256 2416 6154 2688 lich entschliessen) Herr von Dorsday
4251 2587 6069 2862 sitzt auf Nadeln. Wo bleibt sie? Wo
4261 2737 6152 2999 bleibt sie? Hat sie sich am Ende um-
4280 2942 6145 3138 gebracht? Oder dingt sie jemanden zu
4268 3107 6225 3276 einem Meuchelmord? Aber nein,Herr von
4288 3227 6181 3484 Dorsday,ich bin keine so gefährliche
4292 3403 6078 3592 Person. Ein kleides Luder bin ich,
4292 3555 6206 3785 nicht mehr. Für die Angst, die sie aus
4312 3714 6221 3920 stehen, sollen sie auch Ihren Lohn ha-
4314 3851 6096 4065 ben. Um zwölf Uhr in Ihrem zimmer.
