3544 4328
2650 513 2836 688 147
982 685 2793 927 Früh-reisen wir ab." - „Sie können
998 853 2942 1051 das Fräulein ohneweiters über die lie-
998 1074 2958 1196 nerschaftsstiege hinauftransportieren
1021 1155 2752 1356 lassen.Die Tragbahre wird sofort
1015 1371 2950 1549 hier sein." - Sie wollen mieh auf die
1838 1472 2419 1566 Bei ich im
1010 1523 2866 1676 Bahre legen. Ich bin ja heute schon
2221 1584 2889 1706 Jl... ine d, ab — 2 or
1015 1655 3062 1833 aufleiner Bahre gelegen. Sterb ich dem
1031 1792 2909 1978 noch einmal? - „Bitte, Herr Direktor,
1460 1937 1744 2036 nicht
1031 1960 2922 2178 wollen Sie nux dafür sorgen,dass die
1041 2092 2828 2338 Leute sich von der Türe entfernen.
1049 2237 2935 2442 „Mama, rege dich doch nicht auf“. - „Es
1046 2412 2945 2587 ist eine Rücksichtslosigkeit von den
1922 2531 2470 2638 So haben
1046 2551 2942 2760 Leuten." — Der Filou hat mich nackt
1051 2742 2907 2953 gesehen und die zwei fremden Herren
1054 2892 2993 3115 und Paul und Herr von Dorsday und die
1064 3008 2975 3257 Dame,die Klavier gespielt hat.Furcht-
1120 3199 2996 3399 bar.Und wenn jetzt jemand den Mantel
1074 3316 2815 3562 wegzieht bin ich wieder nackt.Ich
1069 3468 2869 3666 schäm mich, ich schä mich so. Warum
1082 3630 3016 3826 flüstern sie denn alle? Oh, ich hör Euch
1079 3806 3046 4042 doch.u Cleich wird die Bahre da sein.
