6760 4344
2585 489 2786 621 121
927 597 2977 772 mich zu Tod lachen über Dorsday,es wird
940 734 2809 960 gar nicht nötig sein Veronal zu neh-
981 894 2928 1092 men. Aber ich denke ja gar nicht dran.
927 1066 2832 1241 Schön, schön... bin ich.Schau mich an,
945 1195 2869 1383 Nacht, Berge seht mich an, Himmel sieh
927 1360 2881 1517 mich an 16ber Ihr habt ja keine Augen.
976 1553 2982 1718 Die da unten aber haben Augen. Soll ich
927 1671 2786 1859 mir die Haare lösen? Nein, dann seh
945 1831 2786 1985 ich aus wie eine Verrückte. Aber Ihr
927 2006 2869 2153 sollt mich nicht für verrückt halten,
927 2158 2899 2287 nur für schamlos, für eine Kanaille. Wo
927 2302 2977 2441 ist das Telegramm? Da liegt’s ja. „Wie-
981 2451 2822 2629 derhole flehentlich fünfzigtausend,
922 2585 2724 2778 Adresse bleibt...“ Nein,ich träume
917 2742 2822 2928 nicht, es ist alles wahr. Und Herr von
927 2902 2714 3051 Dossday wartet.Er soll nur warten.
963 3057 2678 3257 Ah,wie hübsch ist es so nackt im
922 3190 2928 3384 Zimmer auf und ab zu spazieren. Bin ich
958 3368 2869 3546 wirklich so schön wie im piegel? Ach,
971 3538 2928 3700 kommen Sie näher,schönes Fräulein.Ich
917 3682 2884 3878 will Ihre blutroten Lippen küssen, ich
4269 525 4452 667 1mai
5928 518 6105 667 122
4692 538 4908 690 1er
4365 667 6103 860 w'ill deine Brüste an meine Prüste
4334 811 6226 1025 pressen. Wie schade, dass das Glas zwi
4323 999 6208 1133 schen uns ist, das kalte Glas. Wie gut
4305 1156 6237 1300 würden wir uns miteinander vertragen,
4316 1280 6211 1455 wir brauchten gar keine anderen Men
4844 1383 5008 1473 Och
4326 1450 6098 1591 schen. Aber Vielleicht gibt es gar
4308 1596 6347 1774 keine anderen Menschen.Es gibt Telegram
4295 1736 6188 1893 me und Hotels und Berge und Bahnhöfe
4357 1882 6334 2096 und Wälder, aber Menschen gibt es nicht.
4295 2027 6291 2220 Die träumen wir nur. Nur der Doktor Fia
5768 2158 6049 2276 habit
4298 2209 6121 2374 la existiert mit der Adresse. Oh, ich
4347 2364 6208 2511 bin keineswegs verrückt..ich bin nur
4285 2480 6211 2693 ein wenig erregt,wie man es wohl sein
5080 2626 5619 2717 Wm zweiten he
4274 2663 6247 2856 muss,bevor man auf die Welt kommt.Denn
4267 2804 6159 3008 soeben bin ich gestorben. Man braucht
4277 3000 6105 3118 kein Veronal dazu.Soll ich das zeug
4256 3121 6128 3288 nicht weggiessen? Das Stubenmädchen
4256 3265 6324 3430 könnte es aus Versehen trinken.lch werde
4256 3404 6180 3626 einen Zettel danebenlegen:Gift. Nein,
4303 3577 6288 3785 lieber Medizin.So edel bin ich.
