6696 4344
1070 703 3028 923 welchen Gedanken. Ja, so bin ich,so bin
1079 917 3053 1089 ich.Ein Luder, ja. sie spüren's ja alle.
1070 1070 3015 1220 Auch Paul spürt's.Natürlich,er ist ja
1079 1188 3120 1389 Frauenarzt. und der Marineleutnant hat’s
1070 1357 3146 1530 auch gespürt und der Maler auch. Nur Fred
454 1511 3021 1674 ### keil spürt's nicht. Darum licht er mich ja.
1079 1670 2919 1862 Aber gerade vor ihm möcht ich nicht
1086 1830 3114 1951 nackt sein,nie, nie und nimmer. Ich hätte
1552 1919 2565 2012 Ich möchte ich, da wer
1086 2012 2919 2143 gar keine Freude davon. Aber vor dem
1079 2146 2977 2293 Filou mit dem Römerkopf,wie gern-und
1079 2284 3111 2430 wenn ich gleich nachher sterben müsste.
1070 2437 3037 2628 Aber es ist ja nicht notwendig gleich
1086 2603 3143 2772 nachher zu sterben. Man überlebt’s.Bertla
2178 2689 2612 2788 nile andre
1070 2756 3079 2884 hat mehr überlebt, und jede. Was tun sie
1079 2900 3152 3069 denn alle? Sie verstellen sichja nur.Sis
1086 3053 3117 3191 sy liegt sicher auch nackt da,wenn Paul
1086 3216 3018 3337 zu ihr schleicht durch die Hotelgänge
2536 3306 3018 3395 schleuter wer
1485 3312 1942 3440 heut Racht
1086 3373 3149 3571 wie ich zu Herrn von Dorsday.-Nein, nein,
1079 3484 3031 3673 nein.Ich tu’s nicht,ich willnicht, zu
2370 3644 2756 3730 reçu un seul de ses
1073 3676 3060 3826 jedem andern, aber nicht zu ihm. Zu Paul
1073 3797 2919 4015 meinetwegen oder ich such mir einen
3979 719 5880 929 aus heute Abend beim Diner.Es ist ja
3986 920 5966 1086 alles ogal. Aber ich kann doch nicht je
3992 1064 6020 1230 dem sagen, dass ich dreissigtausend Gul-
4203 1178 4414 1274 daford
3995 1166 5944 1418 den/ha ben will. Da wär ich ja wie ein
3995 1367 5886 1530 Frauenzimmer von der Kärtnerstrasse.
3986 1530 6059 1702 Nein, ich verkauf mich nicht, nie und uin
3986 1638 5953 1798 mer. Nicht einen Kuss. Ich schenke mich
3976 1820 6055 1974 her. Ja, wenn ich einmal den Rechten fin
3992 1980 6087 2143 de schenke ich mich her, aber ich verkauf
4005 2153 6097 2335 mich nicht. Ein Luder bin ich meinetwegen
3992 2274 5912 2459 aber nicht eine Dirne. Ihr habt Euch
4021 2392 6011 2584 verrechnet. Herr von Dorsday,Sie haben
5653 2437 6298 2644 sincerment!
4008 2609 6011 2731 sich verrechnet.Auch du,Papa.  hast s
5209 2686 5829 2782 whergesetz
4015 2731 5953 2929 ja gahnt,du musst es ja gahut haben.
4015 2900 6075 3085 Du kennst ja die Menschen,du kennet aud
4002 3053 6014 3261 den Herrn von Dorsday,du hast dir doch
4005 3216 6011 3389 denken können, dass er nichtefür nichts
4021 3379 6170 3520 und wieder nichts - sonst hättest du doch
4018 3520 5928 3689 telegraphieren oder selber herreisen
4008 3676 6090 3826 können. Aber so war's bequemer und sich
3986 3794 4356 3877 nicht ache
4031 3775 6059 4037 rer, Papa 4 Wenn man so eine hübsche Toch-
