6664 4296
1511 650 2017 791 Tanderttell
858 752 2891 893 müssen. Vor drei Jahren war es ja schon
852 912 2932 1069 so weit. Es war schon alles vorbereitet,
852 1056 2843 1264 da kam die Hilfe. Aber einmal wird sie
864 1197 2900 1386 nicht kommen. Was geschieht mit uns?
1072 1329 1325 1428 Stud.
855 1396 2948 1514 Ferdinand wird nach Rotterdam gehen. Zu
1588 1466 2116 1562 in die Bont.
864 1517 2840 1700 Van der Hulst, aber ich? Reiche Partie.
868 1681 2952 1799 Oh, wenn ich's darauf anlegte, - schön bin
1773 1751 2980 1873 graben eenbei die Aufrügung
864 1847 2955 2001 ich heute. das macht den Gram. Für wen bin
864 1988 2948 2167 ich schön? Wär ich froher, wenn Fred hier
871 2161 2856 2334 wäre? Ach.Fred ist im Grund nichts für
864 2254 2996 2462 mich. Kein Filou. Aber ich nähn ihn, wenn er
871 2423 3019 2583 Geld hätte. Und dann käm ein Filou und das
858 2561 2817 2737 Malheur wäre fertig. Sie möchten wohl
842 2711 2977 2936 gern ein Filou sein Herr von Dorsday, von
864 2888 2836 3044 weitem sehen sie auch manchmal so aus,
864 3032 2939 3240 wie ein verlebter Vicorte, ein Don Juan
864 3230 3044 3390 mit Ihrem blöden Monocle und Ihren weissen
864 3313 2859 3547 Flauellanzug - aber ein Filou sind Sie
877 3505 3060 3643 noch lange-nicht. Was fehlt mir dann noch?
848 3640 2945 3825 Hab ich alles? Fertig zum Dinner. Was zu
871 3842 3006 3973 ich aber die Stunde lang, wenn ich Dorsday
3752 336 6326 570 Weine mit der einzle bleiben Fam hronanver spazieren
4066 499 4315 669 jeat
4863 611 5212 752 min.
4117 637 6290 916 nicht treffe? Ich setzemich in die Hall,
4101 848 6070 1037 grossartig in einen Fauteuil, lese die
4123 1015 6172 1200 Illustratea Niows,die Vies Parisiennes,
4117 1178 6419 1313 schlage die Beine übereinander, den Riss
3720 1297 4043 1473 kennen
4110 1303 6172 1466 wird man nicht sehen. Vielleicht ist ge
4594 1418 5224 1524 Sie over keine!...
4110 1479 6108 1665 rade ein Milliardär angekommen. Und ich
4104 1604 6047 1822 muss Herrn Dorsday nicht anpumpen. End
4117 1815 6006 1959 ich tu### auch nicht.nein. Jedesfalls
4104 1962 6198 2110 warte ich bis nach der hiner. Wer weiss,
4117 2097 6156 2254 was indes geschieht? Es gibt Wunder. Ich
4117 2282 6162 2417 glaube an Wunder. Ich nehme den weissen
4110 2443 6214 2561 Shawl, der steht mir gut, ganz ungezwungen
5279 2507 5689 2612 henlichen
4110 2583 6265 2737 lege ich ihn um meine schünen Schultern.
5602 2657 6006 2766 terilite
4117 2676 6278 2878 Für wen habe ich denn meine schönen Sehul
4110 2849 6290 3028 tern? Ich könnte einen Mann sehr glücklich
4101 3051 6214 3204 machen. Wär nur der rechte Mann da -Aber
4104 3172 6156 3358 Kind will ich keins haben, ich bin nicht
4117 3313 6150 3521 mütterlich. Marie Weil ist mütsterlich,
4110 3473 6262 3675 Mama ist mütterlich,Tante Irae ist mitter
4104 3646 6166 3835 lieh. Ich habe eine edle Stirn, ich habe
4110 3797 6038 3970 eine schöne Figur. Wenn ich sie malen
