6600 4280
932 612 3043 820 pagner, sagte gestern Doktor Waldberg. Vor¬
992 781 2832 953 gestern hat's auch wer gesagt. Warum
980 971 2929 1092 sitzen die Leute bei dem wundervollen
953 1068 2862 1267 Wetter in der Halle? Unfassbar.Warum
929 1252 2862 1418 sind sie nicht lieber auf dem Cimone?
866 1424 3037 1596 Oder erwartet jeder einen Expressbrief?
944 1532 3010 1716 Der Portier hat mich schon gesehen, wenn
932 1704 2938 1855 ein Expressbrief für mich da wäre, würde
956 1831 2935 2039 man iih sofort bringen. Also keiner da,
959 2012 2995 2163 Gott sei Dank.Ich werde auf mein Zimmer
962 2172 3001 2335 gehen und mich hinlegen vor demDiner. Ich
947 2338 2977 2507 bin ein bisl müd. Warum sagte Lissi Din-
953 2470 2887 2636 ner? Dumme Affektation. Passen zusammen
914 2639 2850 2787 Missi und Paul. Ach, wär der Brief nur
896 2754 3004 2965 schon da.Am End kommt er während des Din-
914 2917 2971 3071 ner. Und wenn er nicht kommt,hab ich eine
932 3077 2983 3282 unruhige macht. Die letzte Nacht hab ich
878 3233 2865 3442 auch so miserabel geschlafen. Freilich,
700 3357 2778 3526 es sind. gerade diese Tage. Darumhabe
914 3544 2781 3707 ich auch das Ziehen in den Beinen.
468 3668 2890 3867 Dritter September ist heute. Also wahr-
5797 431 5948 609 11
4096 555 6147 781 scheinlich am sechsten. Ich werde heute
4114 760 6081 938 jedesfalls Veronal nehmen. Oh, ich werde
4096 923 6093 1080 mich nicht daran gewöhnen.Nein „lieber
4096 1053 6126 1243 Fred, du musst nicht besorgt sein. In Ge-
4099 1164 4310 1264 P.V.F.P.
5502 1173 5927 1300 mit it.
4090 1234 6039 1418 danken bin ich immer per du.Versuchen
4102 1400 6105 1544 sollte man alles, auch Haschisch.Der Ma-
3807 1409 4027 1574 G.F.S.
4048 1517 6026 1707 rinefähnrich Brandl hat sich aus China
4096 1707 6039 1855 Haschisch mitgebracht.Trinkt man oder
4102 1834 6111 2012 raucht man Haschisch? Man soll wunder¬
4090 1967 6141 2190 bare Visionen haben.Brandl hat mich ein
4081 2151 5990 2329 gela den einmal mit ihm Haschisch zu
4096 2326 5984 2467 trinken. Frecher Kerl.Aber hübsch.-äa
4102 2452 6008 2612 läuft einer hinter mir her.Dorsday am
4078 2591 6005 2796 Ende oder Paul?—.Bitte sehr,Fräulein,
4036 2763 5903 2977 ein Brief".-Ah, der Portier. Ich wende
4084 2935 5915 3095 mich ganz unbefangen um. Es könnt ja
4084 3068 5972 3242 auch ein Brief von Karoline sein, oder
4072 3252 5885 3396 Bertha oder von Fred oder yon Miss
4024 3381 6072 3559 Jackson.“Danko“. -Doch von Wama.Express.
4084 3520 6087 3725 Warum sagt er nicht gleich, ein Express
4069 3713 6069 3891 brief ist da? Oh, ein Express“, Ich nehm
