<?xml version="1.0" encoding="UTF-8" standalone="yes"?>
<PcGts xmlns="http://schema.primaresearch.org/PAGE/gts/pagecontent/2013-07-15" xmlns:xsi="http://www.w3.org/2001/XMLSchema-instance" xsi:schemaLocation="http://schema.primaresearch.org/PAGE/gts/pagecontent/2013-07-15 http://schema.primaresearch.org/PAGE/gts/pagecontent/2013-07-15/pagecontent.xsd">
    <Metadata>
        <Creator>prov=READ-COOP:name=TrHtr:version=2.1.0:model_id=51170:date=14_08_2023_12:09</Creator>
        <Created>2023-05-10T14:15:46.932+02:00</Created>
        <LastChange>2023-08-14T12:09:42.921+02:00</LastChange>
        <TranskribusMetadata docId="1428608" pageId="55417603" pageNr="34" tsid="132799458" status="IN_PROGRESS" userId="64420" imgUrl="https://files.transkribus.eu/Get?id=GJOZJMJPLHSBKJHHHFKDUMKO&amp;fileType=view" xmlUrl="https://files.transkribus.eu/Get?id=KCPKSXXDSGVIWZIHJDWHDQBG" imageId="44691707"/>
    </Metadata>
    <Page imageFilename="1428608_0034.jpg" imageWidth="6648" imageHeight="4296">
        <ReadingOrder>
            <OrderedGroup id="ro_1711787884501" caption="Regions reading order">
                <RegionRefIndexed index="0" regionRef="tr_1"/>
            </OrderedGroup>
        </ReadingOrder>
        <TextRegion id="tr_1" custom="readingOrder {index:0;}">
            <Coords points="328,487 6241,487 6241,3971 328,3971"/>
            <TextLine id="tr_1_tl_1" custom="readingOrder {index:0;}">
                <Coords points="4820,581 4955,593 4984,578 5069,622 5113,600 5142,606 5145,480 5119,483 5100,464 5059,477 4949,423 4848,473 4823,473"/>
                <Baseline points="4838,554 4928,548 5017,537 5107,548 5149,554"/>
                <TextEquiv>
                    <Unicode>P.S</Unicode>
                </TextEquiv>
            </TextLine>
            <TextLine id="tr_1_tl_2" custom="readingOrder {index:1;}">
                <Coords points="2623,612 2645,609 2661,625 2673,625 2705,609 2736,622 2771,606 2765,489 2733,489 2705,502 2683,489 2654,496 2632,480 2617,483"/>
                <Baseline points="2637,596 2726,602 2780,602"/>
                <TextEquiv>
                    <Unicode>48</Unicode>
                </TextEquiv>
            </TextLine>
            <TextLine id="tr_1_tl_3" custom="readingOrder {index:2;}">
                <Coords points="5763,735 5798,742 5830,726 5864,758 5890,735 5896,742 5908,732 5940,732 5937,600 5893,603 5836,631 5814,625 5801,638 5776,619 5760,619"/>
                <Baseline points="5781,704 5871,710 5948,704"/>
                <TextEquiv>
                    <Unicode>49</Unicode>
                </TextEquiv>
            </TextLine>
            <TextLine id="tr_1_tl_4" custom="readingOrder {index:3;}">
                <Coords points="877,827 1199,877 1386,795 2986,770 2986,669 2841,638 2711,713 2291,650 2194,713 1809,644 1417,723 881,672"/>
                <Baseline points="895,799 936,793 1026,793 1115,787 1205,793 1294,793 1384,787 1473,787 1563,781 1652,781 1742,775 1831,775 1921,769 2010,769 2100,769 2189,769 2279,763 2368,763 2458,757 2547,757 2637,757 2726,757 2816,751 2905,751 2995,757"/>
                <TextEquiv>
                    <Unicode>eine Bagatelle. Wirklich nur um eine Baga¬</Unicode>
                </TextEquiv>
            </TextLine>
            <TextLine id="tr_1_tl_5" custom="readingOrder {index:4;}">
                <Coords points="3926,956 4292,871 4476,960 4731,871 6076,918 6215,890 6218,792 5874,767 5694,663 5448,802 4403,817 3930,688"/>
                <Baseline points="3943,877 3985,871 4075,865 4164,865 4254,865 4343,871 4433,871 4522,871 4612,871 4701,871 4791,871 4880,871 4970,865 5059,865 5149,859 5238,859 5328,859 5417,865 5507,859 5596,865 5686,859 5775,865 5865,859 5954,859 6044,859 6133,859 6223,853"/>
                <TextEquiv>
                    <Unicode>„Eine Bagatelle,Herr von Dorsday.“ Wenn der</Unicode>
                </TextEquiv>
            </TextLine>
            <TextLine id="tr_1_tl_6" custom="readingOrder {index:5;}">
                <Coords points="877,963 2588,969 2973,915 2976,795 881,855"/>
                <Baseline points="895,948 918,942 1008,948 1097,948 1187,942 1276,942 1366,936 1455,936 1545,936 1634,936 1724,930 1813,930 1903,924 1992,930 2082,924 2171,918 2261,918 2350,912 2440,912 2529,912 2619,906 2708,906 2798,906 2887,900 2977,900"/>
                <TextEquiv>
                    <Unicode>telle,Herr von Dorsday.Und doch,wie Maria</Unicode>
                </TextEquiv>
            </TextLine>
            <TextLine id="tr_1_tl_7" custom="readingOrder {index:6;}">
                <Coords points="3967,1051 5653,1016 5893,1086 5987,1070 5991,912 3971,944"/>
                <Baseline points="3985,1026 4027,1020 4117,1020 4206,1020 4296,1020 4385,1020 4475,1014 4564,1020 4654,1020 4743,1014 4833,1020 4922,1020 5012,1020 5101,1014 5191,1014 5280,1014 5370,1014 5459,1014 5549,1014 5638,1014 5728,1008 5817,1008 5907,1014 5996,1020"/>
                <TextEquiv>
                    <Unicode>Herr vorbeigegangen ist. Warum dreht er</Unicode>
                </TextEquiv>
            </TextLine>
            <TextLine id="tr_1_tl_8" custom="readingOrder {index:7;}">
                <Coords points="877,1108 2443,1124 3027,1079 3074,997 1935,1019 1777,950 877,1051"/>
                <Baseline points="895,1103 930,1097 1020,1097 1109,1091 1199,1091 1288,1091 1378,1091 1467,1085 1557,1079 1646,1079 1736,1079 1825,1079 1915,1079 2004,1068 2094,1068 2183,1068 2273,1068 2362,1074 2452,1068 2541,1062 2631,1062 2720,1062 2810,1056 2899,1056 2989,1050 3078,1056"/>
                <TextEquiv>
                    <Unicode>schreibt, steht alles auf dem spiel. „Aber</Unicode>
                </TextEquiv>
            </TextLine>
            <TextLine id="tr_1_tl_9" custom="readingOrder {index:8;}">
                <Coords points="997,1177 2146,1168 2213,1092 997,1120"/>
                <Baseline points="1014,1163 1050,1157 1139,1157 1229,1151 1318,1157 1408,1151 1497,1151 1587,1145 1676,1145 1766,1145 1855,1139 1945,1139 2034,1127 2124,1127 2213,1127"/>
                <TextEquiv>
                    <Unicode>Ist seite so blos me eine krit</Unicode>
                </TextEquiv>
            </TextLine>
            <TextLine id="tr_1_tl_10" custom="readingOrder {index:9;}">
                <Coords points="3986,1193 5454,1171 5665,1266 6161,1212 6161,1105 6019,1064 4996,1108 4927,1051 4788,1117 4337,1029 3986,1111"/>
                <Baseline points="4003,1181 4093,1175 4182,1175 4272,1175 4361,1169 4451,1175 4540,1175 4630,1175 4719,1175 4809,1175 4898,1169 4988,1169 5077,1169 5167,1169 5256,1169 5346,1163 5435,1169 5525,1169 5614,1169 5704,1169 5793,1169 5883,1163 5972,1163 6062,1163 6151,1175 6169,1181"/>
                <TextEquiv>
                    <Unicode>sieh nach mir um? Ich kahallächle Dorsdaj</Unicode>
                </TextEquiv>
            </TextLine>
            <TextLine id="tr_1_tl_11" custom="readingOrder {index:10;}">
                <Coords points="644,1266 2885,1307 2888,1171 644,1158"/>
                <Baseline points="662,1253 745,1253 835,1253 924,1253 1014,1253 1103,1253 1193,1253 1282,1247 1372,1247 1461,1247 1551,1241 1640,1241 1730,1235 1819,1235 1909,1235 1998,1229 2088,1229 2177,1229 2267,1223 2356,1223 2446,1217 2535,1217 2625,1217 2714,1217 2804,1217 2893,1223"/>
                <TextEquiv>
                    <Unicode>Aber beruhigen sie sich doch, Fräulein Else.</Unicode>
                </TextEquiv>
            </TextLine>
            <TextLine id="tr_1_tl_12" custom="readingOrder {index:11;}">
                <Coords points="3967,1351 4289,1420 4517,1335 5867,1379 6079,1332 6079,1234 4296,1234 3967,1297"/>
                <Baseline points="3985,1330 4027,1324 4117,1330 4206,1330 4296,1330 4385,1330 4475,1330 4564,1330 4654,1330 4743,1330 4833,1324 4922,1324 5012,1324 5101,1324 5191,1324 5280,1324 5370,1318 5459,1318 5549,1318 5638,1318 5728,1318 5817,1312 5907,1312 5996,1312 6086,1318"/>
                <TextEquiv>
                    <Unicode>an. Das ist ja dumm. Aber ich kann niehte</Unicode>
                </TextEquiv>
            </TextLine>
            <TextLine id="tr_1_tl_13" custom="readingOrder {index:12;}">
                <Coords points="900,1455 2743,1417 2942,1313 900,1348"/>
                <Baseline points="918,1414 978,1408 1068,1408 1157,1408 1247,1402 1336,1396 1426,1396 1515,1396 1605,1390 1694,1390 1784,1390 1873,1390 1963,1384 2052,1384 2142,1378 2231,1378 2321,1372 2410,1372 2500,1372 2589,1366 2679,1366 2768,1366 2858,1360 2947,1366"/>
                <TextEquiv>
                    <Unicode>Das hat er nett gesagt. Aber meinen Arm</Unicode>
                </TextEquiv>
            </TextLine>
            <TextLine id="tr_1_tl_14" custom="readingOrder {index:13;}">
                <Coords points="3986,1509 5558,1483 5972,1540 5972,1405 5896,1373 4826,1433 4674,1351 4532,1420 3986,1420"/>
                <Baseline points="4003,1473 4009,1467 4099,1473 4188,1473 4278,1479 4367,1479 4457,1479 4546,1473 4636,1473 4725,1473 4815,1473 4904,1473 4994,1473 5083,1479 5173,1473 5262,1473 5352,1473 5441,1473 5531,1473 5620,1473 5710,1473 5799,1473 5889,1473 5978,1467"/>
                <TextEquiv>
                    <Unicode>dafür. Er sollte noch einmal fragen.Er</Unicode>
                </TextEquiv>
            </TextLine>
            <TextLine id="tr_1_tl_15" custom="readingOrder {index:14;}">
                <Coords points="887,1597 3084,1575 3087,1452 2642,1389 2522,1458 890,1502"/>
                <Baseline points="906,1563 942,1557 1032,1557 1121,1557 1211,1557 1300,1551 1390,1545 1479,1545 1569,1545 1658,1545 1748,1539 1837,1539 1927,1539 2016,1539 2106,1533 2195,1533 2285,1527 2374,1527 2464,1521 2553,1521 2643,1521 2732,1521 2822,1515 2911,1515 3001,1509 3090,1515"/>
                <TextEquiv>
                    <Unicode>brauchte er nicht zu berühren. Soll ich ihn</Unicode>
                </TextEquiv>
            </TextLine>
            <TextLine id="tr_1_tl_16" custom="readingOrder {index:15;}">
                <Coords points="3986,1670 6155,1635 6129,1540 4343,1581 4176,1490 3986,1509"/>
                <Baseline points="4003,1646 4015,1640 4105,1640 4194,1634 4284,1634 4373,1628 4463,1634 4552,1634 4642,1634 4731,1634 4821,1628 4910,1634 5000,1628 5089,1628 5179,1628 5268,1628 5358,1628 5447,1628 5537,1628 5626,1628 5716,1622 5805,1628 5895,1622 5984,1622 6074,1622 6163,1611"/>
                <TextEquiv>
                    <Unicode>sieht mich nur an.Er muss doch schon wis</Unicode>
                </TextEquiv>
            </TextLine>
            <TextLine id="tr_1_tl_17" custom="readingOrder {index:16;}">
                <Coords points="890,1749 2885,1689 2964,1670 2967,1562 1518,1651 893,1594"/>
                <Baseline points="906,1712 912,1712 1002,1712 1091,1706 1181,1706 1270,1706 1360,1700 1449,1700 1539,1700 1628,1700 1718,1694 1807,1694 1897,1694 1986,1694 2076,1694 2165,1688 2255,1682 2344,1682 2434,1676 2523,1676 2613,1676 2702,1676 2792,1670 2881,1664 2971,1664"/>
                <TextEquiv>
                    <Unicode>fortziehen? „Also was gibts denn eigent-</Unicode>
                </TextEquiv>
            </TextLine>
            <TextLine id="tr_1_tl_18" custom="readingOrder {index:17;}">
                <Coords points="3980,1809 4192,1865 4678,1780 6180,1790 6180,1704 5905,1654 5533,1739 3980,1670"/>
                <Baseline points="3997,1790 4039,1790 4128,1790 4218,1790 4307,1784 4397,1784 4486,1778 4576,1778 4665,1778 4755,1778 4844,1778 4934,1778 5023,1784 5113,1778 5202,1778 5292,1778 5381,1778 5471,1778 5560,1778 5650,1772 5739,1778 5829,1772 5918,1778 6008,1772 6097,1772 6187,1760"/>
                <TextEquiv>
                    <Unicode>sen.) Papa, wie konntest du das von mir ver-</Unicode>
                </TextEquiv>
            </TextLine>
            <TextLine id="tr_1_tl_19" custom="readingOrder {index:18;}">
                <Coords points="896,1887 3071,1856 3093,1739 900,1777"/>
                <Baseline points="918,1867 948,1867 1038,1867 1127,1867 1217,1861 1306,1855 1396,1855 1485,1855 1575,1849 1664,1849 1754,1849 1843,1843 1933,1843 2022,1843 2112,1843 2201,1843 2291,1831 2380,1831 2470,1831 2559,1825 2649,1825 2738,1825 2828,1825 2917,1819 3007,1813 3096,1819"/>
                <TextEquiv>
                    <Unicode>lich, Fräulein Else? Was steht denn in dem</Unicode>
                </TextEquiv>
            </TextLine>
            <TextLine id="tr_1_tl_20" custom="readingOrder {index:19;}">
                <Coords points="4435,1868 5460,1891 5763,1843 5968,1884 6010,1796 4435,1809"/>
                <Baseline points="4451,1855 4492,1855 4582,1849 4671,1855 4761,1855 4850,1849 4940,1843 5029,1843 5119,1849 5208,1849 5298,1849 5387,1843 5477,1843 5566,1843 5656,1849 5745,1843 5835,1843 5924,1843 6014,1843"/>
                <TextEquiv>
                    <Unicode>Oh das ich will gut in die Pape</Unicode>
                </TextEquiv>
            </TextLine>
            <TextLine id="tr_1_tl_21" custom="readingOrder {index:20;}">
                <Coords points="3974,1973 4352,1960 4532,2042 4876,1941 5470,1938 5950,2023 6196,1988 6196,1840 3974,1862"/>
                <Baseline points="3991,1945 4057,1939 4146,1939 4236,1939 4325,1939 4415,1933 4504,1939 4594,1945 4683,1939 4773,1939 4862,1939 4952,1939 5041,1939 5131,1939 5220,1939 5310,1939 5399,1939 5489,1933 5578,1933 5668,1933 5757,1933 5847,1933 5936,1933 6026,1933 6115,1933 6205,1939"/>
                <TextEquiv>
                    <Unicode>langen? Wärst du lieber selber hergekommen.</Unicode>
                </TextEquiv>
            </TextLine>
            <TextLine id="tr_1_tl_22" custom="readingOrder {index:21;}">
                <Coords points="887,2052 1244,2121 2670,1985 3052,2020 3055,1906 890,1944"/>
                <Baseline points="906,2016 912,2016 1002,2016 1091,2016 1181,2016 1270,2016 1360,2010 1449,2010 1539,2010 1628,2004 1718,2010 1807,1998 1897,1998 1986,1998 2076,1992 2165,1992 2255,1998 2344,1986 2434,1986 2523,1980 2613,1980 2702,1980 2792,1980 2881,1974 2971,1974 3060,1980"/>
                <TextEquiv>
                    <Unicode>traurigen Brief von Mama?" „Herr von Dors</Unicode>
                </TextEquiv>
            </TextLine>
            <TextLine id="tr_1_tl_23" custom="readingOrder {index:22;}">
                <Coords points="3980,2121 5896,2102 6095,2159 6073,2007 3980,2039"/>
                <Baseline points="3997,2106 4045,2106 4134,2100 4224,2100 4313,2094 4403,2094 4492,2094 4582,2094 4671,2094 4761,2094 4850,2094 4940,2094 5029,2094 5119,2094 5208,2094 5298,2094 5387,2088 5477,2088 5566,2088 5656,2088 5745,2088 5835,2088 5924,2088 6014,2088 6103,2094"/>
                <TextEquiv>
                    <Unicode>„Die sache verhält sieh ganz einfach so.</Unicode>
                </TextEquiv>
            </TextLine>
            <TextLine id="tr_1_tl_24" custom="readingOrder {index:23;}">
                <Coords points="906,2216 1345,2260 1881,2156 2790,2172 2989,2134 2989,2067 909,2127"/>
                <Baseline points="924,2177 936,2177 1026,2177 1115,2177 1205,2171 1294,2171 1384,2171 1473,2159 1563,2159 1652,2159 1742,2159 1831,2153 1921,2153 2010,2148 2100,2148 2189,2142 2279,2142 2368,2136 2458,2136 2547,2130 2637,2130 2726,2130 2816,2130 2905,2124 2995,2136"/>
                <TextEquiv>
                    <Unicode>day, der Papa lässt Sie bitten" -mir zit</Unicode>
                </TextEquiv>
            </TextLine>
            <TextLine id="tr_1_tl_25" custom="readingOrder {index:24;}">
                <Coords points="3986,2266 6063,2298 6193,2269 6193,2137 3986,2181"/>
                <Baseline points="4003,2255 4051,2249 4140,2249 4230,2255 4319,2249 4409,2249 4498,2249 4588,2249 4677,2249 4767,2249 4856,2243 4946,2249 5035,2249 5125,2249 5214,2249 5304,2249 5393,2249 5483,2243 5572,2243 5662,2243 5751,2243 5841,2237 5930,2249 6020,2243 6109,2237 6199,2249"/>
                <TextEquiv>
                    <Unicode>„Ist Ihnen nicht kühl,Fräulein Else?“ „Wa-</Unicode>
                </TextEquiv>
            </TextLine>
            <TextLine id="tr_1_tl_26" custom="readingOrder {index:25;}">
                <Coords points="909,2374 3036,2323 3080,2222 912,2241"/>
                <Baseline points="930,2327 936,2327 1026,2327 1115,2327 1205,2327 1294,2321 1384,2321 1473,2321 1563,2321 1652,2315 1742,2315 1831,2309 1921,2309 2010,2303 2100,2297 2189,2297 2279,2297 2368,2297 2458,2291 2547,2291 2637,2291 2726,2291 2816,2285 2905,2285 2995,2285 3084,2285"/>
                <TextEquiv>
                    <Unicode>tern ja die Kniee - „die Mama schreibt mir,</Unicode>
                </TextEquiv>
            </TextLine>
            <TextLine id="tr_1_tl_27" custom="readingOrder {index:26;}">
                <Coords points="3986,2449 5612,2405 5937,2459 6041,2433 6041,2326 3986,2355"/>
                <Baseline points="4003,2416 4081,2410 4170,2410 4260,2404 4349,2404 4439,2410 4528,2404 4618,2404 4707,2410 4797,2404 4886,2404 4976,2404 5065,2404 5155,2404 5244,2398 5334,2398 5423,2392 5513,2392 5602,2398 5692,2398 5781,2398 5871,2398 5960,2398 6050,2404"/>
                <TextEquiv>
                    <Unicode>rum denn? Ich habe ja den Kantal um, wie</Unicode>
                </TextEquiv>
            </TextLine>
            <TextLine id="tr_1_tl_28" custom="readingOrder {index:27;}">
                <Coords points="896,2497 2310,2538 3046,2452 3049,2320 900,2408"/>
                <Baseline points="918,2482 996,2482 1085,2482 1175,2482 1264,2476 1354,2476 1443,2470 1533,2470 1622,2470 1712,2470 1801,2464 1891,2464 1980,2458 2070,2452 2159,2452 2249,2452 2338,2446 2428,2446 2517,2446 2607,2440 2696,2440 2786,2440 2875,2440 2965,2440 3054,2452"/>
                <TextEquiv>
                    <Unicode>der Papa“ - „Aber um Gotteswillen, Fräulein</Unicode>
                </TextEquiv>
            </TextLine>
            <TextLine id="tr_1_tl_29" custom="readingOrder {index:28;}">
                <Coords points="3986,2588 6114,2598 6114,2497 5918,2471 3986,2503"/>
                <Baseline points="4003,2565 4063,2559 4152,2559 4242,2559 4331,2559 4421,2559 4510,2559 4600,2559 4689,2559 4779,2559 4868,2559 4958,2559 5047,2559 5137,2559 5226,2553 5316,2553 5405,2553 5495,2553 5584,2547 5674,2553 5763,2553 5853,2553 5942,2553 6032,2547 6121,2547"/>
                <TextEquiv>
                    <Unicode>Sie sehen. Zu der Abendtoilette passt er</Unicode>
                </TextEquiv>
            </TextLine>
            <TextLine id="tr_1_tl_30" custom="readingOrder {index:29;}">
                <Coords points="890,2654 2983,2610 3021,2497 890,2563"/>
                <Baseline points="906,2637 966,2637 1056,2637 1145,2631 1235,2631 1324,2631 1414,2625 1503,2625 1593,2625 1682,2619 1772,2613 1861,2613 1951,2607 2040,2607 2130,2607 2219,2607 2309,2601 2398,2601 2488,2595 2577,2595 2667,2595 2756,2595 2846,2595 2935,2589 3025,2595"/>
                <TextEquiv>
                    <Unicode>Else, was ist Ihnen denn? Wollen Sie sich</Unicode>
                </TextEquiv>
            </TextLine>
            <TextLine id="tr_1_tl_31" custom="readingOrder {index:30;}">
                <Coords points="3980,2755 6092,2740 6114,2598 4927,2689 3980,2642"/>
                <Baseline points="3997,2714 4063,2714 4152,2714 4242,2720 4331,2714 4421,2714 4510,2720 4600,2720 4689,2714 4779,2714 4868,2714 4958,2714 5047,2708 5137,2708 5226,2708 5316,2708 5405,2708 5495,2708 5584,2714 5674,2708 5763,2702 5853,2702 5942,2702 6032,2702 6121,2708"/>
                <TextEquiv>
                    <Unicode>wohl nicht recht. „Sie tragen alles, was</Unicode>
                </TextEquiv>
            </TextLine>
            <TextLine id="tr_1_tl_32" custom="readingOrder {index:31;}">
                <Coords points="900,2822 1086,2897 2039,2803 2891,2837 3011,2825 3014,2670 2689,2598 1370,2639 1057,2654 900,2746"/>
                <Baseline points="918,2792 960,2792 1050,2792 1139,2792 1229,2792 1318,2786 1408,2780 1497,2780 1587,2774 1676,2774 1766,2768 1855,2768 1945,2768 2034,2774 2124,2768 2213,2768 2303,2762 2392,2756 2482,2756 2571,2750 2661,2750 2750,2750 2840,2744 2929,2744 3019,2750"/>
                <TextEquiv>
                    <Unicode>nicht lieber -hier ist ja eine Bank. Wenn</Unicode>
                </TextEquiv>
            </TextLine>
            <TextLine id="tr_1_tl_33" custom="readingOrder {index:32;}">
                <Coords points="3980,2907 5820,2904 5959,2885 5962,2778 3980,2819"/>
                <Baseline points="3997,2869 4087,2864 4176,2864 4266,2869 4355,2864 4445,2869 4534,2869 4624,2869 4713,2864 4803,2864 4892,2858 4982,2864 5071,2869 5161,2864 5250,2864 5340,2864 5429,2858 5519,2858 5608,2864 5698,2864 5787,2858 5877,2864 5966,2869"/>
                <TextEquiv>
                    <Unicode>Sie tragen,wie eine geborene mürstin."</Unicode>
                </TextEquiv>
            </TextLine>
            <TextLine id="tr_1_tl_34" custom="readingOrder {index:33;}">
                <Coords points="900,2948 2954,2929 3062,2920 3062,2806 903,2869"/>
                <Baseline points="918,2947 1008,2941 1097,2941 1187,2941 1276,2935 1366,2935 1455,2929 1545,2935 1634,2923 1724,2923 1813,2923 1903,2923 1992,2917 2082,2917 2171,2911 2261,2911 2350,2911 2440,2905 2529,2911 2619,2905 2708,2905 2798,2899 2887,2899 2977,2899 3066,2911"/>
                <TextEquiv>
                    <Unicode>Sie glauben gebe ich Ihnen den Mantel um.</Unicode>
                </TextEquiv>
            </TextLine>
            <TextLine id="tr_1_tl_35" custom="readingOrder {index:34;}">
                <Coords points="4027,3062 6174,3043 6218,2926 5959,2961 5552,2863 4027,2929"/>
                <Baseline points="4045,3031 4075,3031 4164,3031 4254,3031 4343,3031 4433,3031 4522,3031 4612,3025 4701,3025 4791,3025 4880,3025 4970,3025 5059,3019 5149,3019 5238,3019 5328,3019 5417,3019 5507,3019 5596,3013 5686,3013 5775,3013 5865,3019 5954,3019 6044,3019 6133,3019 6223,3013"/>
                <TextEquiv>
                    <Unicode>Ach, wie geschmacklos. W### von Eperies</Unicode>
                </TextEquiv>
            </TextLine>
            <TextLine id="tr_1_tl_36" custom="readingOrder {index:35;}">
                <Coords points="922,3153 3068,3080 3068,3011 2856,2973 925,3021"/>
                <Baseline points="942,3108 1014,3102 1103,3096 1193,3096 1282,3096 1372,3090 1461,3084 1551,3084 1640,3084 1730,3084 1819,3078 1909,3072 1998,3072 2088,3072 2177,3072 2267,3066 2356,3066 2446,3060 2535,3060 2625,3060 2714,3054 2804,3054 2893,3054 2983,3060 3072,3060"/>
                <TextEquiv>
                    <Unicode>„Danke.Oh,es ist nichts,Herr von Dorsday,</Unicode>
                </TextEquiv>
            </TextLine>
            <TextLine id="tr_1_tl_37" custom="readingOrder {index:36;}">
                <Coords points="3993,3213 4438,3182 4646,3279 4766,3197 5514,3175 6073,3245 6073,3084 5994,3068 5097,3131 3993,3062"/>
                <Baseline points="4009,3186 4099,3180 4188,3186 4278,3180 4367,3180 4457,3180 4546,3180 4636,3180 4725,3180 4815,3174 4904,3180 4994,3180 5083,3180 5173,3180 5262,3174 5352,3174 5441,3174 5531,3168 5620,3174 5710,3168 5799,3168 5889,3174 5978,3174 6068,3180 6080,3186"/>
                <TextEquiv>
                    <Unicode>Ich erweise Ihnen ja eine Ehre. Vorwärts.</Unicode>
                </TextEquiv>
            </TextLine>
            <TextLine id="tr_1_tl_38" custom="readingOrder {index:37;}">
                <Coords points="909,3301 2430,3223 2945,3267 2973,3112 912,3188"/>
                <Baseline points="930,3263 1008,3257 1097,3251 1187,3251 1276,3245 1366,3239 1455,3239 1545,3233 1634,3233 1724,3233 1813,3227 1903,3227 1992,3227 2082,3227 2171,3227 2261,3222 2350,3222 2440,3222 2529,3216 2619,3216 2708,3210 2798,3204 2887,3204 2977,3204"/>
                <TextEquiv>
                    <Unicode>gar nichts besonderes.“ So da sitze ich</Unicode>
                </TextEquiv>
            </TextLine>
            <TextLine id="tr_1_tl_39" custom="readingOrder {index:38;}">
                <Coords points="3999,3352 4236,3418 4712,3327 5069,3409 5340,3330 6120,3380 6120,3267 5804,3229 3999,3267"/>
                <Baseline points="4015,3341 4069,3335 4158,3335 4248,3335 4337,3335 4427,3323 4516,3329 4606,3323 4695,3323 4785,3323 4874,3329 4964,3329 5053,3329 5143,3329 5232,3329 5322,3329 5411,3323 5501,3323 5590,3323 5680,3323 5769,3323 5859,3323 5948,3317 6038,3317 6127,3317"/>
                <TextEquiv>
                    <Unicode>„Nun,Herr von porsday,Sie kennen die Ver-</Unicode>
                </TextEquiv>
            </TextLine>
            <TextLine id="tr_1_tl_40" custom="readingOrder {index:39;}">
                <Coords points="912,3431 2263,3453 2708,3361 3043,3399 3093,3289 2601,3238 2459,3311 2099,3235 1733,3333 915,3342"/>
                <Baseline points="930,3406 954,3406 1044,3401 1133,3401 1223,3401 1312,3395 1402,3395 1491,3395 1581,3389 1670,3389 1760,3383 1849,3383 1939,3383 2028,3383 2118,3377 2207,3377 2297,3377 2386,3371 2476,3371 2565,3365 2655,3365 2744,3359 2834,3359 2923,3359 3013,3353 3102,3359"/>
                <TextEquiv>
                    <Unicode>nun plötzlich auf der Bank. Wer ist die Da-</Unicode>
                </TextEquiv>
            </TextLine>
            <TextLine id="tr_1_tl_41" custom="readingOrder {index:40;}">
                <Coords points="3964,3576 4390,3582 4513,3494 4747,3586 5066,3488 6193,3494 6107,3371 4482,3440 3967,3333"/>
                <Baseline points="3985,3496 4051,3496 4140,3490 4230,3490 4319,3490 4409,3490 4498,3484 4588,3484 4677,3484 4767,3484 4856,3484 4946,3484 5035,3490 5125,3490 5214,3484 5304,3484 5393,3484 5483,3478 5572,3478 5662,3484 5751,3478 5841,3478 5930,3484 6020,3484 6109,3478 6199,3478"/>
                <TextEquiv>
                    <Unicode>hältnisse in unserem Haus und es wird Sie</Unicode>
                </TextEquiv>
            </TextLine>
            <TextLine id="tr_1_tl_42" custom="readingOrder {index:41;}">
                <Coords points="906,3567 3074,3541 3103,3431 2588,3472 2474,3390 2351,3462 909,3497"/>
                <Baseline points="924,3562 960,3562 1050,3562 1139,3556 1229,3556 1318,3550 1408,3550 1497,3544 1587,3544 1676,3544 1766,3544 1855,3538 1945,3538 2034,3532 2124,3532 2213,3526 2303,3520 2392,3520 2482,3520 2571,3520 2661,3514 2750,3514 2840,3514 2929,3508 3019,3508 3108,3502"/>
                <TextEquiv>
                    <Unicode>me, die da vorüberkommt? Wenn ich nur nicht</Unicode>
                </TextEquiv>
            </TextLine>
            <TextLine id="tr_1_tl_43" custom="readingOrder {index:42;}">
                <Coords points="2345,3604 2367,3604 2377,3617 2389,3611 2408,3620 2418,3611 2430,3620 2468,3598 2487,3611 2528,3598 2582,3614 2585,3532 2538,3532 2493,3560 2418,3522 2374,3548 2348,3541"/>
                <Baseline points="2362,3597 2410,3591 2500,3585 2589,3591"/>
                <TextEquiv>
                    <Unicode>not</Unicode>
                </TextEquiv>
            </TextLine>
            <TextLine id="tr_1_tl_44" custom="readingOrder {index:43;}">
                <Coords points="3980,3671 6104,3677 6234,3664 6234,3570 3980,3582"/>
                <Baseline points="3997,3651 4003,3645 4093,3645 4182,3645 4272,3645 4361,3645 4451,3645 4540,3645 4630,3645 4719,3639 4809,3639 4898,3639 4988,3639 5077,3639 5167,3633 5256,3633 5346,3639 5435,3633 5525,3633 5614,3633 5704,3639 5793,3633 5883,3639 5972,3639 6062,3633 6151,3633 6241,3639"/>
                <TextEquiv>
                    <Unicode>wahrscheinlich nicht wundern, wenn ich Ihnen</Unicode>
                </TextEquiv>
            </TextLine>
            <TextLine id="tr_1_tl_45" custom="readingOrder {index:44;}">
                <Coords points="912,3718 2061,3756 2594,3683 2774,3750 3106,3677 3109,3526 2557,3627 1771,3639 1562,3570 915,3630"/>
                <Baseline points="930,3717 966,3717 1056,3711 1145,3711 1235,3711 1324,3711 1414,3705 1503,3705 1593,3705 1682,3699 1772,3693 1861,3693 1951,3693 2040,3693 2130,3687 2219,3687 2309,3681 2398,3681 2488,3675 2577,3675 2667,3675 2756,3669 2846,3669 2935,3669 3025,3663 3114,3669"/>
                <TextEquiv>
                    <Unicode>weiter reden müsste. Warum herührt. er immer</Unicode>
                </TextEquiv>
            </TextLine>
            <TextLine id="tr_1_tl_46" custom="readingOrder {index:45;}">
                <Coords points="3980,3829 4990,3806 5678,3892 5814,3810 6060,3835 6060,3683 3980,3743"/>
                <Baseline points="3997,3806 4009,3806 4099,3800 4188,3800 4278,3800 4367,3800 4457,3800 4546,3800 4636,3800 4725,3794 4815,3794 4904,3794 4994,3794 5083,3794 5173,3794 5262,3794 5352,3794 5441,3794 5531,3788 5620,3794 5710,3788 5799,3788 5889,3794 5978,3788 6068,3800"/>
                <TextEquiv>
                    <Unicode>erzähle, dass sich papa wieder einmal in</Unicode>
                </TextEquiv>
            </TextLine>
            <TextLine id="tr_1_tl_47" custom="readingOrder {index:46;}">
                <Coords points="309,3930 1932,3857 2459,3923 2844,3857 2847,3718 877,3825 312,3750"/>
                <Baseline points="328,3896 346,3896 435,3884 525,3878 614,3878 704,3878 793,3878 883,3884 972,3878 1062,3872 1151,3872 1241,3866 1330,3860 1420,3860 1509,3860 1599,3860 1688,3854 1778,3848 1867,3848 1957,3848 2046,3848 2136,3842 2225,3842 2315,3836 2404,3836 2494,3836 2583,3830 2673,3830 2762,3830 2852,3836"/>
                <TextEquiv>
                    <Unicode>der Hausend noch meinem Arm? Wie er mich ansieht.</Unicode>
                </TextEquiv>
            </TextLine>
            <TextLine id="tr_1_tl_48" custom="readingOrder {index:47;}">
                <Coords points="3986,3971 5700,3964 5946,4037 6120,3974 6120,3863 3986,3914"/>
                <Baseline points="4003,3961 4069,3955 4158,3955 4248,3955 4337,3955 4427,3955 4516,3955 4606,3955 4695,3955 4785,3955 4874,3955 4964,3955 5053,3955 5143,3955 5232,3955 5322,3955 5411,3955 5501,3955 5590,3955 5680,3955 5769,3955 5859,3955 5948,3955 6038,3955 6127,3955"/>
                <TextEquiv>
                    <Unicode>einer recht fatalen Situation befindet.</Unicode>
                </TextEquiv>
            </TextLine>
        </TextRegion>
    </Page>
</PcGts>
