6712 4328
5984 358 6135 535 O A
2755 515 2934 725 80
5468 552 6152 773 Wie St
1000 652 3041 832 sich oder hängt er sich auf. Fenster-
4155 722 6121 949 spazieren gegangen ist. Aber ich kann
1011 837 2733 986 kreuz wird er hängen- und vom Haus
4169 862 6168 1098 mir nicht vorstellen, dass ich ihn wie-
1131 932 3091 1084 x Man and her by bicker...  Die Schlone und aufspe¬
1008 1019 2940 1168 vis-a-vis wird man's sehen. Und jetzt
3072 983 3312 1123 mice
4161 1014 6208 1249 dersehen werde.Sonderbar, auch den Kapa-
1016 1117 2876 1274 sitzt er mit Wama zusammen in seinem
4228 1156 6140 1364 Wohin noch, wohin denn? Da bin ich ja
1005 1319 2943 1492 Arbeitszimmer, wo er übermorgen hängen
4178 1308 6334 1532 schon tief im Wald; Heinahe ganz dunkel.
4707 1487 5144 1585 Widerung
1005 1445 2923 1607 wird, und raucht eine Havamahzigarre.
4178 1509 6121 1747 (Wie schön) Weit und breit kein Mensch.
6051 1562 6434 1688 Tilpath
1002 1602 3060 1728 Woher hat er immer noch Havannahzigarren
4203 1641 6454 1848 Nunsitzen sie alle schon beim Diner.Na-
1005 1733 3122 1910 Und niemand sieht ihm was an und beruhigt
4200 1800 6107 2013 türlich. Ich hab ja früher das Tamtam
1274 1851 1932 1960 ich bis ihn sprechen
994 1915 2895 2080 Mama. (Verlass dich drauf, der Dorsday
4211 1943 6208 2145 gehört. Wo ist dennelse, wird Paul den-
986 2061 3069 2248 weist das Geld an. Bedenke doch, ich habe
4197 2106 6210 2332 ken. Es wird allen auffallen. Sie werden
983 2218 2923 2363 ihm heuer im Winter eine grosse Summe
4318 2285 4824 2377 Ihr geführt
4206 2218 6068 2450 am Ende in mein Zimmer schicken. (Ich
994 2363 2979 2534 durch meine intervention gerettet. Und
4214 2442 6171 2624 hätte lieber sagen lassen sollen, dass
2803 2461 3192 2624 toutthefe,
994 2531 2929 2702 dan kommt der Prozess Erbesheimer/Es
4239 2573 6292 2786 ich upässlich bin. Auch die zwei Herren
1753 2624 2416 2724 to have it it
980 2696 3010 2817 ist mir, als wenn xxx hören möchte.
4225 2730 6065 2909 am Fenster werden denken:Wo ist sie
4360 2797 6468 2965 die das schöne junge Nätel mit dem wolleit blom. Haar
986 2850 3032 2979 Telepathie. Merkwürdig. Auch Fred seh ich
4231 2898 6073 3091 denn)? Herr von Dorsday auch.Er wird
974 2965 2957 3142 in diesem Moment.Er geht mit einemjun-
4245 3024 6168 3240 Angst bekommen.Er ist sicher feig.Oh,
960 3147 3122 3287 gen Mädel im Stadtparkk am Vursalon vorö-
4234 3234 6098 3388 haben sie keine sugst,es wird Ihnen
2512 3254 2741 3349 tell-
963 3265 3004 3433 bei. Merkwürdig eie hat eine dunkelblaue
4234 3380 6213 3534 nichts geschehen,Herr von Dorsday,ich
1327 3360 3259 3486 und Lichte schrühe, um eine weisse uuren bisst
2906 3455 3293 3573 sermed
969 3472 2814 3646 Bluse.Ich werde ihn fragen,wenn ich
2940 3522 3144 3632 ne.
4248 3503 6247 3710 verachte sie ja so sehr. Wenn ich woll-
958 3632 3007 3760 nach Wien komme, ob er am dritten Septem-
4264 3679 6398 3856 te,morgen Abend wären Sie ein toter Mann.
958 3746 2755 3942 ber zwischen halbacht und acht Uhr
4264 3802 6191 3990 Ich bin überzeugt,Paul würde ihn for-
5298 3914 5760 4024 der tode
941 3886 3052 4071 abends im Stadtpark mit seiner Geliebten
4239 3973 5852 4155 darn, wenn ich es ihm erzählte.
