3240 4200
1422 468 1507 546 e
551 355 742 606 V.
2587 503 2778 654 150
918 589 2657 813 Zimmer zu tin? Das Veronal - das
911 745 2765 961 Veronal) wenn sies nur nicht weggies
911 908 2750 1110 sen, dann müsst ich mich zum Fenster
906 1059 2760 1246 hhinausstürzen. — Danke sehr,Herr Di
906 1225 2919 1482 rektor, es ist wirklich vorläufig nichts
903 1399 2785 1558 weiter zu machen".-„Ich werde mir er
901 1530 2665 1696 lauben später wieder nachzufrageh.
876 1719 2791 1875 Die Treppe knarrt, schwere Bergschuhe
2401 1849 2796 1943 du Hette
886 1842 2775 2021 die Träger. Wo sind meine Lacksehuhe?
1555 1973 1895 2083 geblieben
881 1993 2753 2214 Im Musikzimmer.Man wird sie stehlen.
1004 2114 2164 2242 Fremart...
888 2151 2710 2365 Ich wollte sie Agathe vermachen. Wer
871 2282 2609 2473 begleitet mich? Trauerzug. Wo ist
850 2451 2647 2655 Dorsday,der Mörder? Mörde r,wo bist
2016 2594 2174 2692 sen
861 2597 2640 2816 du? Der Filod ist verschwunden. Ich
2433 2740 3050 2941 die transenschef¬
853 2745 2685 2941 weiss, er ist gleich wieder auf eine
896 2874 1074 2982 you
835 2886 2682 3125 four. Er ist nur gekommen, um einmal
833 3037 2577 3266 meine weissen Brüste zu sehen. Und
850 3201 2826 3427 jetzt ist er wieder fort.Er geht einen
830 3357 2720 3578 schwindligen Weg zwischen Felsen und
825 3500 2846 3747 Abgrund.- Erster Stock: Warum kommt die
823 3659 2821 3857 Tante mit? Was sagt sie denn zu Paul?
