<?xml version="1.0" encoding="UTF-8" standalone="yes"?>
<PcGts xmlns="http://schema.primaresearch.org/PAGE/gts/pagecontent/2013-07-15" xmlns:xsi="http://www.w3.org/2001/XMLSchema-instance" xsi:schemaLocation="http://schema.primaresearch.org/PAGE/gts/pagecontent/2013-07-15 http://schema.primaresearch.org/PAGE/gts/pagecontent/2013-07-15/pagecontent.xsd">
    <Metadata>
        <Creator>prov=READ-COOP:name=TrHtr:version=2.1.0:model_id=51170:date=14_08_2023_12:09</Creator>
        <Created>2023-05-10T14:15:49.915+02:00</Created>
        <LastChange>2023-08-14T12:09:49.337+02:00</LastChange>
        <TranskribusMetadata docId="1428608" pageId="55417737" pageNr="52" tsid="132799479" status="IN_PROGRESS" userId="64420" imgUrl="https://files.transkribus.eu/Get?id=QDHOTNCYOZCIYFDNFEOXEYNB&amp;fileType=view" xmlUrl="https://files.transkribus.eu/Get?id=ZKKDESMOWLEGNVTRHUHHWWFY" imageId="44691841"/>
    </Metadata>
    <Page imageFilename="1428608_0052.jpg" imageWidth="6680" imageHeight="4312">
        <ReadingOrder>
            <OrderedGroup id="ro_1711787916207" caption="Regions reading order">
                <RegionRefIndexed index="0" regionRef="tr_1"/>
            </OrderedGroup>
        </ReadingOrder>
        <TextRegion id="tr_1" custom="readingOrder {index:0;}">
            <Coords points="1039,451 6288,451 6288,3921 1039,3921"/>
            <TextLine id="tr_1_tl_1" custom="readingOrder {index:0;}">
                <Coords points="3559,607 3589,612 3622,593 3696,615 3819,560 3926,558 3917,385 3868,375 3794,405 3767,394 3680,416 3619,407 3581,383 3551,391"/>
                <Baseline points="3571,501 3661,513 3750,513 3840,519 3929,519"/>
                <TextEquiv>
                    <Unicode>26/2.23.</Unicode>
                </TextEquiv>
            </TextLine>
            <TextLine id="tr_1_tl_2" custom="readingOrder {index:1;}">
                <Coords points="2890,727 2920,724 2933,716 2983,730 3013,716 3018,722 3024,716 3032,722 3045,719 3040,637 3021,645 3002,637 2911,580 2881,588"/>
                <Baseline points="2902,704 2992,710 3051,710"/>
                <TextEquiv>
                    <Unicode>82</Unicode>
                </TextEquiv>
            </TextLine>
            <TextLine id="tr_1_tl_3" custom="readingOrder {index:2;}">
                <Coords points="4781,733 4803,730 4858,752 4888,722 4956,719 4956,571 4915,577 4902,566 4880,577 4861,571 4847,582 4814,588 4798,604 4781,604"/>
                <Baseline points="4795,704 4885,704 4962,704"/>
                <TextEquiv>
                    <Unicode>me</Unicode>
                </TextEquiv>
            </TextLine>
            <TextLine id="tr_1_tl_4" custom="readingOrder {index:3;}">
                <Coords points="4087,826 6285,861 6186,757 5648,694 5563,760 5380,686 4855,755 4675,634 4087,733"/>
                <Baseline points="4102,794 4192,800 4282,800 4371,806 4461,806 4550,812 4640,806 4730,806 4819,806 4909,806 4998,812 5088,818 5177,818 5267,818 5357,818 5446,818 5536,818 5625,818 5715,824 5805,824 5894,824 5984,824 6073,824 6163,824 6252,830 6288,830"/>
                <TextEquiv>
                    <Unicode>Es ist ja kein Grund zu weinen. Die Nerven,</Unicode>
                </TextEquiv>
            </TextLine>
            <TextLine id="tr_1_tl_5" custom="readingOrder {index:4;}">
                <Coords points="1329,861 3130,886 3106,779 2720,809 2417,727 2053,820 1326,697"/>
                <Baseline points="1343,842 1433,848 1522,848 1612,848 1702,854 1791,854 1881,854 1970,854 2060,854 2150,854 2239,854 2329,854 2418,854 2508,860 2597,860 2687,865 2777,865 2866,865 2956,865 3045,865 3135,865"/>
                <TextEquiv>
                    <Unicode>Wie ungeheuer weit die Wiesen da -</Unicode>
                </TextEquiv>
            </TextLine>
            <TextLine id="tr_1_tl_6" custom="readingOrder {index:5;}">
                <Coords points="4057,976 5804,1025 6104,995 6104,908 5558,845 4054,883"/>
                <Baseline points="4073,955 4162,949 4252,949 4341,955 4431,955 4521,955 4610,955 4700,955 4789,961 4879,961 4968,961 5058,967 5148,967 5237,967 5327,967 5416,967 5506,973 5596,973 5685,973 5775,979 5864,979 5954,979 6043,979 6109,979"/>
                <TextEquiv>
                    <Unicode>die Nerven - ich muss mich beherrschen.</Unicode>
                </TextEquiv>
            </TextLine>
            <TextLine id="tr_1_tl_7" custom="readingOrder {index:6;}">
                <Coords points="1088,1042 2980,1020 2980,916 2898,894 2660,949 1771,899 1441,951 1088,883"/>
                <Baseline points="1104,997 1194,1003 1284,1003 1373,1003 1463,1009 1552,1009 1642,1003 1731,1003 1821,1003 1911,1009 2000,1009 2090,1015 2179,1015 2269,1015 2359,1015 2448,1009 2538,1015 2627,1009 2717,1009 2806,1009 2896,1015 2986,1015"/>
                <TextEquiv>
                    <Unicode>liegen und wie riesig und schwarz die</Unicode>
                </TextEquiv>
            </TextLine>
            <TextLine id="tr_1_tl_8" custom="readingOrder {index:7;}">
                <Coords points="2403,1104 2447,1124 2507,1091 2586,1110 2693,1074 2767,1102 2786,1085 2898,1107 3021,1072 3114,1091 3119,1003 3048,1031 2892,1017 2868,1042 2750,1011 2592,1058 2548,1025 2406,1031"/>
                <Baseline points="2418,1092 2496,1086 2586,1075 2675,1069 2765,1075 2854,1075 2944,1075 3033,1063 3123,1039"/>
                <TextEquiv>
                    <Unicode>J. d... Cenedit.</Unicode>
                </TextEquiv>
            </TextLine>
            <TextLine id="tr_1_tl_9" custom="readingOrder {index:8;}">
                <Coords points="5383,1058 5413,1055 5435,1069 5446,1061 5462,1074 5489,1058 5519,1069 5544,1063 5544,1003 5519,1011 5492,1006 5484,1014 5454,995 5443,1003 5432,995 5421,998 5402,981 5383,984"/>
                <Baseline points="5398,1051 5488,1051 5548,1051"/>
                <TextEquiv>
                    <Unicode>4.</Unicode>
                </TextEquiv>
            </TextLine>
            <TextLine id="tr_1_tl_10" custom="readingOrder {index:9;}">
                <Coords points="4049,1200 4505,1113 6197,1178 6195,1072 5992,1022 5180,1069 4046,1009"/>
                <Baseline points="4061,1104 4150,1104 4240,1104 4329,1104 4419,1104 4509,1110 4598,1110 4688,1110 4777,1110 4867,1116 4957,1116 5046,1122 5136,1116 5225,1122 5315,1122 5404,1122 5494,1128 5584,1128 5673,1128 5763,1128 5852,1128 5942,1128 6032,1128 6121,1134 6205,1140"/>
                <TextEquiv>
                    <Unicode>Aber das Weinen tut wohl.Es tut mir immer</Unicode>
                </TextEquiv>
            </TextLine>
            <TextLine id="tr_1_tl_11" custom="readingOrder {index:10;}">
                <Coords points="1102,1184 3116,1186 3114,1091 3034,1069 2813,1135 1099,1080"/>
                <Baseline points="1116,1146 1206,1152 1295,1158 1385,1158 1475,1158 1564,1158 1654,1152 1743,1158 1833,1158 1923,1158 2012,1158 2102,1158 2191,1164 2281,1164 2371,1164 2460,1170 2550,1170 2639,1170 2729,1170 2818,1170 2908,1170 2998,1170 3087,1170 3123,1176"/>
                <TextEquiv>
                    <Unicode>erge. Keine Sterne beinahe. Und so still</Unicode>
                </TextEquiv>
            </TextLine>
            <TextLine id="tr_1_tl_12" custom="readingOrder {index:11;}">
                <Coords points="4057,1320 4224,1266 6074,1318 6091,1217 4054,1195"/>
                <Baseline points="4073,1248 4162,1254 4252,1260 4341,1260 4431,1266 4521,1266 4610,1266 4700,1266 4789,1272 4879,1272 4968,1272 5058,1272 5148,1272 5237,1272 5327,1278 5416,1278 5506,1278 5596,1278 5685,1278 5775,1278 5864,1284 5954,1284 6043,1284 6097,1284"/>
                <TextEquiv>
                    <Unicode>wohl. Im Krankenhaus, wie ich unsere alte</Unicode>
                </TextEquiv>
            </TextLine>
            <TextLine id="tr_1_tl_13" custom="readingOrder {index:12;}">
                <Coords points="1066,1331 3067,1348 3048,1238 1066,1227"/>
                <Baseline points="1080,1307 1170,1307 1260,1307 1349,1307 1439,1313 1528,1313 1618,1307 1708,1313 1797,1313 1887,1313 1976,1313 2066,1319 2156,1319 2245,1319 2335,1319 2424,1319 2514,1319 2603,1319 2693,1319 2783,1319 2872,1325 2962,1319 3051,1325 3075,1319"/>
                <TextEquiv>
                    <Unicode>der Wald hinter mir.Schön hier auf der</Unicode>
                </TextEquiv>
            </TextLine>
            <TextLine id="tr_1_tl_14" custom="readingOrder {index:13;}">
                <Coords points="4068,1446 6151,1517 6148,1356 6091,1348 4065,1348"/>
                <Baseline points="4079,1391 4168,1409 4258,1415 4347,1415 4437,1415 4527,1415 4616,1415 4706,1421 4795,1421 4885,1421 4974,1421 5064,1427 5154,1427 5243,1427 5333,1427 5422,1427 5512,1433 5602,1433 5691,1433 5781,1433 5870,1439 5960,1439 6049,1433 6139,1427 6157,1427"/>
                <TextEquiv>
                    <Unicode>Französin besucht habe, habe ich auch ge-</Unicode>
                </TextEquiv>
            </TextLine>
            <TextLine id="tr_1_tl_15" custom="readingOrder {index:14;}">
                <Coords points="1083,1504 2037,1473 2665,1545 3034,1514 3034,1443 2660,1342 2433,1419 1080,1386"/>
                <Baseline points="1098,1463 1188,1463 1278,1463 1367,1463 1457,1463 1546,1463 1636,1469 1725,1463 1815,1469 1905,1469 1994,1469 2084,1475 2173,1475 2263,1475 2353,1475 2442,1475 2532,1475 2621,1475 2711,1475 2801,1481 2890,1481 2980,1481 3039,1481"/>
                <TextEquiv>
                    <Unicode>Bank am Waldesrand zu sitze, sofern, so</Unicode>
                </TextEquiv>
            </TextLine>
            <TextLine id="tr_1_tl_16" custom="readingOrder {index:15;}">
                <Coords points="4410,1506 4423,1506 4440,1523 4527,1509 4604,1520 4606,1438 4584,1435 4552,1463 4524,1465 4516,1473 4492,1471 4440,1435 4412,1435"/>
                <Baseline points="4425,1505 4431,1510 4521,1505 4610,1499"/>
                <TextEquiv>
                    <Unicode>Und</Unicode>
                </TextEquiv>
            </TextLine>
            <TextLine id="tr_1_tl_17" custom="readingOrder {index:16;}">
                <Coords points="4057,1597 6118,1621 6118,1501 4057,1517"/>
                <Baseline points="4073,1564 4162,1564 4252,1564 4341,1570 4431,1570 4521,1570 4610,1570 4700,1576 4789,1576 4879,1576 4968,1576 5058,1582 5148,1582 5237,1582 5327,1588 5416,1588 5506,1582 5596,1588 5685,1588 5775,1588 5864,1588 5954,1594 6043,1594 6121,1600"/>
                <TextEquiv>
                    <Unicode>weint.Aush beim Begräbnis von der Gross-</Unicode>
                </TextEquiv>
            </TextLine>
            <TextLine id="tr_1_tl_18" custom="readingOrder {index:17;}">
                <Coords points="1072,1643 3043,1665 3133,1657 3133,1536 1072,1569"/>
                <Baseline points="1086,1612 1176,1612 1266,1612 1355,1612 1445,1618 1534,1618 1624,1618 1714,1618 1803,1624 1893,1618 1982,1618 2072,1624 2161,1624 2251,1624 2341,1624 2430,1630 2520,1624 2609,1630 2699,1630 2789,1630 2878,1630 2968,1630 3057,1630 3141,1630"/>
                <TextEquiv>
                    <Unicode>fern das Hotel und so märchenhaft leuch¬</Unicode>
                </TextEquiv>
            </TextLine>
            <TextLine id="tr_1_tl_19" custom="readingOrder {index:18;}">
                <Coords points="4027,1722 4333,1791 4486,1733 5913,1752 6184,1832 6181,1692 5872,1640 4024,1670"/>
                <Baseline points="4043,1720 4132,1720 4222,1720 4312,1725 4401,1725 4491,1725 4580,1725 4670,1725 4759,1725 4849,1725 4939,1731 5028,1731 5118,1731 5207,1731 5297,1731 5387,1737 5476,1737 5566,1737 5655,1737 5745,1737 5834,1743 5924,1749 6014,1755 6103,1749 6187,1731"/>
                <TextEquiv>
                    <Unicode>mana und wie die Bertha nach Nürnberg ge-</Unicode>
                </TextEquiv>
            </TextLine>
            <TextLine id="tr_1_tl_20" custom="readingOrder {index:19;}">
                <Coords points="1072,1818 3067,1802 3065,1728 2802,1698 1069,1692"/>
                <Baseline points="1086,1767 1176,1767 1266,1767 1355,1767 1445,1767 1534,1767 1624,1773 1714,1773 1803,1773 1893,1773 1982,1773 2072,1779 2161,1773 2251,1773 2341,1779 2430,1779 2520,1779 2609,1779 2699,1785 2789,1779 2878,1779 2968,1779 3057,1785 3075,1785"/>
                <TextEquiv>
                    <Unicode>tet es her. Und was für Schufte sitzen</Unicode>
                </TextEquiv>
            </TextLine>
            <TextLine id="tr_1_tl_21" custom="readingOrder {index:20;}">
                <Coords points="4087,1886 6074,1938 6072,1812 5976,1804 4087,1810"/>
                <Baseline points="4102,1869 4192,1869 4282,1875 4371,1875 4461,1875 4550,1875 4640,1881 4730,1881 4819,1887 4909,1887 4998,1887 5088,1887 5177,1887 5267,1887 5357,1887 5446,1893 5536,1893 5625,1893 5715,1893 5805,1899 5894,1905 5984,1905 6073,1893 6079,1893"/>
                <TextEquiv>
                    <Unicode>reist ist und wie das Kleine von „Aga-</Unicode>
                </TextEquiv>
            </TextLine>
            <TextLine id="tr_1_tl_22" custom="readingOrder {index:21;}">
                <Coords points="1055,1927 1575,1996 2151,1933 2996,1974 2996,1875 2720,1848 1055,1870"/>
                <Baseline points="1069,1923 1158,1923 1248,1923 1337,1929 1427,1923 1516,1929 1606,1923 1696,1929 1785,1929 1875,1929 1964,1929 2054,1929 2144,1929 2233,1935 2323,1929 2412,1929 2502,1935 2591,1935 2681,1935 2771,1940 2860,1940 2950,1940 3004,1940"/>
                <TextEquiv>
                    <Unicode>drin. Ach nein,Menschen, arme Menschen,</Unicode>
                </TextEquiv>
            </TextLine>
            <TextLine id="tr_1_tl_23" custom="readingOrder {index:22;}">
                <Coords points="4087,2042 6173,2067 6170,1974 6055,1927 5096,1922 4809,1993 4661,1933 4087,1946"/>
                <Baseline points="4102,2018 4192,2024 4282,2024 4371,2030 4461,2030 4550,2030 4640,2036 4730,2036 4819,2036 4909,2042 4998,2042 5088,2042 5177,2042 5267,2042 5357,2042 5446,2048 5536,2048 5625,2048 5715,2048 5805,2048 5894,2054 5984,2054 6073,2054 6163,2048 6181,2048"/>
                <TextEquiv>
                    <Unicode>the gestorben ist und bei der Kamelien-</Unicode>
                </TextEquiv>
            </TextLine>
            <TextLine id="tr_1_tl_24" custom="readingOrder {index:23;}">
                <Coords points="1042,2089 2775,2130 3015,2100 3037,2031 1367,2028 1039,1960"/>
                <Baseline points="1057,2078 1146,2078 1236,2078 1325,2078 1415,2078 1505,2078 1594,2072 1684,2078 1773,2078 1863,2078 1952,2078 2042,2084 2132,2084 2221,2084 2311,2084 2400,2090 2490,2090 2580,2090 2669,2090 2759,2090 2848,2090 2938,2090 3027,2090 3045,2078"/>
                <TextEquiv>
                    <Unicode>sie tun mir alle so leid. Auch die Mar¬</Unicode>
                </TextEquiv>
            </TextLine>
            <TextLine id="tr_1_tl_25" custom="readingOrder {index:24;}">
                <Coords points="1542,2182 1605,2187 1632,2162 1960,2168 2086,2195 2151,2171 2291,2176 2291,2130 2146,2135 2086,2097 1990,2113 1944,2086 1905,2119 1802,2086 1542,2097"/>
                <Baseline points="1558,2161 1582,2161 1672,2161 1761,2161 1851,2161 1940,2161 2030,2156 2120,2156 2209,2156 2299,2156"/>
                <TextEquiv>
                    <Unicode>du trais trivaire</Unicode>
                </TextEquiv>
            </TextLine>
            <TextLine id="tr_1_tl_26" custom="readingOrder {index:25;}">
                <Coords points="4040,2187 6121,2225 6118,2091 4038,2121"/>
                <Baseline points="4055,2179 4144,2179 4234,2179 4323,2185 4413,2185 4503,2185 4592,2185 4682,2185 4771,2185 4861,2191 4951,2191 5040,2197 5130,2197 5219,2197 5309,2197 5398,2203 5488,2203 5578,2203 5667,2203 5757,2203 5846,2203 5936,2203 6026,2209 6115,2215 6127,2215"/>
                <TextEquiv>
                    <Unicode>dame. Wer wird weinen,wenn ich tot bin?Es</Unicode>
                </TextEquiv>
            </TextLine>
            <TextLine id="tr_1_tl_27" custom="readingOrder {index:26;}">
                <Coords points="3693,2217 3707,2217 3721,2231 3797,2236 3838,2255 3863,2233 3882,2236 3882,2086 3866,2086 3855,2097 3827,2080 3805,2091 3775,2083 3764,2091 3751,2083 3726,2102 3693,2100"/>
                <Baseline points="3708,2209 3798,2203 3887,2209"/>
                <TextEquiv>
                    <Unicode>86</Unicode>
                </TextEquiv>
            </TextLine>
            <TextLine id="tr_1_tl_28" custom="readingOrder {index:27;}">
                <Coords points="1061,2305 1222,2239 1556,2305 1799,2244 3111,2253 3108,2179 2906,2154 1058,2190"/>
                <Baseline points="1075,2239 1164,2233 1254,2233 1343,2233 1433,2233 1522,2233 1612,2233 1702,2233 1791,2233 1881,2233 1970,2239 2060,2239 2150,2239 2239,2239 2329,2239 2418,2239 2508,2245 2597,2245 2687,2245 2777,2245 2866,2251 2956,2245 3045,2245 3117,2239"/>
                <TextEquiv>
                    <Unicode>chesa und/die Bonne von Sissy. Sie sitzt</Unicode>
                </TextEquiv>
            </TextLine>
            <TextLine id="tr_1_tl_29" custom="readingOrder {index:28;}">
                <Coords points="4027,2411 5965,2408 6107,2365 6107,2291 4024,2277"/>
                <Baseline points="4043,2335 4132,2335 4222,2335 4312,2341 4401,2341 4491,2341 4580,2341 4670,2347 4759,2347 4849,2347 4939,2347 5028,2353 5118,2353 5207,2353 5297,2353 5387,2353 5476,2353 5566,2353 5655,2353 5745,2353 5834,2359 5924,2359 6014,2359 6103,2353 6115,2347"/>
                <TextEquiv>
                    <Unicode>wäre se schön,tot zu sein.Es wäre so be¬</Unicode>
                </TextEquiv>
            </TextLine>
            <TextLine id="tr_1_tl_30" custom="readingOrder {index:29;}">
                <Coords points="1066,2436 3147,2433 3144,2326 2974,2302 1063,2321"/>
                <Baseline points="1080,2388 1170,2388 1260,2388 1349,2388 1439,2388 1528,2388 1618,2382 1708,2388 1797,2388 1887,2388 1976,2388 2066,2394 2156,2394 2245,2394 2335,2394 2424,2400 2514,2400 2603,2400 2693,2400 2783,2400 2872,2400 2962,2400 3051,2400 3141,2400 3153,2394"/>
                <TextEquiv>
                    <Unicode>nicht an der Table d'hotes,sie hat schon</Unicode>
                </TextEquiv>
            </TextLine>
            <TextLine id="tr_1_tl_31" custom="readingOrder {index:30;}">
                <Coords points="4046,2534 6061,2534 6022,2403 4046,2414"/>
                <Baseline points="4061,2496 4150,2490 4240,2490 4329,2496 4419,2496 4509,2496 4598,2496 4688,2496 4777,2496 4867,2502 4957,2502 5046,2502 5136,2502 5225,2502 5315,2508 5404,2508 5494,2508 5584,2508 5673,2514 5763,2514 5852,2514 5942,2514 6032,2514 6067,2514"/>
                <TextEquiv>
                    <Unicode>quem.-Ich liege aufgebahrt im Salon, die</Unicode>
                </TextEquiv>
            </TextLine>
            <TextLine id="tr_1_tl_32" custom="readingOrder {index:31;}">
                <Coords points="1042,2589 3111,2575 3111,2471 2950,2444 2690,2501 1042,2439"/>
                <Baseline points="1057,2538 1146,2538 1236,2538 1325,2538 1415,2538 1505,2538 1594,2538 1684,2538 1773,2544 1863,2544 1952,2550 2042,2550 2132,2550 2221,2550 2311,2550 2400,2550 2490,2556 2580,2550 2669,2550 2759,2550 2848,2556 2938,2550 3027,2556 3117,2556 3123,2550"/>
                <TextEquiv>
                    <Unicode>früher mit Eritze gegessen.Was ist mit</Unicode>
                </TextEquiv>
            </TextLine>
            <TextLine id="tr_1_tl_33" custom="readingOrder {index:32;}">
                <Coords points="4087,2660 6104,2728 6102,2600 5998,2586 4087,2562"/>
                <Baseline points="4102,2633 4192,2639 4282,2645 4371,2645 4461,2645 4550,2645 4640,2651 4730,2651 4819,2657 4909,2657 4998,2657 5088,2651 5177,2657 5267,2657 5357,2657 5446,2657 5536,2663 5625,2663 5715,2663 5805,2669 5894,2669 5984,2669 6073,2669 6109,2669"/>
                <TextEquiv>
                    <Unicode>Kerzen brennen.Lange Kerzen.Zwölf lange</Unicode>
                </TextEquiv>
            </TextLine>
            <TextLine id="tr_1_tl_34" custom="readingOrder {index:33;}">
                <Coords points="1042,2709 1498,2764 2996,2723 2958,2635 2135,2644 1990,2570 1848,2644 1520,2575 1405,2641 1042,2633"/>
                <Baseline points="1057,2687 1146,2693 1236,2693 1325,2699 1415,2699 1505,2699 1594,2699 1684,2699 1773,2699 1863,2705 1952,2705 2042,2705 2132,2705 2221,2705 2311,2705 2400,2705 2490,2705 2580,2705 2669,2705 2759,2705 2848,2711 2938,2711 3004,2711"/>
                <TextEquiv>
                    <Unicode>Else, fragt sissy, sie haben alle Angst</Unicode>
                </TextEquiv>
            </TextLine>
            <TextLine id="tr_1_tl_35" custom="readingOrder {index:34;}">
                <Coords points="4081,2818 4995,2887 5312,2821 6154,2860 6151,2753 6055,2736 4081,2734"/>
                <Baseline points="4096,2795 4186,2795 4276,2801 4365,2801 4455,2801 4544,2801 4634,2801 4724,2806 4813,2806 4903,2806 4992,2812 5082,2812 5172,2812 5261,2812 5351,2812 5440,2812 5530,2818 5619,2818 5709,2818 5799,2818 5888,2824 5978,2824 6067,2824 6157,2830"/>
                <TextEquiv>
                    <Unicode>Kerzen.qnten wartet der Leichenwagen.Vor</Unicode>
                </TextEquiv>
            </TextLine>
            <TextLine id="tr_1_tl_36" custom="readingOrder {index:35;}">
                <Coords points="1055,2892 2209,2947 3048,2873 3048,2799 2895,2777 1055,2777"/>
                <Baseline points="1069,2854 1158,2848 1248,2848 1337,2854 1427,2854 1516,2854 1606,2854 1696,2854 1785,2854 1875,2854 1964,2860 2054,2860 2144,2860 2233,2860 2323,2860 2412,2860 2502,2860 2591,2860 2681,2860 2771,2860 2860,2860 2950,2860 3039,2860 3051,2860"/>
                <TextEquiv>
                    <Unicode>um mich, ganz gewiss. Nur ich habe keine</Unicode>
                </TextEquiv>
            </TextLine>
            <TextLine id="tr_1_tl_37" custom="readingOrder {index:36;}">
                <Coords points="4016,2958 6104,3048 6063,2868 5951,2920 5399,2846 5071,2901 4013,2857"/>
                <Baseline points="4031,2950 4120,2950 4210,2950 4300,2956 4389,2956 4479,2956 4568,2956 4658,2956 4747,2962 4837,2962 4927,2962 5016,2968 5106,2968 5195,2962 5285,2968 5375,2968 5464,2968 5554,2968 5643,2974 5733,2968 5822,2974 5912,2974 6002,2974 6091,2980 6109,2980"/>
                <TextEquiv>
                    <Unicode>dem Haustor stehen Leute. Wie alt war sie</Unicode>
                </TextEquiv>
            </TextLine>
            <TextLine id="tr_1_tl_38" custom="readingOrder {index:37;}">
                <Coords points="1047,3024 1780,3013 2291,3086 2474,3021 2958,3021 2958,2942 2879,2928 1047,2931"/>
                <Baseline points="1063,3010 1152,3004 1242,3004 1331,3010 1421,3010 1510,3004 1600,3010 1690,3010 1779,3010 1869,3010 1958,3010 2048,3016 2138,3010 2227,3016 2317,3016 2406,3016 2496,3016 2586,3016 2675,3016 2765,3021 2854,3016 2944,3021 2962,3016"/>
                <TextEquiv>
                    <Unicode>Angst. Nur ich weiss, wo ich bin. Ja,da</Unicode>
                </TextEquiv>
            </TextLine>
            <TextLine id="tr_1_tl_39" custom="readingOrder {index:38;}">
                <Coords points="4068,3144 6102,3141 6099,3048 5820,3007 5432,3056 4065,3007"/>
                <Baseline points="4079,3099 4168,3099 4258,3105 4347,3105 4437,3111 4527,3111 4616,3111 4706,3111 4795,3111 4885,3117 4974,3117 5064,3117 5154,3117 5243,3117 5333,3117 5422,3117 5512,3123 5602,3123 5691,3129 5781,3129 5870,3129 5960,3135 6049,3135 6109,3135"/>
                <TextEquiv>
                    <Unicode>denn? Erst neunzehn.Denken Sie sich, ihr</Unicode>
                </TextEquiv>
            </TextLine>
            <TextLine id="tr_1_tl_40" custom="readingOrder {index:39;}">
                <Coords points="1036,3182 2988,3185 2969,3106 2373,3062 1036,3086"/>
                <Baseline points="1051,3153 1140,3159 1230,3159 1319,3159 1409,3159 1499,3159 1588,3159 1678,3159 1767,3165 1857,3165 1946,3165 2036,3165 2126,3165 2215,3165 2305,3171 2394,3171 2484,3171 2574,3171 2663,3177 2753,3171 2842,3171 2932,3171 2992,3171"/>
                <TextEquiv>
                    <Unicode>bin ich, in Martino di Castrazza, sitze</Unicode>
                </TextEquiv>
            </TextLine>
            <TextLine id="tr_1_tl_41" custom="readingOrder {index:40;}">
                <Coords points="4005,3267 5588,3332 6115,3300 6115,3212 4002,3174"/>
                <Baseline points="4019,3254 4108,3254 4198,3260 4288,3260 4377,3260 4467,3260 4556,3260 4646,3266 4736,3266 4825,3266 4915,3272 5004,3272 5094,3272 5183,3272 5273,3272 5363,3272 5452,3278 5542,3278 5631,3278 5721,3284 5811,3278 5900,3284 5990,3284 6079,3284 6121,3290"/>
                <TextEquiv>
                    <Unicode>Papa ist im Zuchthaus. Warum hat sie sich</Unicode>
                </TextEquiv>
            </TextLine>
            <TextLine id="tr_1_tl_42" custom="readingOrder {index:41;}">
                <Coords points="1031,3322 2936,3327 2936,3270 2674,3220 1260,3261 1031,3185"/>
                <Baseline points="1045,3314 1134,3314 1224,3308 1313,3308 1403,3314 1493,3314 1582,3314 1672,3314 1761,3314 1851,3314 1940,3314 2030,3314 2120,3314 2209,3314 2299,3320 2388,3320 2478,3320 2568,3326 2657,3320 2747,3326 2836,3326 2926,3326 2944,3326"/>
                <TextEquiv>
                    <Unicode>auf einer Bank am Waldesrand und die</Unicode>
                </TextEquiv>
            </TextLine>
            <TextLine id="tr_1_tl_43" custom="readingOrder {index:42;}">
                <Coords points="4005,3447 6025,3494 6025,3341 5837,3324 4005,3341"/>
                <Baseline points="4019,3416 4108,3416 4198,3416 4288,3416 4377,3416 4467,3416 4556,3416 4646,3422 4736,3422 4825,3422 4915,3422 5004,3428 5094,3428 5183,3428 5273,3428 5363,3428 5452,3428 5542,3428 5631,3434 5721,3428 5811,3434 5900,3440 5990,3440 6032,3440"/>
                <TextEquiv>
                    <Unicode>umgebracht? Aus unglücklicher Liebe zu</Unicode>
                </TextEquiv>
            </TextLine>
            <TextLine id="tr_1_tl_44" custom="readingOrder {index:43;}">
                <Coords points="1025,3488 3075,3529 3073,3431 2895,3379 1025,3404"/>
                <Baseline points="1039,3469 1128,3469 1218,3463 1307,3463 1397,3469 1487,3469 1576,3469 1666,3469 1755,3469 1845,3469 1935,3469 2024,3475 2114,3475 2203,3475 2293,3475 2382,3475 2472,3475 2562,3475 2651,3481 2741,3481 2830,3475 2920,3481 3010,3487 3081,3487"/>
                <TextEquiv>
                    <Unicode>Luft ist wie Champagner und ich weine.</Unicode>
                </TextEquiv>
            </TextLine>
            <TextLine id="tr_1_tl_45" custom="readingOrder {index:44;}">
                <Coords points="4057,3576 6197,3630 6170,3491 4057,3472"/>
                <Baseline points="4073,3565 4162,3565 4252,3565 4341,3565 4431,3571 4521,3571 4610,3571 4700,3577 4789,3571 4879,3571 4968,3577 5058,3577 5148,3583 5237,3583 5327,3583 5416,3583 5506,3583 5596,3589 5685,3589 5775,3589 5864,3589 5954,3589 6043,3595 6133,3595 6205,3601"/>
                <TextEquiv>
                    <Unicode>einem Filou. Aber was fällt Ihnen einKSie</Unicode>
                </TextEquiv>
            </TextLine>
            <TextLine id="tr_1_tl_46" custom="readingOrder {index:45;}">
                <Coords points="1031,3660 1728,3633 1867,3677 1990,3633 2414,3732 2644,3691 2641,3551 2490,3521 2217,3568 1900,3527 1823,3576 1028,3532"/>
                <Baseline points="1045,3619 1134,3625 1224,3625 1313,3625 1403,3625 1493,3625 1582,3625 1672,3625 1761,3625 1851,3625 1940,3625 2030,3625 2120,3625 2209,3625 2299,3631 2388,3631 2478,3631 2568,3631 2651,3625"/>
                <TextEquiv>
                    <Unicode>Ja warum, warum weine ich denn?</Unicode>
                </TextEquiv>
            </TextLine>
            <TextLine id="tr_1_tl_47" custom="readingOrder {index:46;}">
                <Coords points="3997,3734 6192,3773 6189,3669 5820,3633 3997,3647"/>
                <Baseline points="4013,3726 4102,3726 4192,3726 4282,3726 4371,3726 4461,3726 4550,3732 4640,3732 4730,3732 4819,3732 4909,3732 4998,3732 5088,3732 5177,3738 5267,3738 5357,3738 5446,3744 5536,3744 5625,3744 5715,3744 5805,3750 5894,3750 5984,3750 6073,3750 6163,3756 6199,3762"/>
                <TextEquiv>
                    <Unicode>hätte ein Kind kriegen sollen.Nein, sie ist</Unicode>
                </TextEquiv>
            </TextLine>
            <TextLine id="tr_1_tl_48" custom="readingOrder {index:47;}">
                <Coords points="4010,3896 6017,3912 6014,3822 5837,3841 5703,3767 5418,3838 5331,3786 4008,3811"/>
                <Baseline points="4025,3881 4114,3876 4204,3881 4294,3881 4383,3881 4473,3881 4562,3887 4652,3887 4742,3887 4831,3887 4921,3887 5010,3893 5100,3893 5189,3893 5279,3893 5369,3893 5458,3899 5548,3899 5637,3899 5727,3899 5817,3905 5906,3905 5996,3905 6020,3911"/>
                <TextEquiv>
                    <Unicode>vom Cimone heruntergestürzt,es ist ein</Unicode>
                </TextEquiv>
            </TextLine>
        </TextRegion>
    </Page>
</PcGts>
