6712 4296
3569 399 3871 618 1/2.23.
2567 576 2738 690 52
1640 597 1835 780 I hly
4108 627 6177 876 einen alten Freund des Hauses.... es ist
723 675 2924 858 ja wirklich sehr traurig.Dieser hochbegabte
4132 852 6222 1035 mir wahrhaftig nicht scherzhaft zumute“,
729 834 2585 1023 geniale Mensch. Und um welchen Betrag
4138 996 6120 1164 ja, ja, drück die Knie nur an, du hast ja
711 981 2642 1161 handelt es sich denn eigentlieh.Else?
2348 1137 2636 1235 sichlim
4132 1149 6030 1376 recht, du darfst dir das ja erlauben.
711 1161 2882 1355 Warum lächelt er? Er findet es traurig und
4132 1313 6204 1481 „Es handelt sich natürlich nicht um eine
723 1286 2690 1463 er lächelt.Was meint er mit seinem Lä-
4114 1448 6132 1646 Millionb, um viel weniger - um dreissig
717 1457 2879 1643 eheln? Dass es gleichgültig ist wie viel -
4138 1613 6198 1781 tausend Gulden.Herr von Dorsday,die über
717 1592 2792 1787 Und wenn er Nein sagte.Ich bring mich um,
4108 1769 6240 1943 morgen den sechsten,mittags um zwölf Uhr
711 1745 2846 1943 wenn er Nein sagt. „Wie, ich habe die Sum
4120 1925 6093 2105 in den Händen des Herrn Dr.Fiala sein
705 1910 2816 2102 ne noch nicht genannt? Nun,sine Million.
4096 2051 5983 2270 sollen, vielmehr müssen -  So nun hab
699 2066 2903 2231 Warum sag ich das? Es ist doch jetzt keine
4096 2219 6261 2402 ich's gesagt, aber ich muss doch noch wei¬
699 2234 2840 2372 Zeit zum spassen? Aber er wird sieh freu
1511 2348 2216 2456 in Wichlichkeit
4105 2390 5920 2561 tor reden. „Mama schreibt,dass Papa
699 2366 2861 2588 en wie wenig es eigentlich ist.Wie er die
4090 2510 6162 2708 alle möglichen Versuche gemacht hat, aber
705 2519 2672 2693 Augen aufreiset.Eine Sekunde hat er es
1637 2672 3158 2804 det sape été un eau nellen aupringe
4090 2672 6153 2888 unglückseligerweise sind so viele seiner
705 2672 2792 2900 wirklich für möglich gehalten. „Verzeihen
2924 2762 3146 2942 Ral
4084 2819 6114 3023 Freunde, auch Verwandte,die in Betracht
723 2828 2768 3026 cie.Herr von Dorsday.dass ich in diesem
4066 2972 6102 3173 kämen, sind nicht in Wien - Oh Gott,wie
717 2984 2918 3167 augenblicke scherze. Es ist mir ja im Grun-
4066 3143 6045 3323 ich mich erniedrige. „Sonst wäre es dem
699 3149 2858 3314 de gar nicht scherzhaft zumute. Sie können
4048 3293 6168 3521 Papa natürlich nicht eingefallen sich we-
693 3302 2873 3470 sich wohl denken,in was für einer verzwei-
4048 3464 6051 3643 gen dieser Summe an Sie zu wenden.Herr
693 3434 3104 3598 felten situation Papa sein muss, wenn er
657 3593 1559 3709 des Avisines dellt
4066 3616 6042 3787 von Dorsday" - Warum schweigt er,warum
693 3587 2897 3844 beauftragt hier in der Sommerfrische einen
