6856 4360
6015 240 6236 439 128
4459 346 4867 528 cahna:1
5987 564 6208 715 126
2791 696 3014 827 125
4353 701 6303 961 Ich mich schämen vor irgend wem? Lass
1056 813 2919 1073 nicht um den Papa - ein gestreifter
4302 886 6132 1042 dir noch einmal in die Augen sehen,
1064 1006 3042 1210 Sträflingsanzug ist auch ganz elegant.
4308 981 6261 1274 schöne Eise? Was du für Riesenaugend.
1101 1126 3101 1338 Und erschossen haben sich schon viele.
4294 1171 6230 1422 hast,wenn man näher kommt.Ich wollte,
1064 1274 2917 1514 Und sterben müssen wir alle.Aber du
4294 1352 6266 1590 es küsste mich einer auf meine Augen
1062 1456 3028 1651 hast ja das alles nicht nötig, Papa. Du
4322 1511 6283 1657 und auf meinen blutroten Mund. Der Man-
1106 1559 3154 1794 hast deine herrlich gewachsene Tochter,
4325 1673 6353 1861 tel geht kaum über die Knöchel. Man wird
1076 1738 2911 1984 Adresse bleibt Fiala.Ich werde eine
4314 1763 6255 1970 sehen, dass meine Füsse nacht sind. Was
1076 1914 3325 2126 Sammlung einleiten, werde mit dem Teller auf
4322 1978 6384 2112 tut's, man wird noch mehr sehen. Uebrigens
1076 2062 2945 2257 herumgehen. Warum soll nur Herr von
4322 2140 6300 2322 bin ich ja nicht verpflichtet. Ich kann
1073 2266 3017 2445 Dorsday zahlen. Jeder nach seinen Ver-
4328 2235 6264 2503 gleich wieder umkehren noch bevor ich
1090 2347 3154 2567 hältnissen. Wieviel wird Paul geben? Aber
4367 2372 6121 2657 unten bin, noch auf der Stiege. Ich
1090 2553 3126 2729 Dorsday zahlt ja für alle.Köstlich. Aber
4375 2531 6264 2788 muss ja gar nicht hinuntergehen. Aber
1098 2671 3093 2892 glaubt nur ja nicht, dass das Vergnügen
4328 2679 6233 2925 ich will. Ich freu mich drauf Ich bin
1095 2830 3137 3031 lange dauern wird. Gleich hülle ich mich
4322 2852 6314 3104 gespannt und froh.) Mein Leben lang hab
1101 2989 3062 3204 wieder ein, lauf herauf, sperr mich ein
4330 2987 6325 3252 ich mir so was gewünscht? Aber ich muss
1143 3129 3146 3380 und wenn es mir beliebt trinke ich das
4319 3199 6331 3420 es ja nicht tun. Ich könnte ja zu Herrn
1087 3291 3054 3526 ganze Glas auf einen Zug. Aber es wird
4347 3333 6375 3582 von Dorsday aufs Zimmer sehen ohne dass
1090 3456 2939 3679 mir nicht belieben. Es wäre nur eine
4319 3459 6333 3710 es wer weiss. Und mit Paul könnte ich
1092 3607 3179 3836 Feigheit,sie verdienen zar nicht so viel
4336 3651 6367 3861 was anfangen ganz im Geheimen. Was könn-
1106 3749 3109 4009 Respekt die Schufte. Schämen vor Euch?
4341 3811 6188 4017 te man nicht alles im Geheimen tun.
