6648 4296
856 583 2852 816 kratin, die Marchesa, die Hochgemute, die
862 771 2960 913 Bettlerin, das Judenmädel. Keine klettert
1052 864 2355 984 Reine hat er nicht schneid, der
870 936 2906 1101 so gut wie ich, sporting girl, in England
879 995 3080 1271 hätt ich auf die Welt kommen sollen — - -
1374 1129 3094 1268 Da hänger die Kleide in Rorten.
574 1200 1072 1399 das Hahn.
2332 1231 3023 1354 aufgemacht -
1248 1257 2340 1351 Nun hab ich den Kaste
2332 1302 3040 1416 Fynell, from
867 1331 2138 1462 Jr Nos grieux Lovin
884 1379 3034 1561 warum denn? Das Abendkleid, ja,das schwarzs
515 1399 813 1570 (besit)
1010 1502 1627 1604 sût citer.
873 1547 2852 1729 sie haben mich gestern alle angesehen,
867 1681 2918 1871 auch der blasse kleine Herr mit dem gol
882 1868 2912 2028 denen Zwicker. Schön bin ich eigentlich
879 1996 2875 2156 hicht, aber interessant. Zur Bühne hätt
896 2138 2935 2352 ich gehen sollen. Berthe hat schon drei
879 2315 2898 2463 Liebhaber, niemand nimmt s ihr übel. in
884 2474 3046 2648 Düsseldorf har es der Direktor. Mit einem
901 2602 3014 2784 verheirateten Mann war sie in Hamburg. und
893 2776 2872 2975 hat xxx im atlantie gewohnt.Ich glaube
887 2844 3040 3077 gar,sie ist stolz derauf. "te dumm sie alle
1655 3068 2921 3199 Michtig sie»alles nehmen!
907 3074 1664 3259 alle eind.“ie
1655 3154 2818 3259 for and.. Wenn
896 3230 2821 3407 Ich werde hundert geliebte haben.-Das
896 3376 2986 3569 schwarze Kleid,tief ausgeschnitten. - Gut
2138 3478 2437 3580 no dord
884 3529 2983 3731 dass ich Sie treffe,Herr bektor,ich be-
879 3686 3068 3887 komme da eben einen Brief.... Den Brief
4129 592 6305 742 stecke ich für alle Fälle zu mir.Aber ich
4143 700 6276 896 werd ihn nicht zeigen.- Wäre ich reich, so
4123 853 6228 1029 würde ich nie ohne Kammerjungfer reigen.
4126 1004 6179 1186 Ich könnte ja dem Stubenmädchen läuten.
4118 1157 6268 1331 Nein, ich mach mich allein fertig. Bei dem
5050 1311 6120 1402 travit ut u evand
4121 1311 6142 1467 schwarzen Kleid ist es nicht notwendig
4138 1456 6418 1570 Würkreich, ich wieder die oben Kamerzinsche eine
4129 1513 6120 1675 Licht gemcht. Es wird kühl.Fenster zu.
5446 1618 5670 1760 ment
4112 1627 6145 1826 Vorhänge? Wozu? Es geht kein Vis-a-vis.
4123 1786 6214 1945 Niemand steht mit einem Fernrohr auf dem
5304 1925 5958 2039 und ein Wort
4109 1956 6015 2104 Windkogel. Schade.- Gut, dass ich sie
4197 2070 4348 2167 in
4118 2110 5332 2272 „He’r von Dorsday
5665 2107 6208 2269 — Nach dem
4095 2272 6199 2420 Diner wäre es doch vielleicht besser, man
4607 2377 6202 2483 Ich konntig ein flei C aus witte wieder
4089 2429 6043 2568 ist in leichterer Stimmung. Aber wenn
4081 2585 6262 2744 die sache vor dem Diner abgetan wäre,würde
4075 2739 6123 2892 mir das Essen besser schmecken. "rudding
5781 2866 6060 3000 glivie
4078 2855 6131 3088 a la Merveille. - Fromage fruit - Und
4075 3014 6208 3202 wenn Herr von Dorsday Nein sagts- Unmög
4075 3176 6194 3336 lich.-Oder frech wird? -Mit mir ist noch
4064 3353 6245 3523 keiner frech gewesen.-Ieh bin qiux wieder
4078 3478 6083 3666 etwas schlanker geworden,das steht mir
4067 3651 6199 3808 gut. Doch lieber die Vonhänge zu? Die Däm-
4419 3768 5090 3876 durch Tante.
4050 3802 6114 3995 merung starrt herein. Die Dämmerung ist
