3416 4232
328 187 834 389 9/4.1923.
2630 644 2822 791 132
937 778 2802 980 lassen das Hotel,wir gehen dem Walde
872 935 2845 1122 zu, den Elisabethweg. Nun, Fräulein Else,
872 1089 2751 1319 haben sie sich entschlossen? Wie Sie
882 1258 2693 1458 sehen.Herr von Dorsday. Ich schlage
872 1425 2764 1584 den Mantel auseinander und lasse ihn
894 1559 2640 1746 fallen und friere und bekomme eine
2390 1627 2842 1776 trarm at
882 1703 2814 1895 Lungsentzündung und sterbe. Die beiden
1154 1844 1392 1943 in de
872 1887 2764 2054 Damen sehen mich an. Merken sie was?
1256 1983 2587 2087 Mr.och A.C. Thi –
884 2041 2905 2200 Unmöglich. Oder doch?) Ich werde in mein
864 2178 2852 2370 Zimmr gehen mich ankleiden, das blaue,
879 2329 2900 2529 drüber den Mantel wie jetzt,aber offen,
879 2504 2764 2678 da wird keiner mehr glauben, dass ich
884 2627 2655 2834 vorher nichts angehabt habe. Wo ist
2675 2713 2862 2973 Wo
869 2761 2635 2981 Paul? Und Tante Emma? Und Sissy?
884 2920 2827 3143 sind sie denn alle? Keiner würde esmer-
872 3117 2754 3266 ken.Chopin. Wer spielt so schön? Ich
897 3251 2915 3403 irre in der Hall umher wie eine Fleder-
907 3378 2799 3607 maus. (Warum denn?) Fünfzigtausend. Ich
856 3565 2822 3736 muss diesen verfluchte Herrn von Dors
869 3693 2761 3916 day finden. Oder vielmehr ich muss in
859 3878 2890 4029 mein Zimmer zurück. Die Else im Spiegel
