6584 4248
680 532 2770 745 Sie bleibt zurück nicht nur mit Hass.Dorsda“
340 728 3014 927 ist ein Schurke und doch nicht nur ein schurke. Er ist ihr
357 896 3093 1050 widerwärtig und doch nicht nur das. Diskret wäre er gewiss
340 1068 2979 1205 Was wehrt sich in ihr dagegen? Scham? Sie wusste, dass sie
367 1198 2993 1373 nicht schamhaft war, Sie erinnerte sich eines Reiseerleb
367 1352 2870 1517 nisse s vor vier Jahren. Früh Morgens um funf war sie
381 1500 2887 1654 nackt auf dem Balkon gestanden,ziemlich entfernt waren
367 1624 2914 1823 zwei junge Leute vorbeigegangen, sie hatte sich gefreut,
381 1781 2931 1957 sie hatte gelacht, freilich den ganzen Tag lang eine To-
384 1926 2880 2101 desangst gehabt,die Leute wurden hier im Hotel bleiben
391 2090 2801 2241 und sie erkennen. Sie wusste, dass sie sich dann umge
381 2272 995 2423 bracht hätte.
752 2368 2835 2530 Nein, nie und nimmer.Gerdd vor Dorsdall nicht.
367 2564 2897 2691 Alles in ihnlehnte sich auf. In seinem Zimmer? Auf der
384 2674 3144 2839 Wiese' Die und nimmer. Sie hätte es nicht so hinnehmen dür-fe
405 2825 3086 3021 fen,sie hätte an seine Vornchmheit appellieren mussen, sie
429 2945 3127 3148 konnte es vielleicht noch tun. Nein,es wäre doch vergeblich
381 3124 3007 3309 Flötzlich sah sie ihnen Vater wieder im Sträflingsanzug.
391 3240 3086 3481 Was würde Fred zu der Sache sagen! Er musste es eigentlich
395 3422 3058 3611 völlig einsehen. Und Paul? Nun Paul wurde Herrn Dorsda"
1720 3539 1984 3652 Rullers
384 3584 2993 3772 sicher fordern. Wie duum allmdas. Sie könnte ihm ja Herr
5935 549 6144 741 tung.
3638 515 5173 748 ins Gesicht spuken.Damit hörte ja
5904 721 6058 834 ten
3687 714 5176 916 nicht auf. Ihm ins Gesicht spuck
5952 817 6288 992 re viel.
5310 848 5509 1040 lass
3645 838 5183 1040 oder ihn nachher von Pauä ohrfei
5808 1016 6172 1191 ord. Aber
3645 1016 5180 1212 leicht doch nicht ganz fair,es wi
5811 1164 6185 1342 Menschen
3649 1191 5523 1352 sie hatte ja Lust ihn zu ermorden. Noch x
3649 1297 6100 1503 hatte sie so gehisst. Ein solches Opfer. Ist es denn
3690 1490 6045 1665 wirklich ein Opfer' Wärees auch ein opfer gewesen,
3704 1637 5962 1805 wenn es xxxx ein Anderer von ihr verlangt hätte
4019 1761 6096 1932 Plötzlich kam ihr ein Gedanke. Zuerst lachte
3649 1939 5815 2108 sie. Dann warum nicht' Es wäre auch der Beginn
3704 2084 5609 2289 Carriere. Aber wie Eine Komödie spielen
3711 2231 5657 2403 hätte ich gehalten ob so, ob so. Unsinn.
3721 2389 5701 2550 denn“ So wie er es verlangt unmöglich. Sol
3721 2543 5471 2722 lich etwa des Nachts in sein Zimmer a
3759 2708 5640 2880 Frau W.zu ihrem Liebhabers,so dass es da
3769 2828 5410 3014 benmädchen überall erzählt. Auf der
3769 2986 5509 3192 die 30.000 Gulden sich nicht auf eine
5619 3137 5808 3316 i,vi
3810 3168 5427 3319 sich verschaffen? Es wohnen gewiss
5695 3302 5894 3391 ts
3786 3302 5434 3487 im Hotel, denen eine solche Summe ga
5887 3436 6182 3563 genuber
5516 3453 5815 3625 Vater
3834 3439 5427 3649 tete. Wie wäre es,wenn Paul seinem
4689 3525 6240 3789 übe? Er hätte ja gestern nach dem
3862 3608 4665 3796 Ppielschulden vor,
