6680 4312
134 543 540 745 11/1.1923.
5981 622 6149 787 37
2699 610 2926 784 3 6
748 745 2932 938 Die Türe zugesperrt.- Eigentlich überflüs-
4057 742 6280 991 gar nichts vorstellen.Acht Tage sinds, dass
4085 974 6199 1117 er mir nicht geschrieben hat.Er schreibt
756 927 2859 1098 sig. Hier wird nichts gestohlen. Ob Sissy
4068 1140 6294 1263 schöne Briefe. - Wer sitzt dort an dem klei-
767 1095 2884 1268 nachts ihre Türe offen lässt? Ob Paul zu
767 1238 2985 1464 ihr schleicht? Dann liegen sie zusammen im
4068 1246 6177 1439 nen Tisch? Gott sei Dank nicht Dorsday.
4063 1431 6275 1607 Hoffentlich geht er noch mit der unglück-
756 1389 2993 1593 Bett. Unappetitlich. Ich werde kein gemein
762 1540 2937 1747 sames Schlafzimmer haben, mit meinem Mann,
4063 1590 6185 1714 lichen Frau Winawer spazieren. Jetzt, vor
2296 1677 2993 1775 Au vie
4077 1719 6266 1887 dem Diner kann ich ihm nichts sagen. Unmög-
773 1705 2940 1859 und mit meinen tausend Geliebten. (Manchmal
742 1842 2890 2022 muss man aber doch.- Leer das ganze Stie-
4077 1876 6275 2030 lich.- Der Portier schaut mich so merkwür¬
762 2008 2850 2181 genhaus. Meine Schritte hallen. Drei Wo¬
4077 2022 6093 2184 dig an. Hat er am End den Expressbrief
756 2153 2912 2346 ehen bin ich jetzt da. Am zwölften August
4088 2153 6247 2366 gelesen? Mir scheint, ich bin verrückt. Ich
4558 2299 4850 2414 n'a enée
748 2293 2786 2492 bin ich von Cmunden abgereist. Gmunden
4080 2366 6280 2498 muss ihm wieder Trinkgeld geben. Die dieke
762 2453 2834 2638 war langweilig. Woher hat Papa das Geld
4077 2500 6247 2649 Blonde —st schon zum Diner angezogen. Wie
762 2610 2988 2803 gehabt Mama und mich aufs Land zu schicken?
4088 2649 6152 2884 kann man so dickf sein?- Ich werde vors
742 2761 2965 2979 Und Rüdi war vier Wochen auf peisen. Weiss
4077 2814 6191 2976 Hotel hinaus und ein bischen auf und ab.
762 2920 2915 3097 Gott, wo. Nicht zweimal hat er geschrieben.
4077 2926 6325 3114 Oder ins Klavierzßmmer.
4458 3102 4654 3200 evant
809 3100 2996 3296 Nie werde ich unsere Existenz versetehen.
4094 3074 6252 3287 spielt drin.Beethoven Sonate.Wie kann man
2097 3220 2369 3324 Wilm
756 3234 2792 3450 aber Schmuck hat die Mama keinen mehr.-
4088 3256 6174 3447 hier eine Beethoven Sonate spielen. Ich
742 3388 2898 3556 Warum war Fred nur zwei Tage in Gmunden?-
4099 3396 6269 3601 vernachlässige mein Klavierspiel. Wenn ich
742 3539 2926 3744 Hat sicher auch eine Geliebte. Vorstellen
4094 3573 6250 3746 nachhause komme werde ich wieder regelmäs-
4094 3704 6261 3923 sig üben. Ueberhaupt ein anders Leben an-
736 3685 2948 3906 kann ich mirs nicht. Ich kann mir überhaupt
4099 3853 6331 4040 fangen. Wir alle. Es darf nicht so weiter
