3496 4280
2805 519 2988 705 143
981 623 2892 877 Wahnsinniger.Der Filou steht auf, sei
972 826 2872 1018 ne Augen leuchten. Du verstehmich,
2469 978 2774 1068 i de :
1032 992 3118 1167 nicht wahr, schöner, Jüngling — Sie be
1855 1139 2726 1249 me sera cet juillet
972 1195 2932 1330 spielt immer weiter. (Für dich,schöner
975 1297 2875 1494 Jüngling,verstehst du mich? Ha,haha!
2142 1443 2641 1545 sit aller?
1032 1460 2881 1646 Wer lacht da so laut.Das ist ja ein
992 1601 2937 1798 Hahaha, zu dumm, dass ich lache
989 1770 2881 1928 Ich will ja nicht lachen.-Else!“ Wer
975 1905 2994 2100 ruft da Else? Das ist Paul.Er muss hin
995 2077 2872 2272 ter mir sein. Ich spüre einen Luftzug
975 2213 3236 2418 auf meinen nackten Rücken.Es saust
1040 2373 1939 2478 -   même Thien...
972 2365 2912 2557 Dorsday stürzt auf mich zu.Hahaha.Was
972 2534 2867 2709 hab ick getan. Was hab ich getan! Was
1886 2669 2418 2799 si fille à
961 2703 2926 2889 hab ich getan! Warum stürtz ich denn
958 2827 2833 3005 zurück? Das ist Pauls Arm/um meinen
1330 2979 2726 3095 tit au... No très côt. de le
975 2994 2706 3194 Nacken. Hahaha! Der Mantel fliegt
972 3140 2932 3337 auf mich. Ich liege da. Ihr haltet mich
984 3295 2706 3509 für ohnmächtig. Nein, ich bin nicht
1020 3450 2985 3653 ohnmächtig. Ich bin bei vollem Bewusst-
958 3611 3154 3873 sein. Ich muss nur immer lachen. Was ge-
