6808 4312
245 268 402 460 es
3706 274 4234 455 9/4.1923.
2704 443 2893 568 133
6110 402 6262 554 134
6087 533 6334 673 1844
1069 621 2934 793 wartet und das Veronal wartet auch.
5871 589 6122 720 don.
4531 638 6367 845 was sie reden.-Ich könnte auch hi-
1087 717 3016 959 Ein zehntd Glas trink, dann werde ich
4525 772 6422 1017 naus vors Hotel, ihnen guten Abend sa
1049 883 2966 1101 gut schlafen. Nach getaner Arbeit ist
4519 935 6419 1163 gen, dann weiter, über die Wiesen inden
1061 1046 3147 1273 gut ruhen.- Wenn der Kellner den schwar¬
4525 1075 6323 1276 Wald - hinaufsteigen - immer höher,
5790 1209 6227 1326 in freien
1064 1183 3051 1390 zen Kaffee dem alten Herrn seviert,so
4519 1227 6471 1466 bis auf den Cimone - mich hinlegen.
1075 1372 2992 1588 geht alle gut aus. Wenn er ihn dort
4117 1404 6457 1597 und erfrieren. Geheimnisvoller Selbst-
1075 1524 3077 1707 in der Ecke dem jungen Ehepaar bringt,
4487 1536 6428 1769 mord einer jungen Dame der Wiener Ge-
1078 1667 3054 1903 so ist alles verloren. A, zu dem alten
4490 1713 6285 1926 sellschaft. Nur mit einem schwarzen
1352 1836 1605 1955 Wm
1072 1830 3144 2040 Herrn. Alles geht gut aus. Aber für wen?
4473 1847 6413 2057 Abendmantel bekleidet wurde das schö-
1078 1958 3042 2174 Für Papa oder für mich? Das ist nicht
4411 1990 6212 2174 ne Mädchen an einer unzugänglichen
1772 2095 2826 2212 Septéant un de
4860 2110 5927 2235 -licamdelle de todt
1101 2121 3243 2354 ganz dasselbe. Da draussen vor dem Hotel.
4461 2165 6288 2381 Stelle aufgefunden. - Aber vielleicht
5594 2276 5822 2395 over
4461 2287 6334 2515 findet man mich nichterst viel spä-
1078 2293 3059 2491 das ist ja Sissy und Paul.Nun,er regt
1101 2459 3094 2617 sich nicht sonderlich auf wegen meiner
4467 2465 6133 2666 ter,im nächsten Jahr,verwest,als
1104 2599 3091 2788 Kopfschmerzen.Sissy hat keine so schö-
4449 2605 6224 2855 Skelett.- Wie gut, dass ich hier in
2156 2689 3019 2829 Ferled Rheme
1107 2794 3033 2957 nen Brüste wie ich. Nun ja wie hat ja
4435 2753 6241 2998 der warmen Halle stehj und nicht er-
4435 2931 6192 3121 frierm muss.Nun,Herr von Dorsday,
1116 2885 2975 3118 auch ein Kind (Die arm Bonne. Die ist
5300 3022 5705 3144 evle on
4426 3077 6416 3272 wo sind sie denn eigentlich? Ric htig-
1119 3016 3138 3255 hübschen als sie Ich könnte es ihr auf
4379 3208 6139 3441 ich wollte im Spielsaal nachsehen.
1136 3205 2940 3415 der stelle beweisen, dass ich schöne
2917 3208 3126 3377 Ou
2780 3313 2934 3395 lieu
2229 3342 2579 3444 die prei
1206 3360 1830 3496 minuten!...
4411 3395 6206 3590 Wenn er nicht dort ist, hat er sein
1122 3371 3089 3584 bin als sie.Was reden sie denn? Wenn
4353 3523 6267 3797 Recht verwirkt. Dann xxx auf mein-
1119 3523 3121 3721 man's hören könnte.Was gehts mich an,
4324 3767 4548 3928 dlo
4586 3753 5932 4065 aussié. Novembre
