3560 4296
2640 585 2822 729 153
1086 696 2820 929 kein Wort herausbringen.- „Glaubst
1083 924 2972 1119 du wirklich, dass sie bewusstlos ist,
2081 1028 2703 1111 Sincertiben die
1083 1053 3000 1306 Paul? - DU - duidu! Hab ich Euch er
2412 1180 2635 1266 were
1086 1220 2794 1420 wischt? Du! - „Ja,sie ist ganz be
1620 1352 1822 1448 Es ist
1094 1372 2929 1592 wusstlos./ Eine schwere Ohnmacht, wie
1091 1552 2939 1762 sie nach solchen Aufällen öfters vor
1096 1683 2987 1881 kommt. Eigentlich gehörtisie noch
1096 1812 3012 1997 zum Anfall dazu.7 „Du bist zum Krank
1954 1947 2498 2048 fait qu'il
1094 2038 2797 2192 llechen, Paul, wenn du so-den Arzt
805 2109 2787 2308 Manspielst. - Hab ich Euch, hab ich
1144 2263 2832 2435 Euch! Schwindelbande! — „Pst!Pst!
2605 2405 3098 2503 Cerrymell
1096 2450 2951 2640 Er breitet die Dcke über mich. Unter
1099 2572 2924 2815 der Decke zieht er den Mantel weg.
1096 2787 2997 2939 Gnd ich liege nackt unter der Decke.
1109 2876 3048 3065 Die Tür öffnet sich. „Pst!Ruhe!“ „Nun,
1111 3083 3015 3232 wie gehts?“ -Es ist die Tante. - „Noch
1091 3232 2954 3372 immer ohnmächtig? - Auf den Zehen
1111 3359 2951 3546 spitzen schleicht sie sich her.Nun,
1096 3503 3129 3731 wann willst du mich in die Anstaltbrin
1114 3688 3007 3863 gen, Tante? Grosse Eile! - „Könnte man
1159 3807 3015 4035 wie nicht künstlich erwecken?" „Aber
