6680 4264
299 443 807 688 25/3. 1873.
2630 552 2850 716 103
1023 628 2994 871 wär doch zu schlimm###wenn er gerade an
1048 823 3048 1050 dem mag verhaftet würde, wenn man meine
1088 1053 3032 1174 Leiche nach wien bringt (Aber ich wer¬
1043 1144 3012 1339 de einen Brief hinterlassen,in dem ich
1043 1331 2898 1491 testamentarisch verfügen werde.Herr
1615 1455 1812 1547 and
1061 1501 3070 1643 von Dorsday darf meinen Leichnam sehen.
625 1488 845 1719 1o3
1043 1628 3078 1782 Meinen schönen nackten Mädchenleichnam.
1091 1757 3096 1967 So können Sie sich nicht beklagen Herr
1073 1876 3070 2093 von Dorsday, dass Sie betrogen sind. Sie
1061 2050 3030 2293 haben doch was für Ihr Geld. Dass ich
1073 2202 3098 2493 noch lebendig sein muss, das steht nicht
1109 2372 2858 2620 in unserem Kontrakt. Oh nein. Dag
1053 2529 2934 2736 steht nirgends geschrieben. Also den
1071 2653 3017 2908 Anblick meines Leichnams vermache ich
1061 2769 3078 2974 dem vonsthändler Dorsday und Herrn Fred Leute
1114 3055 2711 3265 vermache ich mein Tagebuch aus
1050 3205 2911 3422 meinem siebzehnten Lebensjahr.Wei-
1076 3384 2994 3554 ter habe ich es nicht geschrieben. Und
1124 3511 2982 3746 dem Fräulein von Sissy vermache ich
6034 580 6217 737 104
4425 625 6199 891 die fünf Zwanzig-FranesStücke,die
4425 805 6245 1056 ich vor drei Jahren aus der Schweiz
4394 977 6060 1197 mitgebracht habe.Sie liggen im
4389 1131 6169 1392 Schreibtisch neben den Briefen.
4389 1291 6072 1524 Bertha vermache ich das schwarze
4409 1443 6118 1660 Abendkleid, und Paul vermache ich
4382 1562 6260 1820 einen Tuss auf meine blassen Lippen.
4351 1721 6057 1944 und Agathe meine Bücher. Und man
4359 1898 6100 2083 soll mich gleich hier begraben in
4341 2043 6128 2293 Martino di Castrozzi.Ich willhicht
4341 2184 6212 2420 mehr zurück na chhause, auch als Tote
4328 2346 6166 2572 will ich nicht mehr zurück. Und papa
4321 2503 6159 2721 und Mama sollen sich nicht kränken,
4298 2630 6275 2906 mir gehts besser als ihnen. Und ich ver
4298 2787 6057 3045 zeih ihnen.Es ist nicht schad um
4293 2951 6207 3222 mich. - - Haha, was für ein komisches
4293 3091 6262 3389 Testament. loh bin wirklich gerührt,so
4278 3253 6227 3539 gerührt bin ich.- Wenn ich denke, dass
4278 3397 6242 3673 ich morgen um die Zeit,während die An-
4260 3541 6153 3820 dern beimDiner sitzen, schon tot bin,
4344 3691 6219 3964 aber die Tante Emma wird natürlich
4334 3954 4582 4065 oon.
