6648 4264
901 546 2789 769 da wäre - ja steh ich, ja da steh.ich
899 742 2855 917 allein vor dem Hotel, furchtbar wieder
899 886 2662 1053 da hineingehen zu müssen, alle die
952 1050 3038 1238 Leute sehen, mit ihnen reden - wie sclän
904 1180 2988 1392 war das früher im wald,auf der Bank,wie
917 1363 2858 1509 ich schon tot war - Matador,Matador -
1389 1498 1551 1585 une
917 1498 2702 1721 wenn ich darauf käm - eine Regatte
923 1678 2956 1845 war’s, richtig und ich habe vom Fenster
917 1824 2961 2010 aus zugesehen. Aber wer war der Matador?
939 2004 2665 2185 - Ich, ich bin so müd, so furchtbar
917 2094 2999 2291 müd - - Und da soll ich bis Mitternacht
862 2259 2908 2455 aufbleiben und mich dann ins Zimmer von
909 2413 2845 2582 Herrn von Dorsday schleichen? Komisch,
870 2601 2959 2768 wenn ich der Bissy auf dem Gang begegnen
851 2718 2948 2908 möchte. Kommt sie zu ihm oder er zu ihr?
851 2924 2800 3113 Hat sie ein Hemd unter dem Schlafrock
859 3060 2757 3240 an,wenn sie zu ihm kommt? Ach,es ist
817 3195 2821 3359 schwe,wenn man in solchen Dingen nicht
870 3346 2900 3542 geübt ist. Wäre ganz nett, wenn ich Sisy
819 3526 2911 3709 um Rat fragte. Natürlich würde ich nicht
809 3659 2940 3892 sagen Dorsday, sondern sie müsste sich den
4091 475 5048 676 ken, daß ist jggend
5992 485 6313 671 beschen.
4091 626 5130 825 jungen Leuten hier:
5984 697 6148 814 dem
4088 785 5120 994 ich ein nächtliches
5981 840 6159 986 Aht
4086 917 5228 1121 iwie schade, wie schaden
4054 1071 5234 1281 Mensch mit den leuchte
5979 1132 6260 1289 in der
4120 1267 5594 1461 noch da wäre...Aber nach dre
4070 1432 5607 1628 er verschwunden. Und ich hab
4054 1554 5228 1747 nicht mehr an ihn geda
4054 1715 5236 1890 Augenblick. Also, wie mich
4064 1864 5146 2041 sag ich ihm? Einfach
4046 2010 5207 2187 nein, nein, es geht nich
4048 2166 5146 2349 zu ihm! Er hat sicher
4038 2325 5146 2503 kons auf dem Waschtis
4041 2466 5141 2667 sich.Er riecht ja imm
4033 2617 5215 2810 Parfüm. Nein, nicht um d
4025 2781 5234 2983 ber ins Freie.Da geht e
4048 2919 5226 3118 Die Wiese ist ja so gr
3998 3094 5032 3282 mich gar nicht. Ich
5804 3097 5984 3311 an
4019 3229 5141 3420 denken. Und wenn er les
5207 3277 5491 3410 agen
3985 3386 5141 3592 zurühren - einen Fuss
5310 3396 5491 3592 t.b.
3985 3558 5708 3754 meinen nackten Füssen.Ah,wenn es
5796 3582 6069 3770 in An.
