6664 4296
5916 386 6085 545 .61
2598 367 2754 545 60
4120 383 6263 673 einer Bedingung.“ Er soll nicht weiter re-
805 550 2998 802 nicht noch einmal nieder, ich bleibe stehen
4117 662 6110 799 den, er soll nicht - „Herr von Dorsday,
808 695 2935 939 aber nur eine halbe Sekunde. Ich bin ein
4104 819 6173 958 ich, ich persönlich übernehme die Caran-
808 865 2831 1103 bischen grösser als er.- „Sie haben ja
4104 950 6146 1155 tie, dass mein Vater die Summe zurücker-
802 1040 2847 1259 meine Antwort noch nicht abgewartet, El¬
4098 1114 6132 1262 statten wird, sobald er das Honorar von
832 1188 2811 1358 se, die augenblickliche Situation Ihres
4076 1257 6127 1437 Erbesheimer erhalten hat. Ich weiss, dass
827 1344 2962 1569 Herrn Papa und mein allgemeiner Eindruck,
4068 1385 6168 1574 Erbesheimer bisher überhaupt noch nichts
838 1503 2847 1727 das est ja zweierlei. Ich war ja schon
4068 1549 6157 1727 gezahlt hat. Es ist also - " „Lassen Sie
838 1648 2943 1878 einmal - verzeihen Sie, Else, dass ich das
4082 1711 6075 1870 doch,Else! Man soll niemals für einen
857 1799 3055 1968 in diesem Zusammenhang erwähne - Er müss¬
4062 1853 6064 2031 Andern eine Garantie übernehmen - kaum
860 1938 2937 2157 te nicht so oft Else sagen - „in der La-
4062 2018 6233 2226 für sich selbst." Was will er? Seine Stim-
854 2080 3009 2316 ge, dem Papa mit einer lächerlichen Summe,
4057 2198 6066 2365 me klingt schon wieder. Ich ahne, wo er
871 2247 2992 2469 mit einer noch lächerlichern als diesmal,
4046 2313 6102 2486 hinauswill. Weh ihm. Nie hat mich zu ein
873 2373 2894 2639 aus einer Verlegenheit zu helfen und so
5344 2466 6222 2579 de Namilieutien
4032 2486 6121 2633 Mensch ao angeschaut. Auch Frerik nicht.-
881 2571 2978 2770 wäre eigentlich kein Grund vorhanden es
4032 2636 6075 2863 „So zum Beispiel hätte ich es vor einer
887 2724 2784 2932 diesmal zu verweigern und erst recht
4076 2765 6077 3009 Stunde kaum für möglich gehalten, dass
884 2858 2913 3096 nicht, wenn ein junges Mädel wie Sie, El,
4041 2926 5935 3165 ich in einem solchen Falle überhaupt
879 3039 2836 3249 se, selbst - “Was will er,seine Stimme
4030 3126 6116 3323 eine Bedingung stellen könnte - und gar ei-
901 3137 3006 3397 klingt nicht mehr oder anders, wo will er
3879 3219 5935 3422 Kne solche. Aber man ist nun eben ein
901 3359 2948 3561 hinaus? Er soll acht geben-! „Also,Else,
3972 3353 6047 3581 Mann. Es ist nicht meine Schuld, dass Sie
903 3477 3025 3720 ich werde - Doktor Fiala soll übermorgen
3991 3564 6096 3728 so schön sind, Else. Vielleicht hätte ich
906 3622 3030 3865 die dreissigtausend Gulden haben - unter
4191 3712 4399 3980 Von
