6552 4296
5983 239 6198 360 1921
5834 336 6201 467 Nov. Eln.
3881 557 6174 682 Elsekam vom Teunis..Leidlich gespielt trotz Zer¬
4068 703 4712 783 in dieser Sages
3476 713 6264 862 streutheit. Warum dergleichen so wichtig nehmen? Das gestri¬
3469 904 6111 1021 ge Telegramm vom Hause: Keine grössere Partie machen.Ex
3476 1063 4948 1177 pressbrief abwarten. Gute Maria.
3861 1177 6129 1292 Offenbar wieder Schwierigkeiten des Vaters. Wie
3539 1340 6243 1468 lange schon? Sie liebte ihn sehr. Neulich hart am Kriminal
3584 1517 6070 1614 vorbei und sie spieltenabends miteinander vberhändig.
3649 1662 6039 1773 Berühmter Advokat, lebtenauf grossen Fuss. Heuer war
3632 1811 6042 1991 sichier eingeladen. Irgenowie war sie doch arme Ver
3649 1956 6091 2081 wandte. Ihre Tante furchtete offenbar, dass Paul sich
3691 2098 6312 2223 in sie verlieben könnte. Sie dachte nicht im Traum daran
3688 2264 6111 2375 Neulich bei der Cristella-Hutte hätte er wohl etwas
3740 2406 6219 2531 kühner sein durfen. Sie hätte es ihm nicht übel genom-
3746 2628 3971 2701 men.
3947 2680 6129 2836 Nun, Toilatte zum Diner machen. Ja richtig, der
3757 2860 6205 2985 Expresbrief,eben bringt ihn der Portier. Was nehm
3798 3002 6153 3147 ich nur? Das blaue mit dem dreieckigen Ausschnitt
3757 3168 6073 3296 Lieber das schwarze. Ist es schon gezahlt? Armer
3764 3386 4023 3476 1 apa.
4003 3445 6208 3591 Der Brief. 30000 Guiden, Vrerhaftung unabwend
3781 3629 6153 3760 bar, wenn sie nicht innerhalb dreier Tage beschafft
