3464 4280
2620 502 2802 722 141
984 654 2710 864 gewusst, dass sie so schön Klavier
899 837 2900 982 spielt, Herr von Dossday sieht beinahe
1346 954 1601 1039 re
899 994 2707 1209 aus wie ein anständiger Mensch. (Ich
897 1134 2757 1301 werde ihm sagen,Sie sind ein edler
902 1274 2742 1484 Mann, ich beschwöre Sie, schicken Sie
909 1449 2857 1631 die fünfzigtausend Gulden ab).Er sieht
954 1603 2845 1768 mich nicht. Er hat den Kopf gesenkt.
894 1748 2897 1953 Leise die Türe aufgemacht. Ich will ihm
889 1913 2797 2060 nur ein Zeichen mit den Augen geben.
909 2078 2895 2230 Ich werde den Mantel ein wenig lüften,
904 2228 2852 2398 er soll meinen guten Willen sehen; und
894 2340 2805 2520 werde ihn anflehen zu verzichten. Ich
897 2493 2897 2717 bin ja ein junge junges Mädchen,ich bin
2303 2637 2742 2722 Ce seul une
2915 2602 3119 2742 Mr
2852 2702 3167 2840 d in
909 2682 2685 2842 ja keine Dirne.-Er schaut auf. Was
2842 2792 3094 2905 sant
897 2800 2645 3017 für Augen.Seine Lippen zittern.
2802 2862 3209 2995 d to it
2842 2957 3034 3102 11
897 2995 2735 3162 fragt mich mit einem Bliek, Er bohrt
889 3139 2690 3324 seine Augen in meine Stirn.Er ahnt
897 3272 2870 3496 nicht, dass ich nackt bin unter demMan-
909 3414 2792 3686 tel. Was soll ich tun? Er starrt mich
884 3594 2862 3796 an-Nein, ich geb ihm kein Zeichen, nein,
902 3741 2717 3954 ich stehe ruhig,starr,königlich,kö-
