3419 4344
2679 610 2866 745 156
986 740 2814 954 sie mir geradenwegs an die Kehle ge
2933 812 3130 961 aller
2410 849 2834 954 a will die
2253 862 2343 944 in
2901 919 3108 1088 it
1001 926 2846 1088 sprungen.“ „Möchtest du nicht schwei¬
994 1061 2804 1208 gen,Sissy?" „Nun, ist sie etwa nicht
984 1178 2806 1417 verliebt in dich? Das ist ihre ganze
986 1357 2946 1536 sogenannte-Mysterie." Ich bitte dich,
971 1519 2888 1706 Sissy. „Aber was willst du denn, ent-
984 1663 2961 1848 weder ist sie wirklich ohnmächtig, dann
981 1843 2751 1994 hört und sieht sie nichts oder sie
981 1980 2918 2149 hält uns zum Narrn, dann geschieht ihr
1028 2124 2871 2323 anz recht.“ „Es hat geklopft,Sissy.
996 2296 2806 2460 „Mir kam s auch so vor.“ „Ich will
951 2408 2841 2619 leise aufmachen.-Oh,Herr von Dorsday.
996 2550 2819 2756 „Ich wollte nur fragen,wie sich die
981 2751 2707 2911 Kranke?“ -Dorsday! Dorsday! Alle
974 2854 2809 3063 Bestien sind losgelassen Ich möchte
981 3058 2774 3235 schreien. Ich möchte aufstehen. Kann
976 3157 2866 3374 nicht Paul steht draussen vor der Tür
974 3322 2722 3528 mit Dorsday und Sissy stellt sich
994 3503 2779 3690 vor den spiegel hin.Ist nicht nein
984 3663 2986 3850 Bild noch drin? Was reden sie draussen
996 3815 2988 4001 von der Türe Paul und Dorsday? Verrätter
