6728 4296
2691 531 2854 667 54
4162 667 6164 861 send, Herr von Borsday, eine lächerliche
891 665 3059 918 bewegt er keine Miene? Sein vnie ist fort
2598 793 3162 910 summe with
4178 855 6284 1013 Summe. nicht wahr?“ Warum habe ich das ge
2854 853 3173 1000 mal
904 915 2702 1081 Warum sagt er nicht ja? Wo ist das
4167 1008 6327 1147 sagt? Wie dumm.Er lächelt. Er läehelt ganz
902 1021 3081 1234 Scheckbuch und die Füllfeder. Er schüttelt
4173 1128 6311 1351 liebenswürdig. Dummes Mädel,denkt er.Aber
912 1190 2974 1386 leise den Kopf. Er wird doch um Himmels-
4178 1307 6098 1476 Papa ist gerettet. Er hätte ihm auch
912 1321 2906 1514 willen nicht Nein sagen. Soll ich mich
4178 1441 6248 1610 fünfzigtausend geschickt und wir hätten
912 1490 2901 1672 auf die Unie vor ihm werfen? Ich fahre
4195 1604 6232 1776 uns allerlei anschaffen können. Ich hät
915 1607 3026 1839 morgen nach Wien. Ich werde selbst zu Dok
4184 1751 6188 1942 te mir neue Hemden gekauft. Wie gemein
921 1765 3015 1994 tor Fiala gehen. (Warum ist mir das nicht
4184 1942 6213 2108 ich bin. „Nicht ganz so lächerlich,lie
915 1964 1975 2119 gleich eingefallen?
4192 2075 6177 2242 bes Kőnd" - warum sagt er liebes Kind
1297 2059 2909 2293 „Am fünften,sagten Sie,Fräulein
4208 2214 6303 2443 wie Sie sich das vorstellen. Auch dreis
923 2250 2767 2438 Else?" - Gott sei dank,er spricht.
4178 2408 6237 2571 sigtausend Gulden wollen verdient sein.
948 2419 2933 2596 „Jawohl, übermorgen,Herr von Dorsday,um
4192 2533 6333 2732 „Entschuldigen Sie,Herr von Dorsday, nicht
937 2539 2887 2748 zwölf Uhr Mittags. Es wäre also nötig
4178 2688 6235 2863 so habe ich gemeint. Ich dachte nur,wie
951 2699 3053 2906 ich glaube brieflich lässt sich das kaum
942 2863 3026 3064 mehr erledigen - " „Natürlich nicht, lie-
4203 2825 6098 3018 traurig es ist, dass Papa wegen einer
948 3034 2969 3209 bes Fräulein Else, das müsste wohl auf
4181 2996 6224 3162 solchen Summe" - Ach Gott, ich verhasple
4181 3143 6191 3328 mich ja schon wieder. „Sie können sich
961 3190 3048 3369 telegraphischem Wege - nun, das hätte ja
942 3334 2909 3541 weiter keine Schwierigkeiten.-Wieviel
4192 3274 6207 3467 gar nicht denken.Herr von Dorsday, wenn
4178 3448 6365 3625 gie auch einen gewissen Einblick in unser
967 3478 2901 3707 sagten Sie,Else?” Aber or hat's ja ge
953 3609 2912 3860 hört, warum quält er mich denn? Und ich
4184 3612 6267 3778 Verhältnisse haben,wie furchtbar es für
956 3772 2988 3933 muss freundlich erwidern. „Dreissigtau-
4197 3789 6164 3969 mich und besonders für Mama ist —' Er
