6856 4248
2723 458 2918 605 107
1152 552 2998 780 Im Freien, ist's mir zu kühl.Und von
1192 748 3000 932 Ihnen aus begeb ich mich zu meinem
1781 852 2349 969 n'ai... la peuil...
1155 919 3020 1107 Vetter Paul/Sie haben doch nichtsda
1137 1033 2391 1229 gegen,Herr von Dorsday?
989 1182 1353 1385 + 4 1
1452 1187 3050 1402 „Else, Else!“ Wie? Was? Das ist
1147 1397 3092 1543 ja Pauls Stimme. Wie kommt er denn da
1333 1472 1623 1573 under
1130 1526 2928 1672 her in das Hotel? „Else!“ - „Ach,
1137 1660 3102 1846 Paul! Was gibts denn, Paul?“ Ich stel¬
1122 1811 2844 2007 le mich ganz unschuldig. „Ja wo
1120 2004 2995 2150 steckst du denn Else? " - "Du siehst
1125 2150 3075 2299 ja, Paul,ich bin spazieren gegangen.“-
1122 2309 2961 2485 „Jetzt, während des Diners? Die Mama
1095 2403 2968 2626 hat sich schon alles Mögliche einge
1117 2589 3077 2740 bildet.Ich war an deiner Zimmertür,hab
1110 2750 3000 2923 geklopft.“ - „Ja, das dürfte wohl ver-
1088 2899 2864 3060 geblich gewesen sein." - „Aber im
1090 3045 2990 3223 Ernst,Else,wie kannst du uns in eine
1090 3231 2881 3362 solche Unruhe versetzen.Du hättest
1070 3379 2847 3525 Mama doch wenigstens verständigen
1078 3498 3065 3701 können, dass du nicht zum Diner kommst.
1093 3677 2966 3855 .Ach, verzeiht, ich hatte so entsetz-
1058 3830 2869 4001 liche Kopfschmerzen. Ich musste ins
6072 275 6300 471 108
4469 451 6432 652 Frie, ich konnte gar nicht ins Hotel zu¬
4469 585 6157 768 rück.Jetzt ist's besser. Aber wo
4460 748 6404 956 kommst denn du her?" -„Ich habe schon
4469 904 6293 1080 in der Umgebung herumgeucht, ich war
4494 1038 4935 1145 emettent
4467 1117 6385 1268 nämlich besorgt." — „Oh Gott ist meine
4455 1202 6377 1373 Leiche schon gefunden?" — „Wahrhaftig,
4455 1360 6330 1519 else, es war (etwas rücksichtslos,auch
4450 1511 6370 1695 gegen mich." — „Also nochmals „verzeih,
4452 1667 6409 1858 Paul, ich bitte schön entschuldige mich
4455 1851 6320 2024 bei der Tante, ja, ich wili nur fürein
4450 1987 6323 2155 paar Augenblicke in mein Zimmer mich
4435 2136 6404 2309 ein bi chen herrichten und ko mm dam
4430 2269 6332 2473 hinunter. Ich werde mir eine Kleinin
4482 2455 6303 2614 keit na chservieren lassen." - „Wie
4440 2589 6216 2765 du aussiehst,Else!“ - „Wie seh ich
4455 2735 6176 2901 denn aus. Wenn man Kopfweh hat und
4435 2884 6382 3089 überhaupt es ist mir nicht recht wohl.
4442 3065 6216 3208 Mach doch vielleicht lass ich mir
4390 3176 4985 3305 in bewerk
4412 3213 6258 3367 was auf: Zimmer kommen - „Soll ich
4680 3342 4970 3444 will
4415 3362 6191 3558 (vielleicht die Mama zu dir herauf¬
4415 3491 6100 3694 schicken?“ - „Ach bitte, Paul, mach
4336 3989 5059 4100 Wo bin 10 a —
