3464 4296
2580 521 2764 675 135
820 621 1166 769 Zimmer
820 615 3038 928 schreib ihm: Ich habe Sie gesucht. Herr von
811 802 3231 1016 Dorsday,Sie waren nicht zu finden, Sie haben
775 976 3071 1172 freiwillig verzichtet,Ihre Verpflichtung
775 1121 2935 1335 Geld abzuschicken bleibt bestehen.-Uebri
1474 1269 1983 1392 me un le
787 1266 3032 1486 gens ist es mir ganz gleichgültig, ob er das
781 1435 3032 1642 Geld abschickt oder nicht. Ich habe kein Mit¬
958 1591 2721 1685 but ffernere has her. Avit witht wil we
847 1606 3216 1778 leid mehr mit Papa Mein Herz ist tot.Tot.
967 1742 1594 1856 Sr recht nicht
859 1757 2908 1959 Wo sind sie hin,Paul und Sissy? Die ha¬
796 1923 2941 2098 ben's gut.Gestern hab ich's auch noch gut
796 2049 2981 2260 gehabt. Wir sind alle zusamen in der Halle
796 2197 2984 2411 gesessen,haben Unsinn geredet und gebacht.
796 2348 3002 2586 Herr Kohler ist eine Weile neben uns geses
799 2535 2893 2706 sen und hat erzählt,wie er das erste
1076 2655 1980 2776 die Mastraudnilse
820 2664 2929 2863 Mal den Cimene von der Nordseite gemacht
796 2842 2905 3020 hat.Und wir haben eine Partie besprochen
805 2975 3008 3189 für Samstag.Warum haben wir heute keine ge¬
799 3113 3026 3318 macht? Vielleicht wäre ich abgestürzt und
802 3312 3050 3478 alles wäre vorbei Die holländische Familie.
1531 3421 2046 3541 Ce année du jour
808 3442 2996 3656 schaut auf mich Nein, nein, man kann nie hts
808 3595 2932 3785 merken. Was wollt ich nur? Richtig.Spiel-
805 3746 2984 3957 zimmer. Geschwind. In einer Minute ist alles
