6664 4296
2717 526 2881 699 38
4101 597 6181 839 ich da auf der Lehne des Fauteuils sitze
772 684 2951 878 gehen. Ich werde einmal ganz ernsthaft mit
4095 819 6037 997 und in die Luft sterre. Ich werde mir
758 845 3022 1068 Papa sprehen. Nachdem, was ich für ihn getan
4095 968 6204 1147 eine Zigarett anzünden. Wo ist meine Zi-
766 994 2861 1144 habe, nachdem ich mit diesem Ekel Dorsday
831 1109 1386 1214 angeprup
4089 1147 6125 1316 garettendose? Oben. Wo nur? Das Veronal
766 1173 2858 1351 gesprochen habe, werde ich wohl das Recht
4083 1281 6227 1468 habe ich bei der Wäsche. Wo ist die Dose?
746 1334 2916 1474 haben. Tarum habe ichs noch nie getan? Al-
813 1419 1398 1553 amvie
4072 1474 6233 1612 Da kommen ja Sisyy und Paul.Sie muss sich
758 1486 2899 1670 les wird Scherzen erledigt. Und keinem ist
3873 1600 6224 1784 umkleiden zum Dinner, sonst hätten sie noch be-
752 1658 2907 1799 scherzhaft zumute., jeder ist allein. Je
4083 1743 6172 1901 sternehbei Uehtung weiter gespielt. Sie
746 1764 2969 1963 der hat eigentlich Angst vor dem Andern. Die
746 1942 2858 2097 Mama ist allein weil sie nicht gescheidt
4075 1919 6113 2059 sehen mich nicht. Was sagt er ihr denn?
752 2080 2963 2226 genug ist und von niemandem was weiss. Nicht
4072 2074 5926 2223 Warum lacht sie so blitzdumm?- Wär
758 2243 2846 2340 von mir und nicht von Rudi und nichtt von
4077 2205 6169 2372 lustig ihrem Catten einen anonymen Brief
734 2378 2682 2568 Papa. Aber sie spürt es nicht und Rudi
4066 2407 6066 2524 nach Wien zu schreiben. Wär ich so was
740 2542 2881 2682 spürt es auch nicht. Er ist ja ein netter,
4075 2568 6210 2682 imstande? Nie. Wer weiss? Wenn ich auf wen
740 2700 2910 2828 eleganter, lieber verl, aber mit einundzwan-
4069 2682 6160 2837 eine besondere Wut hätte - Jetzt hat sie
734 2878 2802 3039 zig hat er mehr versprochen. Es wird gut
4057 2823 6096 3019 mich gesehen. Ich nicke und lächley. Sie
746 2981 2966 3171 für ihn seinwenn er nach Holland geht. Aber
4054 2969 6090 3156 ärgert sich, dass ich so hübsch aussehe.
740 3112 2951 3294 wo werd ich hin [? Ich möchte fortreisen, ganz
4054 3168 6087 3311 Sie kommt zu mir her.Sie ist verlegen.
740 3340 2960 3516 allein, als vornehme Dame und machen können,
4066 3285 6271 3498 „Wie Else, Sie sind schon fertig zum Diner?“
5484 3428 6140 3539 und nicht Deiner
740 3492 2960 3668 was ich will. Wenn papa nach Amerika dureh-
4060 3492 6084 3686 Warum sagt sie jetzt Diner nicht einmal
728 3639 2738 3814 geht begleite ich ihn. Jagals vornehme
4028 3592 6064 3843 konsequent! „Wie Sie sehen „Frau Sissy,
722 3800 2826 3966 Dame. Ich bin schon ganz konfus. Der Por-
4051 3741 6145 4051 „Du siehst wirklich eutzückend aus, Elee,
728 3922 2881 4077 tiert wird mich für wahnsinnig halten, wie
