6872 4296
2718 473 2926 685 113
1179 615 3117 825 zu Paul und erzähl ihm alles und dann
2526 780 3167 885 un Hotel avec
1166 793 2797 987 soll Paul ihn ohrfeigen. Ja, noch
1166 948 2976 1121 heute Nacht.Ein reichhaltiges Pro-
1161 1095 2952 1300 gramm. Und dann kommt das Veronal.
1179 1258 3060 1447 Nein, wozu denn? Warum denn sterben?
1171 1413 3031 1607 Lustig,lustig,jetzt fängt ja das Le
1226 1573 3012 1809 ben erst an Ihr sollt Euere Freude
720 1649 995 1896 115
1179 1733 3010 1920 haben, Ihr sollt stolz sein auf Euer
1171 1878 3049 2075 Töchterlein. Ein Luder will ich wer¬
1171 2038 3115 2206 den, wie's die Welt noch nicht gesehen
1166 2211 3065 2361 hat. Adresse bleibt Fiala. Du sollst
1179 2324 2970 2547 deine fünfzigtausend Gulden haben,
2414 2479 2582 2584 die
1161 2492 3010 2668 Papa. Aber die nächsten, ich mir
1171 2637 2881 2805 verdien, um die kauf ich mir neue
1171 2781 3065 2976 Nachthenden mit Spitzen besetzt, ganz
1166 2944 2965 3144 durchsichtig und köstliche Seiden-
1179 3130 2931 3354 strümpfe.Man lebt nur einmal. Wozu
1166 3264 2792 3451 sieht man denn so aus wie ich? -
2041 3414 2266 3506 Mn
1142 3433 3146 3677 (Lichter, Lichter) So die Lampe über dem
1182 3608 3120 3763 Spiegel eingeschaltet.Wie schön meine
1169 3745 3283 3963 roten Haare sind und meine Schultern
3771 365 4223 591 5/4.1923
5883 664 6096 814 114
4475 720 6314 980 Es wäre schad um mich.Zum Veronal
4428 882 6400 1111 ist immer noch Zeit.- Aber ich muss ja
4423 1027 6243 1242 hinunter. Herr Dorsday wartet und er
4407 1192 6387 1387 we iss noch nicht einmal,dass es in
4990 1337 6374 1476 I.. id in thema geänder.. K.S.A.
4402 1347 6335 1576 dess fünfzigtausend geworden sind. Ich
4396 1523 6256 1736 muss ihm das Telegramm zeigen, sonst
4378 1681 6358 1873 glaubt er mir am Ende nicht und denkt,
4388 1807 6369 2056 ich will ein Geschäft bei der Sache ma
4381 1972 6269 2159 chen. Ich werde die Depesche auf sein
4360 2098 6379 2345 Zimmer schicken. Aber ich muss etwas da
4346 2272 6353 2482 zu schreiben. Es sind leider fünfzig ge
4349 2424 6314 2660 worden, Herr von Dorsday.Ich bin über-
4840 2555 5119 2663 Gegen-
4336 2558 6361 2805 zeugt Ihre Forderung war nicht ernst ze
4320 2705 6264 2960 meint, denn sie sind ein Gentleman. Ich
4323 2865 6243 3107 erwarte mit absoluter Sicherheit,dass
4294 3020 6198 3254 Sienmorgen Früh die fünfzig,an denen
4299 3180 6253 3388 das Leben meines Vaters hängt,ohnewei
4297 3351 6235 3572 ters an Tiala senden.-Selbstverständ-
4289 3506 6258 3721 lich mein Fräulein. Ich sende für alle
4278 3619 6206 3868 Fälle gleich hundert, ohne jede Gegen-
4328 3913 5061 4131 WO DIR 10K Sept.
