6552 4280
4066 429 6303 649 Nieuen nicht wie was an, - Aildem Tapee will
2586 524 2749 643 22
4280 578 4471 658 dore
4000 602 6178 777 Auer-as wissen's ja alle Leute Es ist ja
730 608 2857 870 wär noch schlimmer -.Nun schliesse ich
3959 718 6002 900 längst kein Geheimnis, seit zehn Jahren
718 855 2824 1028 mein Kind, ich hoffe, du wirst unter allen
3965 909 6145 1075 mindestens. Rätselhaft, dass wir uns immer
736 965 2663 1192 Umständen noch über die Feiertage bis
4000 1069 5817 1200 noch halten. Wie man alles gewöhnt!
727 1144 2886 1370 neunten oder zehnten in San Martino blei¬
3989 1200 6029 1382 Dabei leben wir ganz gut. Maas ist eine
5022 1305 6026 1433 Ma vie   été conseilier
712 1296 2773 1510 ben können,unseretwegen musst du keines
3995 1326 6166 1531 Künstlerin Manchmal ausgezeichnet Am let-
724 1457 2669 1635 wegs zurück. Grüsse die Tante und sei
3995 1531 6154 1659 zten Neujahrstag Souper für vierzehn Per-
718 1591 2806 1802 nur weiter nett mit ihr. Noch einmal sei
5112 1614 5585 1725 Abr deit
1635 1698 2481 1817 sich lieber Ein¬
3983 1695 6086 1808 sonen,unbegreiflich. Und meine zwei Paar
4951 1713 6378 1865 Und die dienständet selven, die Re¬
721 1778 2809 1981 mir nicht böse, mein geliebtes Kind- und" -
6187 1826 6378 1954 gehen.
3726 1793 6115 2002 „M-Handschuhe waren eine Affaire. Papa immer
5564 1936 5847 2014 Sieder
1385 1909 2246 2094 ich schon — — —
6181 1927 6348 2052 het.
724 1942 1337 2106 ja, das weist
1102 2026 1334 2133 n
4000 1990 6026 2115 gut aufgelegt. Immer? Nein. In der Oper
5222 1960 6229 2234 in his ft ces hercken
983 2040 2833 2225 Also ich soll Herrn Dorsday augum-
4680 2094 5106 2192 as leur
3989 2130 5993 2264 bei „Figaro" - sein Blick - aber das war
4054 2252 6294 2341 en joux en dier heurent
727 2195 2886 2437 pen - Irrsinnig - wie stellt sich Mama des
3989 2332 6220 2484 gleich wieder vorbei. Ich soll wirklich
259 2264 426 2460 2
5743 2395 6145 2505 dem +
739 2329 2764 2556 vor? Warum hat sich Papa nicht einfach
3953 2422 5931 2589 mit Dorsday sprechen? Ja hält ihn die
736 2511 2857 2726 auf die Bahn gesetzt und ist hergefahren?
313 2457 590 2764 26
3977 2589 6038 2791 Mama für einen alten Herrn? (Was hat das
730 2657 2806 2845 Wäre geradeso geschwind gegangen wie der
2317 2806 2469 2877 wa
3971 2770 6133 2943 damit zu tun? Zu Tod würde-ich mich schä-
724 2809 2767 3023 Expressbrief. Aber vielleicht hätten sie
3977 2904 5940 3092 men - Warum? Ich bin ja nicht schuld.
736 3003 2872 3172 ihm auf dem Bahnhof wegen Fluchtverdacht-
3953 3035 5949 3217 Wenn ich doch mit Tante Emme spräche?
730 3143 2806 3315 furchtbar!furchbar! Auch mit den dreis-
3959 3169 6026 3348 Unsinn. Sie hat xxx wahrscheinlich gar
709 3271 2797 3467 sigtaugend wirds ja nicht getan sein.Im-
4286 3327 5195 3429 so nie selv in Verführung
3965 3366 5978 3557 nicht. Der Onkel ist.ja ein Geizkragen.
712 3461 2889 3658 mer diese Geschichten - seit sieben Jahren
3965 3497 5987 3691 Ach Gott, warum habe ich kein Glück? Wa
709 3592 2767 3840 Nein, länger. Wer würde mir das ansehen?
3971 3652 5984 3855 rum habe ich mir nichts verdient? Warum
