6600 4264
2489 471 2654 672 18
5940 448 6124 695 19
4119 583 6285 777 aber es ist doch etwas ganz anderes, Kind,
645 570 2789 800 nicht erwähnen" - hältst du mich für ei-
4129 780 6147 981 wenn man mit einem Menschen persönlich
649 744 2739 1024 ne Gans,Mama? - „Aber du kannst im übri-
4122 942 6134 1119 spricht. Auch duldet die Angelegenheit
652 915 2614 1182 gen ganz aufrichtig mit ihm sein, das
4109 1044 6239 1291 absolut. keine Verzögerung. Am fünften um
645 1129 2555 1317 heisst, Du musst sogar, ich fürchte, es
1205 1222 1366 1314 0
4099 1225 6154 1445 zwölf muss das Geld da sein. Doktor F.
655 1251 2795 1426 wird ihn gar nicht wundern. Auch dass der
4063 1386 6173 1538 WÄr ist Dr.F.? Ach ja, Kila Fiala - „.st
919 1373 1343 1492 Honius
649 1409 2805 1551 Baron sich selbst den Papa hat kommen las-
4079 1511 6200 1765 unerbittlich. Natürlich ist da auch per-
655 1508 2805 1785 sen kannst Du erwähnen, wenn es nötig sein
4076 1643 6295 1877 sönliche Raneune dabei. Aber es ist nun ein
668 1682 915 1794 Ordet
662 1719 2591 1916 ist. Und dass mit den dreissigtausend
4076 1788 6410 2068 mal "Mündelgeld" - um Gotteswillen - Terra.
662 1837 2805 2022 tatsächlich das Schlimmste abgewendet ist,
4079 1995 6246 2219 „und da kann man nichts machen. Stell dir
662 1962 2779 2199 nicht nur für den Moment, sondern
4066 2074 4695 2275 das nur vor
4689 2180 5979 2361 rein Kind. Wenn das Geld
662 2196 2657 2315 Gott will, für immer. - Glaubst du das
4336 2236 4702 2338 in Ficher
4040 2285 6220 2466 nicht um zwölf Uhr da ist, Wird der Haft-
662 2282 2759 2469 wirklich Wama? - „Denn der Prozess Erbes-
4290 2397 6302 2545 Ficlwete, colas hell de Baise, Honning etc. nost jurret
4043 2456 6061 2641 befehl erlassen. Also Dorsday müss die
649 2427 2664 2670 heim, der glänzend steht, trägt dem Papa
4033 2601 6167 2809 Summe telegraphisch durch seine Bank wo-
662 2611 2822 2855 sicher hunderttausend,aber selbstverständ-
1146 2746 1340 2851 Von
4017 2772 6223 2970 möglich direkt an Dr.F. Grünangergasse 6
675 2792 2855 2983 lich kann er gerade in diesem Studium von
724 2884 1794 3019 I have a letter in the
4020 2911 6144 3098 überweisen lassen. Dannsindwirgerettet
665 2920 2581 3121 Erbesheimer nichts verlangen. Ich be-
3987 3075 6187 3348 und alles wird wieder gut. Im andern Fall
675 3039 2943 3316 schwöre dich. Kind, sprich mit Dorsday. Es Ich
4017 3220 6065 3464 weiss Gott, was geschieht, Glaub mir, du
184 3230 2835 3467 vom heil. ist absolut nichts dabei. Er lieb den Pa-
1587 3345 2594 3464 nicht unterbenommen
4014 3414 5976 3562 vergibst dir nicht-das Geringste mein
665 3447 2762 3635 paar ist ihm Dank schuldig, es ist ausge¬
3994 3457 6052 3701 geliebtes Kind. Papa war ja anfangs da-
665 3516 2641 3740 schlossen, dass er es rafüsiert. Papa
1353 3674 1633 3773 unser
3974 3688 6137 3967 gegen. Er hat sogar noch Versuche gemacht
652 3730 2911 3944 hätte ihm ja selbst telegraphieren können,
691 3823 2585 4056 nicht aber es erwillich überlegt
