6856 4376
2729 539 2949 710 117
6038 570 6251 728 118
1027 698 2998 917 armes Herz.Ich weiss schon.Paul sollte
4344 698 6470 932 wenn es mich gar zu sehr ekeln sollte.
1024 886 2973 1084 dabei sein. Warum gerade Paul? Was geht
4326 880 6297 1060 Aber warum soll's mit denn ekeln?Wenn
1036 1060 3034 1231 mich Paul an?Was geht mich Fred an? Was
4298 1024 6129 1222 er mich anrührt, so spuck ich ihreins
1048 1176 2958 1392 gehen mich alle Menscha an? Nein, ich
4356 1182 6287 1368 Gesicht. Ganz einfach Wie soll ich ihm
1033 1340 3083 1551 will nicht, ich will nicht. Vermal, Vero-
4341 1356 6199 1554 denn den Brief zukommen lassen? Ich
1487 1456 2614 1547 Gott ui hant - dassit ne de to
1124 1480 3116 1663 mal.Es ist das Beste. Wo hab ich's denn?
4304 1487 6230 1675 kann doch nicht dem Herrn von Dorsday
1206 1593 2803 1706 Da in der Stadtel... bei der Hender¬
1109 1648 3095 1834 Ich will sie ja nur ansehen die lieben
4310 1648 6202 1852 durch das Stubenmädchen einen Brief
628 1736 975 1916 Das Wien
649 1803 3098 2038 und xxx, Pulver.Es verpflichtet ja zu nichts. Ich
4310 1776 6184 2017 schicken. Das Beste, ich geh hinunter
1060 1950 3013 2142 bring mich ja sicher nicht um. Aber es
4317 1940 6251 2123 und rede mit ihm und zeig ihm das Te¬
1057 2071 2867 2282 ist ja so beruiigend, wenn man'stun
4317 2087 6342 2297 legramm. Ich muss ja jedesfalls hinunter
1054 2260 2946 2452 kann,wenn man will).Es wärefurchtbar,
4329 2273 6370 2446 ich kann doch nicht hier im Zimmer blei-
1069 2446 3007 2611 wenn ich das Veronal nicht mit hätte.
4313 2391 6318 2595 ben. Ich hielt es ja gar nicht aus, drei
1066 2580 3025 2748 Dann müsst ich mich zum Fenster hinun¬
4365 2562 6147 2745 Stunden lang bis der Moment kommt.
1088 2736 3132 2897 terstürzen und das traulich mich sicher
4323 2736 6361 2903 Auch wegen der Tante muss ich hinunter.
1075 2885 3034 3080 nicht. Aber das Veronal - man trinkt's
4161 2854 6223 3065 Ih Was geht mich die Tante an? Da steht
1066 3001 3135 3259 aus,wacht nicht mehr auf, keine Qual, kein
4323 3043 6294 3214 das Clas mit dem Veronal und jeden Mo-
1523 3144 2635 3266 ...., ,    -
1069 3199 3052 3360 Schmerz.Man legt sich ins Bett, trinkt
4329 3153 6269 3378 ment kann ich drüben sein,wo es keine
1084 3333 3052 3543 es in einem Zug aus und träumt und es
4329 3323 6156 3503 Tanten und keinen Dorsday -ibt und
1094 3525 3004 3735 ist vorbei Vorgestern hab ich ja auch
4335 3470 6321 3683 keinen Vater, der Mündelgelder defrau-
2480 3604 2833 3692 weeven
5188 3613 5858 3719 Ihr nicht ich darin
1081 3634 3019 3811 ein Pulver genommen. Heute sinds halt
4347 3625 6208 3820 diert und jetzt denke ich, die Tante
5102 3771 5550 3905 sein thuvel
1097 3814 1462 3905 meke in
1097 3756 3098 4076 paar.Es ist ja nur für alle Fälle,
4347 3786 6406 3954 könnte besorgt sein.Ich bin ja verrückt.
4341 3969 6254 4128 Wo bin ich denn schon wieder? Wo ist
