3160 4056
2333 356 2523 498 164
648 488 2577 704 noch Zeit. Aber dann werd ich einschla
1044 673 1225 783 Ihr
651 696 2625 844 fen und xix werden es nicht wissen. Ich
701 859 2658 1039 will nicht sterben. So rette mich doch
651 1019 2493 1189 Es war nur wegen Papa.Dorsday hat s
676 1093 2717 1316 verlangt. Paul! Paul! —„Scheint dir nicht
673 1311 2549 1469 Sissy, dass sie lächelt?“ „Wie sollte
681 1438 2607 1642 sie nicht,wenn du immerfort ihre Hand
681 1631 2605 1789 hältst. Sossy,was hab ich dir denn
983 1718 1713 1883 dapier nicht be¬
684 1779 2564 1952 getan? Dasst mich nicht sterben. Ich
699 1893 2531 2069 bin noch so jung. Die Mama wird sich
701 2066 2663 2241 kränken. Ich will noch auf viele Berge
747 2208 2712 2452 klettern. Morgen machen wir die Partie
712 2376 2724 2546 auf den Cimone. er Filou soll mitkommen
727 2541 2541 2689 Lauf ihm doch nach. Er geht einen so
732 2686 2488 2900 schwindligen Weg.Er wird dem Papa
729 2828 2638 3052 begegnen.Adresse bleibt Fiala,vergiss
729 2968 2595 3197 es nicht. Es sind nur fünfzigtausend.
732 3138 2640 3362 Da marschieren sie alle im Sträflings
788 3311 2656 3507 gewand. Das ist alles nur ein Traum.
767 3400 2727 3670 Da geht auch Fred mit dem heisern Fräu
755 3581 2770 3786 lein. Da steht das Klavier unter freiem
