6600 4264
649 572 799 736 11
799 701 2829 886 ihn mir aufs Zimmer mit und les ihn in
833 883 2765 1049 aller Ruhe.-Die Marchesa. Wie jung sie
844 1033 2758 1205 im Halbdunkel auszieht.Icher fünfund-
799 1178 2747 1384 vierzig. Wo werd ich mit fünfundvierzig
780 1337 2755 1537 sein? Bielleicht schon tot.Hoffentlich.
833 1487 2810 1671 gie lächelt mich immer so nett anxaixx
833 1648 2742 1835 Ich lasse sie vorbei,nicke ein wenig,
825 1782 2742 1990 nicht als wenn ich mir eine besondere
823 1948 2652 2120 Ehre daraus machte. „Buona sera.“-de
823 2098 2752 2299 sagt mir buona sera, nun muss ich mich
828 2246 2715 2407 wohl ein wenig verneigen.War das zu
828 2386 2758 2607 tief? Sie ist ja um so viel älter. Was
809 2547 2863 2763 für ein herrlicher Gang. Ist sie geschie-
815 2694 2823 2908 den? Mein Gang ist auch schön aber, aber
815 2850 2860 3077 ich weiss es. Ja, das ist der Untershied.-
691 3003 2615 3179 Ein Italiener könnte mir gefährlich
804 3166 2787 3385 werden. Schade, dass der schöne Schwarze
815 3330 2644 3514 mit dem Römerkopf schon wieder fort
801 3472 2752 3664 ist.Er sieht aus wie ein Filou,sagte
730 3630 2829 3807 Paul.Ach Gott.ich habe nichts gegen Fi-
743 3772 2634 3997 lous, im Gegenteil. Mein Zimmer ist so
3920 585 5932 799 hübsch. Nummer siebenundsiebzig. Eigent¬
3973 717 5992 946 lich eine Glücksnummer. Zirbelholz. Dort
3986 912 6071 1102 steht mein jungfräuliches Rett.Die wun=
3991 1083 5850 1228 Nun ist es richtig ein Alpenglühen
3986 1181 5997 1405 geworden, aber Paul gegenüber werde ich
3999 1381 5771 1542 es abstreiten. Eigentlich ist Paul
3983 1521 6082 1708 schüchtern.Ein Arzt,ein Frauenarzt -, viel
3999 1669 6050 1832 leicht gerade deshalb. VorgesternimWald,
4002 1827 5950 2033 wie wir so weit voraus waren,hätte es
4004 1964 6050 2151 schon etwas unternehmender sein dürfen.
3989 2127 5997 2325 Aber dann wär's ihm übel ergangen.ürk-
3957 2312 6016 2475 lich unternehmend war eigentlich mir ge
4004 2446 6021 2613 genüber noch niemand. Höchstens der am
3957 2620 6042 2781 Wörthersee vor drei Jahren im Bad.Unter-
4004 2760 5937 2942 nehmend.Neinw.unanständig war erganz
4018 2939 6103 3079 einfach Ober schön. April vom Belvedere
4015 3092 5997 3243 Ich habe es eigentlich nicht ganz ver¬
4018 3192 6087 3401 standen damals.Nun ja,mit sechzehn oder
4020 3366 6137 3546 siebzehn Jahren.-Meine himmliche Wiese,
3656 3551 3910 3688 dürfen
4015 3530 6026 3794 Ja, mein. Wenn man so was nach Wien mit-
4018 3693 6111 3859 nehmen könnte. Zarte Nebel. Herbst? Nun ja,
