6664 4328
5752 458 5918 591 51
3975 534 6069 808 leicht, er ist nett. Warum aber drüekt er
2784 603 2968 817 50
3990 763 6153 974 seine Knie an meine. während er da vor mir
944 775 3197 968 wie sonderbar meine Stimme klingt. Rede
914 929 2751 1044 it die der Edel... Frauen ist nellendt:
3981 932 6014 1125 steht? Ach ich lasse mirs gefallen, ich
962 998 2953 1206 ich? „Es wundert mich allerdings nicht
3981 1065 6256 1258 stimme ihn günstig.Was tut ’s.Wenn man ein-
935 1158 3137 1333 übermässig, wenn ich es auch lebhaft bedau-
3972 1228 6400 1439 mal so tief gesunken ist. Die Sache ist vuhalt
938 1309 3007 1490 re.Ich empfinde für Ihren papa eine so
4675 1330 4926 1433 Derle
3755 1394 6123 1574 nämlich die Doktor Fiala ist es, der dieg-
938 1427 2992 1577 aufrichtige Freundschaft für sie Alle" -
3987 1541 6156 1692 mal dem Papa besondere Schwierigkeiten zu
944 1562 3161 1795 er sollte mich nicht so ansehen, es ist bei-
3984 1665 6066 1897 bereiten scheint". „Ah,Doktor Fiala“-Er
938 1743 3092 1906 nahe unanständig. „Nun,so haben sie jetzt
3987 1834 6180 2036 weiss offenbar auch,was er von diesem Fis-
938 1903 3068 2045 Gelegenheit, Herr von Dorsday, Ihre Freund-
2018 2012 2552 2136 Gott see Havk in
3981 1991 6189 2208 la zu halten hat. „Ja,roktor riala-und die
944 2081 3007 2217 schaft zu beweisen.“ Nun habe ich meine
4000 2196 6183 2350 summe, um die es sich handelt, soll am sech-
944 2208 3055 2401 alte Stimme wieder. „Es scheint,Herr von
3984 2316 6201 2525 sten, das ist übermorgen um zwölf Uhr Mit -
944 2377 2965 2519 Dorsday, dass diesmal alle Hilfsquellen
3994 2410 6232 2663 tag,vielmehr sie muss in seinen Häuden sein
956 2531 3013 2666 versagen, sonst wäre mama wohl nicht auf
1116 2627 1387 2757 tolle
3984 2624 6135 2829 wenn nicht der Baron Höning - Denken Sie,
950 2657 2971 2811 des sonderbare Idee gekommen - Neulich
3994 2790 6147 2965 der Baron hat Papa zu sich bitten dessen-
1424 2799 1765 2905 nemlich
938 2820 3116 2968 habe ich zufällig in meinem Brief an Mama
1053 2956 2410 3034 The Aurocente it he is it.
3981 2920 6111 3122 also, wenn Höning“ Warum red ich denn von
938 2989 3155 3206 auch von -hnen gesehrieben.Herr von Dors-
1644 3101 2142 3194 naturtich.
3984 3071 6141 3288 Höning, es wäre ja gar nicht notwendig ge-
938 3149 3125 3345 day-unter anderm". „Ich vermutete gleich,
4000 3252 6051 3420 wesen.-.Sie wollen sagen.Else, dass an -
956 3300 3055 3514 Fräulein Else, dass ich nicht das einzige
3997 3387 6099 3592 dernfalls eine Verhaftung unausbleiblich
962 3436 3046 3668 Thema ihrer Korrespondenz mit Ihrer Frau
5818 3454 6355 3616 Ist antworten
1755 3505 3279 3641 darf ich vielleicht ihm nateresuber¬
4205 3550 6223 3734 " Warum sagt er das so hart? „Schreibt
2531 3604 3068 3752 Idee? Ich
3870 3580 4702 3779 nick. Ist nicht nur
938 3607 2543 3810 Mama vorstelle.-Also die tolle,
2531 3698 2905 3803 gefahren
3975 3719 6213 3921 mir die nama.“ „Das ist ja sehlimm. Das ist
938 3758 3197 3966 nehme an, dass sie nicht so überlässig toll
938 3954 3025 4120 sein wird". Gottseidank er macht es mir
