6600 4264
2588 509 2760 632 14
4009 581 5921 792 gemeldet wird hat sich dort imHotel
820 583 2429 920 dritter September, Hochgebirge. -
4068 699 6104 912 Fratazza ein beklagenswerter Unfall er-
1105 825 2634 1038 Nun, Fräulein Else,möchten Sie
4076 882 6052 1072 ereignet.Fräulein Else T,ein neunzehn-
776 964 2722 1195 sich nicht entschliessen den Brief zu
4081 1028 5991 1246 jähriges, bildschönes Mädchen,Tochter
807 1082 2819 1342 lesen? Muss er sich denn auf Papa bezie-
4086 1182 5942 1385 des bekannten Advokaten...Natürlich
812 1249 2866 1483 hen? Könnte es nicht auch etwasmitmeinem
4076 1334 6142 1516 Würde es dann heissen, ich hätte michum-
830 1447 2714 1665 Bruder sein? Hat er sich vielleicht
4094 1496 6050 1727 gebracht, aus unglücklicher Liebe oder
843 1537 2778 1796 mit einer seiner Flammen verlobt? Mit
460 1647 696 1807 +elv.
4097 1635 6073 1845 weil ich in der Hoffnung war.Unglück-
846 1681 2832 1961 einer Choris tin oder einem Handschuhmä
4099 1807 5117 2010 liche Lebe. Ah nein.
843 1830 2776 2102 del? Ach nein, dazu ist er doch wohl zu
4418 1956 5944 2154 „Mein liebes Kind“ - ich will
843 2056 2714 2274 gescheidt. Eigentlich weiss ich wenig
4099 2089 6006 2313 mir vor allemnden Schluss ansehen.
848 2159 2686 2418 vonnihm. Wie ich sechzehn war und er
4125 2259 6147 2477 „Also sei uns nicht böse, liebe gute El-
861 2344 2781 2555 einundzwanzig, da waren wir eine Weile
4107 2447 6127 2606 se und sei tausendmal-" Sie werdens ich
864 2465 2889 2704 geradezu befreundet. Von einer gewissen
4112 2557 6088 2745 doch nicht mumgebracht haben. Familien-
866 2660 2742 2873 Lotte hat er mir erzählt. Diese Lotte
4631 2724 4891 2835 New-
4112 2704 6119 3002 tragödie. In dem Fall wär ein Telegramm
802 2760 2814 3030 muss ihm irgendetwas angetan haben. Und
861 2927 2853 3166 seitdem erzählt er mir nichts.Nun ist
4130 2912 4785 3087 von Rudi da.
861 3102 2742 3356 der Brief offen.Ganz sorgfältig habe
835 3251 2737 3487 ich ihn aufgemacht und gar nicht be-
830 3428 2884 3649 merkt.Jetzt setze ich mich aufs Fenste-
884 3575 2940 3775 brett und lese Acht geben, dass ich nicht
866 3665 2909 3958 hinunterstürze. Wie uns aus San Martino
