6860 4392
3783 298 4297 495 24.1873
6023 642 6236 794 128
2621 735 2826 874 127
4456 714 6270 951 schreiben. Oder mich umbringen. oder
4411 922 6390 1105 nachhause telegraphieren Dorsday lehnt
948 836 2946 1063 wie die Andern. Oh, das kommt auch noch.
4395 1052 6385 1236 ab. Und Papa hängt sich am rensterkreuz
951 1092 2858 1217 Die meisten Dinge gehen ja niemanden
4432 1209 6342 1382 auf.Nun ja,wenn schon. Alle Menschen
964 1193 2906 1348 was an. Aber das wäre nicht dasselbe.
4385 1340 6366 1596 müssen sterben. Wir werden ja sehen Man
1002 1343 2888 1526 Da hätte der Herr von Dorsday gerade
4377 1532 6377 1683 muss gar nichts bemerken, wenn ich den
946 1500 2943 1697 was er wollte und der Papa auch und er
4374 1668 6401 1865 Mautel um habe. Nur die Füsse, die Fürse.
951 1715 2802 1809 täte vor sich selber, als wenn er es
4369 1817 6390 1971 Ah.ich nehme die schwarzen Lackschu
946 1801 2943 2040 nicht wüsste. Oh,so leicht sollt Ihr
4369 1966 6430 2174 he,dann denkt man,es sind fleischfarbens
951 1955 2850 2118 nicht haben, Ihr, die Ihr mich dahinze
4385 2072 6305 2325 strümpfe. Ganz einfach.Ein kleiner Spa
932 2099 2893 2339 bracht.) Worauf wart ich denn noch? Ich
4358 2256 6292 2448 ziergang über die stiegen.Alles liegt
927 2270 2909 2448 bin ja bereit,die Vorstellung kann be-
4358 2408 6281 2592 in meiner Hand. Ich kann so durch die
927 2419 2909 2640 ginnan. Da hab ich den Brief.Eine ari
4345 2563 6332 2792 Hall gehen, kein Mensch wird ahnen, dass
922 2571 2877 2776 stokratische Schrift hat Fred gesagt.
4345 2720 6241 2938 unter dem Mantel nichts ist als ich,
916 2749 2885 2925 Aber es war ihm nicht recht. Wie schön
3820 2717 4092 2946 Und
4350 2848 6278 3117 ich selber.) Wer spielt denn da unten
3825 2917 4089 3066 &c &c p
924 2874 2962 3074 bin ich. Florentinarinnen haben sich so
3689 3018 4105 3258 o a t
4326 3055 6188 3231 so schön vlavier? Chopin.- Herr von
916 3058 3010 3231 malen lassen. Auch Fürstinnen haben sich
4331 3162 6401 3415 Dorsday wird etwas nervös sein.Vielleich
903 3212 2970 3364 se malen lassen. In den Galerien hängen
4318 3343 6398 3591 hat er Angst vor Paul.Nur Geduld,Geduld.
916 3370 2983 3548 ihre Bilder und es ist eine Erre für sie.
4321 3487 6268 3703 wird sichvalles finden. Ich weiss noch
3745 3383 4073 3711 15
860 3452 2874 3724 Aber ich bin doch zu feig. Ich komm am
4310 3639 6169 3828 gar nichts,Herr von Dorsday,ich bin
874 3703 3015 3849 End wieder zurück, ohne dass ich s getan
6177 3783 6372 3905 in
4315 3801 6377 3993 selber schrecklich gespannt. Auslösenen.
932 3804 2864 4073 hab. Dann muss ich einen andern Brief
4472 4060 6433 4230 des Schicksals? Soll ich nicht wie
