6600 4264
5976 289 6166 437 An.
2752 488 2922 597 b 2
5864 562 6124 710 stolz
3613 591 5302 690 krat. Neulich sein Duell. Sie war ei
401 665 2916 819 sind. So sehr der Staatsanwalt mit dem Papa befreundet
5967 687 6268 909 Aflings
3626 735 5228 848 darauf. Aber was tun? Kriminal. I
453 851 2807 970 ist, er kann nichts mehr tun. Die 30.000 Gulden ver¬
5755 864 6108 1040 hein.
3613 893 5677 999 anzug. Amerika? Unsinn. Man soll nie kleinl
459 999 3038 1124 hindern nur die Verhaftung, im Ganzen wird es nicht mehr.
3632 1060 5067 1146 SSie wird mit Doreda¬ sprechen.
495 1159 2839 1281 zu halten sein. Mein Kummer. Der Bruder. Der Onkel
5851 1140 6378 1326 Kartenpartie
4126 1217 5761 1313 Begegnung in der Hall. Er von einer
523 1291 3015 1458 gibt absolut kein Geld mehr her. Der Schwager unglück-
3677 1323 6214 1451 Grauer Spitzhert, Monokel, übertriebene Eleganz, langsam.
556 1448 2999 1567 seligerweise verreist in Schweden. Nun unsere Bitte
5758 1461 6262 1618 leder kuhl.
3725 1487 5684 1599 Sie ist kur, aufrichtig, fast herzlich, dann
556 1586 2871 1744 an dich, Kind. Dorsdaw imselben Hotel mit dir. (Es
3709 1638 5780 1769 Er sagt: “Ich willmauch aufrichtig sein, lieb
568 1744 3092 1872 zuckt in ihr / Hat neulich wieder zux 250.000 an einen
5854 1776 6175 1946 sagten
3767 1818 5491 1930 ich bin kein Engel, ich bin ein Mann.
620 1895 2906 2026 Rembrandt verdient. Alte Freunde. Sag ihm, wie die
5963 1907 6284 2078 nicht
3731 1965 5469 2078 Sie, 30.000. Ich weiss, für diesen Bett
578 2039 2877 2171 Dinge stehen. Er kann es uns nicht abschlagen. Er
3722 2123 5299 2216 zu kaufen. Ich will nichts anderen
617 2193 3012 2319 soll es telegrafisch anweisen lassen. Er hat es uns
3738 2286 5523 2399 nacktsehen. Wie Sie das machen ist Ihr
639 2392 1667 2473 fast schon angetragen.
3780 2412 5681 2505 schwöre Ihnen, dass ich Sie nicht berühre
902 2476 3157 2598 Sie fühlte sich rot werden. Seine Blicke gestern
3780 2563 5433 2659 des Nachts zu mir oder noch schöne
681 2640 3060 2768 Ihr Visavis beim Diner. Glaubte man zuhause etwa der
4120 2720 5308 2823 "Soll ich nicht auch. tanze
687 2803 2794 2932 sei altmit seinem 45 Jahren? Interessant,aber
4187 2852 5710 2974 "Mit welchem Haupt auf der Schuss
742 2913 2990 3080 schlechte Rasse. Ein ungarischer Jude. Sie fühlte
3731 2996 5588 3112 wäre mir etwas schwer. Aber ich bin nich
687 3105 3038 3221 sich von besserer. Sie war wie eine Aristokratin, ja
5681 3144 5870 3311 tele
3751 3176 5263 3272 den, es ist so leicht für Sie. Mor
1750 3202 1962 3285 v. c. le
694 3243 2961 3369 sogar ein wenig Onob. Ja, sie hatte Sinn für Aeus
5755 3263 6085 3475 Wie Sie
3757 3311 5494 3426 ich meiner Bank. Bedenkzeit.Bis zum D
697 3381 2922 3507 serlichkeiten, sie machte kein Hehl daraus. Fred
3709 3503 4059 3593 wollen.
652 3542 3047 3670 verachte sie darum einigermassen. Sie dachte hier
4181 3571 5729 3773 Sie nehmen von einander Abschied,
652 3680 2970 3831 wenig an ihn. Ihr Bruder war auchirgenowie Aristo
