6664 4280
838 642 2994 872 dass das Geld zu spät kommt. Oder er wür-
782 824 3025 1021 de das geld schicken und dann erzählen, dass
1232 934 2392 1061 gleich seit. Wir noch mit
782 1016 2983 1173 er mich gehabt hat. Oder er würde mir ant-
796 1131 2864 1320 worten: Nein,Fräulein Else,so haben wir
791 1297 2971 1500 nicht gewettet, telegraphierensie Ihrem Pa¬
782 1460 2791 1660 pa.was Sie wollen, ich schicke das Geld
791 1609 2929 1759 nicht und was immer Sie erzählen werden,
782 1705 2876 1947 ich leugne es natürlich. Sie sollen nicht
777 1902 2833 2088 glauben,Fräulein Else, dass ich mich von
771 2068 2921 2268 so einem kleinen Mädel übertölpelu lasse,
824 2206 2302 2414 ich der Vicomte von Eperien.
1196 2378 2988 2549 Ich muss vorsichtig gehen, der Wald-
760 2496 2876 2721 weg ist ganz dunkel.Wie sonderbar.Es ist
748 2690 2800 2867 mir trotz alledem (irgendwie) wohler als
824 2797 2983 3033 vorher.Habe ich denn wirklich geschlafen?
748 2974 2856 3177 Ja, ich hab sogar geträumt.von einemMata-
777 3129 2907 3348 odor. Was war denn das für ein Matsdor? Der
737 3270 2918 3492 Weg ist doch länger als ich gedacht habe.
737 3461 2732 3652 Sie sitzen aber gewiss noch alle beim
782 3613 2819 3765 Diner. Wenn ich ins Freie auf die Wiese
718 3773 2980 3984 kommt, werde ich auf meine Armbanduhr sehen.
4091 644 6171 810 Ich werde mich ruhig an den Tisch setzen
4077 819 6165 988 und werde sagen, dass ich Migräne gehabt
4077 959 6227 1134 habe und las s mir nachservieren. Herr von
4060 1131 6227 1311 Dorsday wird am Ende selbst zu mir kommen
4088 1292 6030 1432 und wird sagen, es war nur ein Scherz.
4069 1469 6221 1595 Fräulein Else, entschuldigen Sie und alles
4077 1559 6297 1764 wird plötzlich vorbei sein wie ein schlech
4086 1736 6266 1894 ter Spass. Da sollte ich mich doch freuen
4069 1888 6165 2057 Aber ich freue mich ja gar nicht. Nun ja,
4128 2032 6171 2226 ich frauenich nicht, weil ich weiss, dass
4682 2155 5017 2259 kunnen
4128 2220 6297 2338 es nicht so sein wird, dass es kein Scherz
4761 2304 4980 2400 Ode
4077 2352 6156 2499 ist.-Nein, nein, ich freue mich aus irgend
5487 2456 6081 2597 as that were
4077 2493 6044 2645 einem anderen Grunde nicht. Es wäre ja
4108 2622 5937 2698 linnst und... wir sein schlep gelieb nam¬
4071 2670 6024 2811 ine Enttäuschung wärs für mich. Ja,um
4069 2794 6109 2985 Himmelswillen,wie ist denn das möglich,
4102 2969 6095 3157 Was bin ich denn für ein Frauenzimmer.
4077 3115 6106 3306 Wirklich ein Luder? Ich möchte am Ende
4069 3250 6151 3461 selbst - Nein, nein,das hat doch grauen-
4086 3419 6111 3602 voll, ich hasse ihn ja er ist mir in der
4119 3602 6075 3776 Seele zuwider... Mei gravit an ihm
