3192 4248
2455 314 2623 447 162
1475 354 2005 525 des étgens
696 447 2641 701 habe Veronal getrunken, ich werde ster
698 588 2480 776 ben. Ich werde sterben.- „Uebrigens
721 774 2638 927 scheint mit, Herr von Dorsday ist auch
721 932 2691 1075 in das nackte Fräulein verliebt.Er war
734 1093 2588 1269 ja so erregt, als ginge ihn die Sache
739 1201 2706 1460 persönlich an. - Dorsday!Dorsday! Das
744 1352 2623 1538 ist ja der - ich muss es ihnen sagen
734 1515 2613 1749 fünfzigtausend -Veronal - jetzt, kann
739 1636 2663 1904 man mich noch retten.-Willst du dich
749 1786 2769 2030 nicht dort aufs Fauteuil setzen,Sissy?
759 2002 2724 2168 cie wissen nicht,sie wissch nicht dass
769 2143 2686 2364 ich sterbe. Aber es dauert so lang.Ich
759 2274 2638 2510 spüre gar nichts. Nur müd.Paul, ih bin
744 2402 2688 2653 müd, Paul, ich bin müd. Wieso hört es es
766 2553 2636 2822 nicht? Es ist,weil ich die Lippen ge
774 2711 2598 2914 schlossen habe. Ich bin müd, Paul, ich
771 2869 2703 3138 kann die Lippen nicht öffnen, ich kann
781 3088 2626 3279 nicht reden, ich kann mich nicht rüh-
794 3213 2708 3417 ren. Das ist das Veronal.Gleich schlaf
807 3379 2658 3523 ich ein. Ich hör sie gar nicht reden.
799 3482 2676 3678 Sie reden und ich weiss nicht was.Es
771 3721 2776 3962 lein. Da steht das Klavier unter Tielen
