6632 4280
5931 442 6102 591 27
2658 472 2809 680 26
4116 547 6177 740 ven mir haben was du willst.Ha, wie? Das
3804 671 4362 826 I am wieder
4992 682 5669 785 ni edle terre.
898 591 2906 840 Tiesy. Ich muss mich umkleiden. Ich muss
4097 749 6180 906 ist aus einem Roman. Verkauft sich für
5174 832 5992 942 que leur lit ou
903 834 2914 1017 mit Dorsdav reden.Zuerst umkleiden. Was
4108 878 6301 1019 den geliebten Vater. Leichtsinniger Mensch
4210 995 6210 1086 das mit ein Vergnügen davon. Für Tiefel
917 1014 3053 1149 zieh ich an? Das blaue oder das schwarze?
4108 1066 6265 1229 ABär ich kann ihm nicht böse sein. Nein,
898 1116 3069 1332 Neut ist villeicht das schwarze richtiger.
4091 1171 6191 1365 Paul, auch für dreissigtausend kannst du
5426 1312 5829 1412 Herrn
909 1318 3039 1445 Zu decolstviert, Toilette de circonstance.
4108 1365 6224 1519 von mir nichts haben. —
1022 1395 2572 1495 heft in der franzule Rame¬
5710 1448 5970 1539 nicht
4500 1470 4713 1564 and
936 1431 3113 1599 Ich muss mit Dorsday reden. Nach dem Dinaer
4108 1500 6166 1677 deren ja? - Für eine Million vielleicht?
273 1577 1390 1785 berieden einen rechten, wenn ich
4461 1575 6392 1713 will very... in Palars O’Pules
934 1566 3075 1754 Nonchalant. Seine Augen werde ich in mei -
4097 1680 6105 1809 Wer weiss? Wenn ich in einmal hirate,
928 1727 2948 1939 nen Ausschnitt bohren.Widerlicher Kerl.
4108 1837 6216 1959 werde ich’s wahrscheinlich
923 1901 2909 2077 Ich hasse ihn. Alle Menschen hass ich.
4108 1956 6130 2163 tun. Ist es so schlimm? Fanni hat sich
903 2077 3064 2216 Muss es gerade Dorsday sein? Gibt es denn
4108 2097 6207 2320 auch verkauft, sie hat mir selbst gesagt,
920 2204 3061 2409 wirklich nur diesen Dorsday auf der Welt?
4091 2249 6152 2437 dass es s-he vor ihren Mann graust. Nun,
4528 2403 4926 2497 mehan
909 2403 2776 2522 Wenn ich mit Paul spräche? En hat ja
2622 2472 2931 2564 er tat
4097 2417 6180 2616 was sagtest du Papa, wenn ich mich heute
917 2517 2956 2671 nichts. Wenn er der Tante sagte,Spiel -
4097 2569 6307 2757 Abendversteigerte? um dich vor dem Zucht
2163 2638 2580 2740 das Geld
4503 2699 5025 2798 demliin....
923 2669 2809 2856 schulden - da würde sie sichs sicher
4097 2732 6318 2895 haus zu retten? - Ich habe Fieher und möch-
5221 2851 5376 2950 r
928 2826 2950 2981 verschaffen können.- Wie früh es dunkel
4113 2909 6260 3083 te tot sein ich sehän mich so. Fieben hab
1171 2959 1685 3064 Nacht.-Gret.
5566 2997 6171 3097 hem; Keben
917 2981 2865 3155 wird. Am liebsten möcht ich tot sein.
4086 3066 6265 3260 ieh. Oder bin ich schon unwohl? Die Luft
928 3135 2876 3309 Wenn ich jetzt hinunterginge? Dorsday
4097 3196 6254 3384 ist wie Champagner.- Wenn Fred hier wäre-
4633 3326 4826 3403 min
917 3268 3058 3475 noch vor dem Diner spräche? Besser. Noch
5232 3365 6022 3500 b rauche keinen
4097 3356 5180 3558 könnte er/raten? Ich
5232 3406 6370 3605 von den xxx
890 3448 2881 3658 eine Stunde Zeit. Ach,wie entsetzlich!
4091 3539 6199 3693 Rat.Es ist ja klar, ich werde mit dem un-
898 3647 2928 3809 Paulwenn du mir die dreisstausend ver-
4796 3627 5312 3727 in Emires.
4091 3688 6263 3890 garischen  oprechen, ich, die Aristo -
895 3749 2972 3953 schaffst, kannet du von nir haben,was du
