6632 4264
3453 428 3856 626 4/1.23.
5924 450 6111 645 17
2556 444 2710 621 16
4070 564 6238 789 Es war eine Bagatelle,achttausend Gulden,
976 669 2648 870 du mir unter anderem von Dorsday
1062 802 1515 897 in it.
4035 767 5959 995 Über schliesslich dreissig sind für
989 818 2761 1027 spriehst, der sich auch im Fratazza
4463 943 6279 1079 auch nicht viel. Und darum habe ich
992 921 2775 1176 aufhält und das ist mir in dem Au¬
4079 913 4474 1154 Dorsday
4463 1051 6022 1171 das nicht die Liebe erweisen und
981 1141 2873 1312 genblick geradezu wie ein Schicksals-
4092 1114 6135 1252 gedacht, ob Du nicht einfach mit Dorsday
4577 1198 5986 1298 ein besonders sein schibt
3821 1214 4282 1374 de c'est à
995 1293 2702 1439 wink erschienen.Du weisst,norsday
4092 1282 6103 1398 reden könntest. Er kennt ja leider dia
4350 1377 6079 1455 Hil in St Horn geweckt... Wint
1089 1390 2902 1501 one of L Lorsday in fenen d het bis ici
4089 1425 6184 1564 Verhältnisse in unserem Haus und ihn er-
992 1442 2718 1593 hat früher sehr viel bei uns ver-
4171 1509 5892 1610 Wolf schreu, „hat er mir einmal die
1398 1528 2070 1677 n. ja wohl.
1005 1572 1244 1659 n¬
4092 1583 6228 1702 suchen,respektive nahelegen,ob er dem Pa-
1008 1583 2783 1764 kehrt.Es ist der reine Zufall, dass
2404 1667 2821 1770 selluer
5789 1661 6027 1759 F.F.
4195 1672 5596 1772 “Weure zweitell”... „Sohn ein
4084 1683 6249 1919 pa nicht noch einmal aus der fürchterli¬
1011 1732 2837 1962 er seit ein zwei Jahren weniger oft
4081 1881 6222 2079 chen Situation heraushelfen würde.) Den Pa-
1011 1902 2694 2084 kommt,er soll in ziemlich festen
2241 1921 2959 2068 départir à la terreur
1360 2005 1808 2103 vite mis.
1005 2046 2789 2209 Banden sein nicht sehr feines, Aber
4092 2043 6111 2241 pa ist so gut mit ihm, dass es wirklich
4092 2122 6138 2379 keine Affaire ist. Und da er in der Zui-
1030 2211 2940 2350 mit Papa ist er noch immer sehr gut.
938 2282 2908 2428 Residing nal hat Lape untimme geven
1030 2358 2886 2515 Im Kluh spielen sie Er Waist mitein-
4103 2290 6274 2542 sehenzeit seit den achttausend glücklicher
2287 2442 2496 2539 Septr
2940 2358 3173 2550 endu
786 2463 2133 2623 serve which perly will be
2569 2496 2827 2612 thu in
1024 2526 2485 2691 anden. Hoch im peber hat Papa
4108 2469 6276 2623 weise nicht mehr an ihn herangetreten ist,
2821 2515 3190 2637 even itel.
317 2482 780 2656 meules
1512 2566 3149 2718 nicht glücklich in einer Sont geschwertend
1051 2650 3201 2846 irgend einer Sache vertreten. Du sie ht vubil
4092 2602 6165 2818 so wird er ihm diese kleine Gefälligkeit
2940 2753 3165 2843 in ihm
5184 2751 5390 2864 Mr
1046 2775 3206 3016 also, dass andam Papa vollkommen Verden tuh¬
4098 2761 6152 3008 nicht ab schlagen für ihn bedeutet es ja
5412 2892 5607 3005 we
2883 2900 3184 3057 theils self
1054 2946 2718 3130 trauen schenkt. Im übrigen,warum
4092 2981 6206 3108 wirklich nichts. Neulich hat er an einen
2900 2997 3176 3152 guette
1225 3060 2656 3182 wenn vollst den in wittenden
5412 3041 5954 3160 Dr de Ben
1051 3135 2772 3303 soll ich es dir verschweigen? Vor
4089 3092 6062 3312 alten Rubens, sikxx den wönigswarter
1043 3274 2675 3488 drei oder vier Jahren ist er de
4032 3274 6211 3472 verkauft hat, allein hundertachtzigtausend
1827 3369 2672 3477 (Habid wie was je
2661 3257 3098 3404 it.
4523 3388 4767 3485 haben
1060 3415 2786 3653 Papa auch einmal beigesprungen). Er
4111 3453 6279 3642 verdient. Das darfst du selbstverständlich
1051 3574 2886 3810 hat das Geld damals hergegeben, ohne
1062 3734 2894 3976 überhaupt mit der Wimper zu zukken.
