3544 4280
2660 498 2843 657 159
989 657 2685 881 ich hab -ja meine Augen offen. Die
1004 833 2808 1034 Tür ist angelehnt. Sissy steht auch
1006 1012 2904 1203 draussen. Ich bin allein. Wenn ich mich
1039 1145 2994 1351 jetzt rühren könnte, ich kann, ick kann
1009 1288 3035 1500 ich bewege die wand,ich be wege die Fin¬
1034 1485 2863 1656 ger, ich strecke den Arm aus, ick habe
1027 1648 2979 1794 die Augen offen,ich sch alles,ich seh
1029 1784 3027 1953 alles.Geschwind das Veronal,eh sie was
1022 1940 2869 2114 merken.sind’s nur genug Pulver? Nie
1032 2104 2886 2292 wieder darf ich erwachen. Was ich zu
1024 2227 3027 2426 tun hatte auf der Welt hab ich getan.
1037 2395 2944 2562 Der Filouschat mich nackt gesehen und
959 2531 2941 2755 der Papa ist gerettet: Niemals wieder
1034 2680 2848 2894 könnt ich unter Menschen gehen. Paul
1049 2851 2972 3022 schaut durch die Türspalte zu mir he-
1049 3014 3047 3223 rein.Er denkt, dass ich noch ohnmächtig
1042 3160 2952 3324 bin.Er sieht nicht, dass ich den Arm
1049 3326 2914 3500 beinahe schon ausgestreckt habe. Nun
1047 3482 2959 3669 stehen sie wieder alle prei draussen
1054 3598 3009 3835 vor der Tür (alle) (die Mörder, alle sind
1064 3784 2914 3993 sie Mörder. Ihr alle bringt mich um.
