6648 4264
2822 422 3047 557 101
1075 557 3091 803 gesagt habe vor zwei Jahren? CFred, das
1081 736 2975 1000 ist nämlich Herr Friedrich Wenkheim,
1130 899 2775 1094 nebstbei der einzige anständige
1057 1070 3021 1254 Mensch, den ich in meinem Leben kennen
1122 1197 3003 1410 gelernt habe. Der einzige, den ich ge-
1070 1399 2964 1563 liebt hätte, wenn er nicht ihn-gar so
1062 1524 3032 1718 anständiger Mensch wäre. Ja,so verwor-
2337 1677 2635 1770 men
1062 1692 2889 1850 fen bin ich. Das ist ja das Malheur
1052 1845 2944 2006 mit mir. (Ich habe keine rechte Kraft
1049 1987 2863 2192 zum Leben) Ich bin nicht geschaffen
1039 2122 3122 2317 für eine bürgerliche Existenz und Talent
1039 2275 3029 2488 hab ich auch keins und für unsere Fa¬
1410 2425 1581 2521 was
1021 2446 2824 2609 milie ist es sowieso das Beste,sie
1021 2589 2824 2786 stürbe aus. Mit dem Rudi wird auch
1011 2757 2853 2931 schon irgend ein Malheur geschehen,
1024 2920 2962 3086 der wird für irgend eine holländische
1018 3042 2832 3244 Chansonette Schulen machen und bei
1083 3244 2770 3402 van Hulst defraudieren. Das ist
1065 3358 2931 3553 schon so.Und der jüngste Bruder von
1047 3537 3016 3721 meinem Vater, der hat sich erschossen
1042 3674 2985 3874 wie er fünfzehn Jahre alt war. Ich hab
6069 482 6289 676 102
4338 640 6305 897 ihn nicht gekannt. Lassen sie sich die
4320 847 6216 1052 Photographie zeigen,Hrr von Dorsday,
4369 1011 6349 1208 wir haben sie in einem Album. Ich soll
4382 1112 6317 1345 ihm ähnlich sehen. Kein Mensh weiss,
4369 1319 6271 1503 warum er sich umgebracht hat.Und von
4371 1446 6289 1661 mir wird es auch keiner wissen.Ihret-
4364 1581 6330 1814 wegen keineswegs,Herr von Dorsday. in,
4364 1780 6170 1949 machen Sie sich keine Vorwürfe, die
4356 1912 6157 2114 Ehre tu ich Ihnen nicht an. Ob mit
4369 2083 6219 2262 neunzehn oder einundzwanzig,das ist
4423 2218 6253 2418 doch ogal. Oder soll ich Bonne wer-
4423 2371 6312 2537 den oder Telefonistin oder den Herrn
4415 2495 6190 2723 Wilomitzeräheiraten oder Ihre Mai-
4465 2695 6263 2861 tresse werden? Es ist alles gleich
4421 2822 6294 3029 ekelhaft. Und ich komm überhaupt gar
4410 2990 6240 3177 nicht mit Ihnen auf die Wiese. Nein,
4423 3102 6253 3343 das istt alles viel zu anstrengend,
4415 3268 6258 3431 und zu dumm und zu widerwärtigl Wenn
4465 3431 6317 3628 ich tot bin, werden sie schon die Cü-
4415 3566 6323 3757 te haben und die paar tausend Gulden
3604 3669 4343 3923 invernehmung
4447 3773 6157 3991 an den Papa abzusenden. Denn es
