3416 4280
1029 357 1210 520 her
2651 380 2835 530 142
988 504 2979 654 niglich. Seine Augen glühen, seine Augendien
1541 621 1655 722 4
1001 662 2863 809 drohen. Merken s die Andern? Nein. Die
1203 768 2059 884 Dr R.M. & M. jn
988 825 2780 1014 hören nur zu. Was für ein schöner
2255 936 2630 1063 Hansove
983 1001 2819 1179 Mensch dort im Fauteuil. Das ist ja
2222 1089 2428 1200 an
985 1110 2801 1301 der Filou -Ist er wieder da -er war
965 1293 2897 1430 nur auf einer Tour.Was für ein Glück
2951 1249 3116 1435 der
1045 1389 2855 1497 Ruverhorl it wiecle da! Mei Bants, - : -
2966 1404 3158 1539 -sile
965 1435 2855 1627 Ha,Herr von Dorsday,haben Sie was be¬
2946 1526 3132 1627 1.7
957 1596 2891 1764 merkt? Sie sehen mich an, als wenn ich
2941 1593 3083 1717 Pr
975 1748 2842 1932 Ihre oklavin wäre - Fünfzigtausend -
975 1865 2972 2041 Verstehen sie,in meinem Blick zu lesen?
1407 2004 2946 2136 Ick to see a binne Ahurke
941 1991 2816 2235 Main Blick fragt,ob es dabei bleibt.
947 2185 2809 2356 Ich lächle sogas ein klein wenig.Ja,
944 2372 2780 2475 er hat meinen Blick verstanden.Sein
1332 2452 3098 2550 könne? Sie beiträge sagt ich will doct nacht ich
941 2527 2741 2643 Aug sagt j.a.Nunndu Schuft,du sollst
941 2563 3023 2708 inlich nicht verstatten u. seit die!
941 2679 2772 2858 deinen Willen haben. Es rieseltdurch
926 2816 2762 3008 meine Haut. Wie köstlich riegelt es
941 2953 2933 3160 durch meine Haut. Wie wundervoll ist es
1699 3067 2097 3171 tribs me
921 3129 2853 3305 nackt zu sein. Sie spielt weiter.Sie
926 3266 2770 3437 spürt nicht, was hier geschehen ist.
957 3396 2516 3486 not in manse it... Noull shet at
916 3424 2858 3623 DDorsday reisst die Augen auf wie ein
