3400 4280
2596 332 2804 460 140
1138 361 2495 577 Kosten Neue. Stadt.
520 473 621 589 1
1007 490 2886 700 Abend.Herr von Dorsday ist nicht da.
2284 589 2495 718 F.T
1010 624 2804 856 Viktoria! Gerettet! Wieso denn: ich
465 713 849 995 geht.
1000 782 2859 1032 muss weiter suchen. Ich bin verdammt
460 906 740 1099 v.
1020 926 2980 1166 ihn weiter zu suchen. Er sucht mich ge
1035 1074 3027 1334 wiss auch. Wir verfehlen uns immerfort.
1040 1257 2886 1480 Vielleicht sucht er mich auf meinem
1037 1408 2985 1631 Zimmer. Die Holländer sehen
1280 1502 3180 1648 He alte Heer hil ein Bütli... xxx Töchte ist schon
1106 1574 3047 1772 mich wieder an. Fünfzigtausend, fünfeig
2017 1671 2406 1775 Cameril.
1230 1705 1646 1809 nicht zur
1054 1732 2953 1933 tausend. Schumann.. Es muss ein neuer
1077 1891 2963 2094 Gast sein. Vielleicht ist es eine Vir
1067 1958 3059 2262 tuosin.Schumann - Carneval. den hablich
1896 2089 3208 2220 eine Blick in den kundigen
1079 2193 2913 2386 auch studdert. Ich will hineinsehen
1928 2284 2480 2398 -h:-:-
1099 2322 2982 2520 vom Gang aus - Dorsday  Dort Steht er
2237 2450 2354 2534 dr
644 2381 1049 2606 wiese.
1091 2465 2928 2671 am Fenster und hört zu. Wie ist das
2586 2544 3005 2656 –   —. ... 4
1079 2626 2982 2846 möglich? Ich verzehre mich und fiebe
1104 2772 3052 3007 re und er hört dieser fremden Dame zu
1104 2906 2975 3131 Klavier spielen. Und Wort auf demDi¬
1119 3057 3081 3294 van/zwei merren Der eine ist erst heu-
1406 3104 1572 3195 wenn
1200 3188 2594 3329 S'l de l'ître, au clue traiteur deux sept
1173 3252 3054 3472 te angekommen.Carneval..Die Dame ist
1114 3406 2930 3609 nicht mehr jung. Sie ist schon ein
1141 3542 2923 3764 paar Tage lang hier. Ich habe nicht
1742 3854 2831 4027 Lohn im Hotel. Morgen
