6696 4312
822 685 2874 849 Unglücksfall.Guten Tag,Herr Dorsday,Sie
4111 682 6272 874 mich allein. Da stehe ich lieber auf und
5545 827 6010 944 Ah nun sei,
824 836 2972 1030 erweisen der kleinen Else auch die letzte
4164 866 6163 1036 schau zum Fenster hinaus. Da ist ja ein
822 994 2938 1139 Ehre? Warum sagt die alte Frau die, kleine
4122 1011 6130 1217 grosser See.Hundert Schiffe.Die Wellen
1685 1086 3289 1234 univeel Herr Loorn., ich nicht ihn die letzte Chil
3077 1159 3309 1315 erveer
855 1181 2949 1351 Else? Natürlich, ich habe ihr ja auch die
4119 1147 6263 1362 glitzern.Regatta,die Herren haben alle Ru
816 1326 2997 1459 erste Schande erwiesen. Aber es war der Mü-
4116 1301 6219 1515 derleibchen, die Damen haben Schwimmkostü
797 1482 2910 1649 he wert. Ich habe noch nie einen so schö¬
4152 1493 6158 1657 me.Das ist unanständig.Sie bilden sich
886 1632 2991 1755 nen wörper gesehen. Es hat mich nur dreis-
4164 1624 6222 1794 ein, ich bin nackt. Wie dumm sie sind. Ich
813 1791 2924 1913 sig Millionen gekostet. Ein Rubens kostet
4105 1763 6314 1966 habe ja schwarze Trauerkleider an,weil ich
797 1941 3036 2078 dreimal so viel,Herr Marineleutnant, Mit Ha-
4164 1933 6302 2142 tot bin. Ich werde es Euch beweisen. Ich le-
816 2119 2966 2273 schisch hat sie sich vergiftet. Sie wollte
6055 2139 6238 2309 „ma!
4164 2086 5862 2292 ge mich wieder auf die Bahre. Oh
808 2247 2986 2392 nur schöne Visionen haben, aber sie hat zu
4113 2228 5773 2440 hat sie davongetragen,unterschlä
858 2376 3008 2540 viel genommen und ist gestorben. Herr von
4116 2387 5807 2579 ist der Papa im Zuchthaus und si
797 2548 2632 2727 Dorsday hat ein rotes Monocle und e
4172 2532 5871 2760 doch freigesprochen auf drei Jahr
797 2690 2757 2880 winkt mit dem Taschetuch.Wem winkt er
4116 2690 5871 2880 Geschworenen sind alle bestochen
849 2860 2977 3030 denn? Die Mama kommt die Treppe herunter
4172 2838 5957 3050 Ich werde zu Fuss auf den Friedhof
791 2994 2974 3172 und küsst ihm die Hand.Pfui,pfui.Was flüs-
4136 2988 5974 3233 Da erspart die Mama das Begräbnis.W
780 3161 2997 3325 tern sie denn miteinander? Ich kann nichts
4122 3178 5687 3336 müssen uns einschränken. Aber i
5757 3197 6169 3389 gehe s
833 3303 2849 3504 verstehen, weil ich aufgebahrt bin. Der
4116 3297 6060 3512 schnell,dass mir keiner nachkommt. Wie
493 3467 2718 3623 Kranz um meine Stirn ist von Paul.Die
5665 3470 6233 3659 trassen und
4122 3459 5589 3676 alle stehen bleiben auf den
5503 3601 5726 3710 lieber
749 3604 2824 3774 Schleifen fallen bis auf den Boden.Kein
4183 3620 6311 3896 sich wundern.Da gehe ich/über die Felder,
746 3771 2830 3983 Mensch traut sich ins Zimmer.Sie lassen
