6648 4296
2736 384 2891 619 44
826 630 2946 845 sage nichts von Papa. Kein Wort.Erst nach
4023 643 5511 942 nicht, dass die Luft wie Champ
5580 757 6061 958 gner ist.
845 856 2966 1024 dem Essen.So, jetzt bin ich wieder ruhig.
4020 900 6235 1052 „Nein.Else, das sag jeh erst von zweitausend
867 980 2794 1176 Oder ich reise morgen nach wien.Gehe
4501 1000 5216 1099 Uhr steten mit
4023 1052 4987 1193 Meter an Hier sing
5271 1074 6127 1254 sechzahnhundert
853 1077 2957 1306 persönlich zu Dokter Fiala.Warum ist mir
4435 1146 5456 1303 Ube den heeresseel.
4018 1212 6072 1419 fünfzig, „Macht das einen solchen Unter
873 1256 2908 1441 das nicht gleich eingefallen? Ich wende
4007 1339 6047 1491 sched" „Aber selbstverständlich.Waren
859 1414 2764 1599 mich um, als wüsst ich nicht war. -äh,
4219 1458 4443 1563 schon
5611 1461 5810 1557 men
4012 1530 6039 1712 sie einmal in Engadin?" „Im Engadin wer
853 1527 2949 1720 Herr von Dorsday,guten Abend.“ „Sie woll
4012 1682 6039 1875 ich noch nie. „Ich war im vorigen Jahr
848 1684 2996 1908 ten noch ins Foeie, Fräulein Else?“ „Woll.
4007 1831 6216 1980 zuletzt dort. „Also dort ist die Luft wie
862 1850 2979 2013 te ich eigentlich? Ich glaube fast.Es ist
5614 1919 5920 2046 A. W.
845 1980 3043 2162 noch Zeit bis zum Diner. „Noch eine Stun
4007 2007 6185 2187 Champagneri. „Ja. Aber ich liebe Champagner
4266 2076 4484 2190 Ain
4007 2148 6191 2339 nicht besonders. Ich ziehe diese Gegend vor
856 2165 2805 2314 de beinahe. „So?Da werd ich wirklich
862 2339 3040 2496 noch ein wenig auf und ab gehen. Auf Wie¬
4007 2286 6075 2499 Schon wegen der wundervollen Wälder. We
4012 2438 5970 2620 langweilig er ist,merkt er das nicht?
859 2463 2919 2651 dersehen, Herr von Dorsday. -Darf ich
3993 2585 6066 2805 pr weiss offenbar nicht, was er mit mir r
881 2626 2811 2783 „Wenn ich um den Vorzug bitten dürfte
4001 2709 6152 2952 den soll.Mit einer verheirateten Frau wäre
867 2792 3035 2927 mich Ihnen bei dieser Auf und Ab ein wenig
3990 2880 6050 3104 es einfacher.Da sagt man eine kleine Un
884 2921 3104 3071 anzuschliessen...? „Bitte,gern.“ Da stehen
4007 3082 6014 3250 anstänligkeit und die Konversation geht
870 3057 3021 3220 wir nun auf dem Plato. Es ist gar nicht
3976 3159 6080 3427 weiter. „Denken Sie noch längere Zeit in
873 3192 3057 3399 so kühl. Blau sind die Berge.Lustig wär's,
3976 3358 6080 3562 Martino zu bleiben,Fräulein Else?“ Idio
864 3402 2946 3545 wenn er plözlich um meine Hand anhielte.
881 3499 2996 3697 „Es gibt doch auf der Welt keinen schöne-
3987 3534 6028 3725 tisch. Warum seh ich ihn jetzt so kokett
4001 3637 6102 3904 von der Seite an? Und er läehelt.Nein,wenn
881 3706 3073 3871 ren Fleck als diesen hier. „Gewiss nicht,
881 3866 2819 4062 Herr von Dorsday,aber bitte sagen Sie
