6664 4312
2783 570 2937 718 34
5912 520 6082 728 35
882 668 2792 936 dürfte wie ich wollte, Fräulein Ense,
4075 747 6221 945 Frorich war vielleicht der einzige,mit dem
882 886 3013 1068 Ja, das möchte Ihnen freilich passen. Wie
4084 911 6208 1109 ich glücklich geworden wäre. Wie schön die
5515 1012 5704 1103 am
895 996 2890 1257 frach und dumm sie sind, ich ich weiss
4065 1075 5965 1257 zwei Abende hintereinander/bei Knier
882 1197 2836 1377 nicht einmal seinen Namen mehr. Tizian
4075 1235 6167 1421 und dann auf dem Künstlerball. Warum ist
5997 1283 6325 1412 für wich
882 1327 2924 1532 hat er keineswegs gehe is sen, also war es
4068 1393 6202 1579 er plötzlich verschwunden, wenigstens mir?
889 1503 2846 1645 eine Frechheit-Eben erhalte ich einen
4075 1547 6199 1686 Hat er plötzlich Angst bekommen? Oder war
895 1639 2934 1815 Brief,Herr von Dorsday— Noch etwas Pu¬
4068 1680 6126 1859 es wegen Papa? Ich möchte eine Gruss in
889 1803 3041 1954 der auf Nacken und Hals und einen Tropfen
4075 1847 6230 1992 die Luft hinausrufen. ehe ich wieder hinab-
901 1966 3032 2121 Vervaine ins Taschentuch. Die vasten zu -
4075 2010 6113 2190 steige unter das Gesindel. Aber zu wem?
889 2114 2890 2272 sperren. Das meister auf - Wie wunder
4075 2159 6025 2348 Ich bin ja ganz allein. Ich bin ja so
901 2269 2956 2414 wunder - wunderbar. Zum Weinen. Ich bin
4068 2316 6148 2480 furchtbar allein wie es sich gar niemand
904 2404 3003 2612 sentimental,joh bin nervös. Ach,soll man
4075 2458 6199 2619 vorstellen kann. Sei gegrüsst,mein Gelier-
908 2593 3006 2713 nicht unter solchen Umständen - Das Ve-
4075 2603 5987 2776 ter! Wer? wer? Wer? Sei gegrüsst,mein
2335 2660 3135 2760 Henden.. Woutesden
4431 2688 6476 2846 Seigepubr. wenn Freude auch die dort: Aber kein Wie¬
933 2742 3038 2871 ronal hab ich zwischen den Händen. Jagde,
4062 2751 6221 2928 Bräutigam! Wer? Wer? So, das Fenster bleibt
488 2861 3022 2943 Auch neue Heinigke h middels s. Sie wird wieder eines Affaires Herrn
2007 2896 3038 3041 kains. Unheimlieh,
926 2921 1541 3060 ist es. Aber
4056 2924 6088 3113 offen. Mag es kühl werden. So,das Licht
920 3035 2915 3227 riesig der Cimone, als wenn er auf mich
4049 3063 6142 3265 abgedreht, den Brief - ja, ich muss ihn zu
908 3192 3006 3362 fallen wollte. Noch kein Stern, auch noch
4049 3249 6041 3400 mir nehmen. Das Buch aufs Nachtkastel,
908 3328 3028 3510 nicht Nacht.Die Luft wie Champagner. Was
4062 3391 6154 3555 ich lese heut Wacht noch weiter in Notre
898 3482 3095 3674 für ein Duft von den wiesen. Ich werde auf
4062 3545 5972 3703 Coeur - Guten Tag, schönstes Fräulein
914 3640 3095 3813 dem Land leben. Ich will einen Gutsoesitzer
4068 3696 6145 3892 im Spiegel,guten Abend,behalten sie mich
901 3778 2877 3986 heiraten, ich will Kinder haben. Doktor
4062 3860 5691 4084 in gutem Angedenken. So - - -
