6600 4296
1739 510 3078 741 resteggenenkte
776 607 1221 747 des ist
767 664 3007 895 die sind ganz blau— Und die Offiziere stehen
770 794 2850 1061 Spalier. Oeffhen sie das Tor, Herr Matdor,
776 1004 2868 1182 iht bin ja die Tote. Sie müssen mir darum
785 1173 2838 1324 nicht die Hand küssen. Wo ist denn meine
2723 1229 2930 1366 Aber
767 1330 2811 1493 Gruft? Wer hat denn die unterschlagen? Es
427 1437 2808 1686 ist ja gar nicht der Friedhof, es ist ja
2275 1520 2900 1656 mir lieber
824 1635 2897 1789 der Park in "entone.Das ist viel besser.
776 1775 2865 1955 Der Papa wird sich freuen. Vor den Ehlan
773 1911 2773 2118 gen habe ich keine Angst.Wenn mich nur
847 2071 2456 2278 keine in den Fuss beisst, ohweh!
1306 2216 3001 2394 Was ist denn?Habe ich geschlafen?
975 2308 1253 2468 Georgs
847 2361 3010 2568 Oftenbar.Ich muss sogar geträumt haben. Mir
782 2512 2974 2687 ist so kalt in den Füssen. Nein, nur rechts.
1792 2628 2260 2761 im Heumpl
835 2672 2835 2880 Freilich da ist ja am Knöchel auch ein
835 2817 3001 3022 kleiner Riss.Warum sitze ich denn noch im
782 2992 2968 3182 Wald.Es muss ja längst geläutet haben zum
818 3170 1496 3357 Diner. Diner.
1372 3279 2948 3484 O Gott, o Gott,wo war ich denn?
782 3395 2856 3647 So weit war ich fort.Sicher habe ich ge-
830 3608 2906 3807 träumt. Ich glaube, ich war schon tot.Und
824 3786 3007 3908 keine Sorgen habe ich gehabt und mir nicht
788 3916 2971 4062 den -opf zerbrechen müssen. Dreissigtausend,
5721 604 5878 773 87
3970 649 5984 987 dreissigtausend! Und da sitz ich nunal
3916 945 5878 1123 lein im Wald und es ist beinahe schon
3908 1099 6094 1271 Nacht. Aber durch die Bäume schimmern Lich-
3925 1206 6020 1452 ter vom Hotel her (Es kann höchstens zehn
3925 1404 5969 1591 Minuten weit sein / Aber es ist wirklich
3925 1523 5878 1724 keine Zeit mehr zu verlieren. Herr von
3922 1650 6017 1893 Dorsday erwartet meine Entscheidung.Nun,
4938 1819 5418 1943 leurs égaleurs
3970 1831 6032 2044 Herr von Dorsday,ganz aufrichtig,neßn.
3982 2023 6121 2180 Oder noch besser.Sie haben gescherzt,Herr
3940 2169 5990 2340 Dorsday,selbstverständlich.Er war nicht
3990 2308 6097 2506 sehr vornehm der Scherz, aber ich will Ih
5664 2414 6052 2521 morn sine
3988 2497 6076 2648 nen verzeihen. Ich telegraphiere/an Papa
3952 2634 6049 2800 dass das Geld pünktlich in Fialis Händen
3949 2764 6123 2960 sein wird. Köstlicher Einfall.Da kann er ja
3993 2939 6044 3114 nichts machen.Da muss er das Geld ja an
3964 3045 5984 3268 pialia abschicken.Muss? Muss er? Wirk -
3946 3247 5955 3425 lich? Er muss? Er, muss nicht. E ist gar
4008 3315 6058 3588 nicht so sic her. Und wenn schon.Es würde
3964 3511 5961 3718 sich rächen irgendwie. Und auch wenn er
4017 3676 5978 3866 sich nicht rächte, es könnte nicht gut
3976 3822 6156 4065 ausgehen. Er würde es vielleicht so machan,
