8120 4920
1225 827 1936 1062 Tullia (komt.)
1373 1012 2456 1225 Tullia Nun, nun?
2200 1134 2818 1347 Ihr wünschl?
1239 1160 1803 1351 Claudins.
1207 1311 2547 1557 Tullia. Wie fragt ihr so?!
1915 1423 3612 1716 Nun, einer Gatte seig 2 sich, -
1286 1474 1727 1694 Claudins
1232 1593 3490 1868 Doch zweifl ich, daß der Sönig unsere Wünsche
1232 1770 3006 2048 Geneigten Ohres gelten lassen wird.
69 1853 943 1998 Mit dem „gelten lassen“ ists nicht abge¬
155 1947 957 2063 u. u. lässtehil Wunsche geällt
1232 1929 3808 2196 Sullia. Sagtoffen - ihts auch sehr darum zu thun,
163 2023 694 2149 willfährt ihrem nicht
1210 2095 2605 2355 daß Serviub auch gehorcht?
350 2142 892 2298 Vom Geporchen
76 2182 361 2316 wie früher
72 2276 365 2363 kann nur
343 2258 506 2345 könne
495 2251 849 2406 Befehle
94 2319 517 2417 die Rede sein
2438 2243 3316 2493 schagt auch schon.
1246 2272 1788 2471 Claudnis
1257 2417 3251 2641 Ichstehe da als des Senats Gesandter
224 2449 473 2576 will ihr nur
802 2449 997 2623 rehende
220 2540 473 2634 verghzer
426 2550 903 2673 ay mit dem Arnd u.
159 2605 437 2684 Bewegen
177 2637 954 2746 zührt eifrig fort, erfreut sie
1232 2561 2883 2767 Und bin nichts andres als Vortei¬
148 2702 892 2818 weit gekommen zu sein.
2684 2706 2944 2843 (sd a fus)
585 2764 957 2876 ich, daß
123 2771 499 2894 hiebei bannet
585 2814 1012 2912 einzunehmen
123 2843 502 2930 Du, viel zu gar
2634 2738 3258 2966 Ich bitt auch,
1246 2760 1622 2923 Sullia.
152 2865 1044 2980 stellen Rücksicht darauf nimt.
553 2944 1084 3049 dem Schauspfélen
134 2966 307 3049 durch H.
293 2966 567 3100 Gentheilen
553 2991 1058 3103 und Ansicht über
1275 2886 3493 3136 Sprecht einige Wort's als Claudius zu nur —
130 3031 311 3100 Chènes
152 3067 1033 3175 die jeweilige Situation, den
116 3139 954 3222 Sir der Reve, die Haltung
123 3190 954 3284 der Personen hinzustellen
1402 3063 3721 3327 Ich glaub' eins. zu durchschaun und euer Wesen
130 3233 1022 3345 Wenn ein Lewinsky den Clandini
112 3316 990 3407 spielen wird (vais so weit)
1232 3237 2247 3490 Verstehe zu können.
112 3352 1033 3472 mit deinem Grauen aber wird
98 3443 1044 3522 sich wol ohne Deine Andeu¬
1203 3385 3551 3685 Claudius. Gault ihrs wirklich! Um¬
123 3493 1069 3612 tungen auch schon auschtfinden
98 3547 1058 3674 wenngleich es an bei schwieri.
112 3612 1037 3746 Gereu Situationen, die mehr¬
1250 3558 3829 3818 Ich nie so gestehe, ich habe ich früher durchschaut
101 3674 1051 3822 fach ausgelegt werden können,
116 3746 1044 3855 auch dem Genie zu Gute komt
116 3804 1022 3923 die Ansicht des Verlassers,
1246 3717 3829 3927 Undeures Wesen kern erkant, als ihr geglaubt
123 3869 1012 4006 zu hören, die ich ja nicht
123 3930 712 4028 bindet, nur leikt!
748 3945 1026 4057 id dein
1210 3883 3685 4169 Mich zu diesschaun und ganz mich zu verstehn.
108 3999 676 4079 Aber vielleicht
69 4050 676 4158 „ Tarquinius" so by
134 4089 903 4190 die Rombas und auf allen
134 4068 1127 4252 ciol-Bühnen, bei allen wundern
1217 4064 3952 4295 - Ihr siebt Jarquium und das Heerschen liebt ihr
94 4183 1066 4335 den Schauspielertrappen in das
105 4248 1109 4396 ständige Repertoire aufgenommen,
1210 4227 3389 4508 Voll dieser mächtigen Gefühle findet
87 4328 1127 4433 da wird es wol Charakarder¬
79 4393 1022 4534 steller genug geben, die nicht
87 4440 1142 4584 wissen, wie sie diesen wagrochten
1217 4404 3139 4628 Om ruhigen gewohnten Sein die Brust
94 4537 1087 4649 Strich mitten an Verse auslegen.
87 4613 1069 4743 sollen, nicht wissen, wenn sie
3967 928 6369 1181 des Weibes keinen Raum. Ihr strebt sieums,
4042 1062 6217 1290 Ihr ringet nach Erhüllung - nun, sie soll
4050 1228 6448 1470 Euch werden. Nun wie ihr Terminius liebt,
4024 1376 6322 1640 So liebt er euch, und wenn er König wird,
4071 1557 6456 1763 So soll auch nichts im Wege stehe, euch Raus
4021 1709 6181 1922 Allmächtige Königin zu heißen. Was
4024 1871 6528 2128 Ihr liebt, sollt ihr besitzen; - wie den Man,
4053 2034 5094 2301 B auch das Reich.
4953 2175 6383 2420 Oh, - ich versteh' mich nicht -
4064 2214 4480 2424 Tullia,
3977 2341 6853 2605 Clandius. Wolle ihrs noch klarer? So versteht den das:
4035 2511 6279 2774 Erfüllen soll sich alles, was ihr wünscht,
4042 2680 6477 2941 Erfüllen selbst, was euch kaum glaublich scheint,
4082 2854 6398 3107 Was Hoffnung war, es werde Wirklichkeit.
4071 3016 6051 3212 Ich stehe da in des Senates Namen.
4075 3146 6531 3414 Er baut auf euch - unsichtbar wirkliche schon
4057 3360 6333 3616 Als herrhende Gewalt in unsrer Mitte,
4057 3482 6683 3761 Heil wünscht er auch, er beugt sich euerm Willen¬
4111 3670 6055 3934 Und also gruss ich Romas königen
4281 3840 6896 4053 (Er senkt sein Haupt und beugt ein knie vor Tullia.)
4075 3995 6976 4266 Tullia. Ha - Königin -! Verstellung, fahre hin.
4111 4190 6145 4440 Ja, unsre Ziele sind diegleichen, wenn
4140 4331 6347 4613 Auch andre Mächte unsre Seele treiben:
7026 574 7846 704 erkannt haben, dass er aus
7001 661 7846 755 Tause bedeute, wil sie die
6990 722 7846 827 ausfüllen sollen; in der
6990 766 7886 881 Klammer steht, weil die Tullia sich
6965 824 7879 961 seinen Worten gegenüber bewirkt.
6961 874 7904 1008 er wehrt, da sie ihn unterbreschen
6983 954 7846 1066 will, ihre Unterbrechung
6976 1012 7857 1127 durch eine Bewegung
6976 1066 7886 1192 mit dem Arme ab - Claudin,
6983 1138 7890 1254 ist erfreut, nicht minder,
6983 1192 7875 1290 halten über diesen Tinger¬
6972 1261 7854 1358 Leng und die Menschheit ist
6976 1304 7843 1445 gerettet. – Spass bei Seite:
6972 1366 7882 1517 Der Mangel musa gut günache,
7604 1423 7882 1510 a schreibst
7030 1456 7211 1546 erden.
7348 1474 7817 1568 auch für die Be¬
7030 1503 7286 1590 am dem Dni¬
6983 1532 7821 1633 mehr für die Böhne als für
6961 1590 7854 1748 die Lectüre, also...
7106 3212 7575 3475 Ich glaube in
