8084 4856
937 777 3331 1043 Die Zukunft sein wird, war das Götterzensen.
887 979 3566 1277 Fabius. Soweis ich mehr denn, als der Augus selbst 3
193 1061 584 1273 kürzer:
152 1153 3060 1401 elinias, ich weiß auch Ihr wißt nur eines: Daß Verderben nahts
202 1360 363 1438 G.H.P.
106 1319 3239 1636 xx Gabinius, ich weiß wahr als ihr! Schweiß,
919 1480 3313 1769 Welch ein Verderben über Rom heranzieht.
92 1571 744 1806 2) aber weiß auch,
951 1663 2955 1939 Und bin gewiss, wo es geboren wäre:
175 1677 859 1884 welch Verderben nicht
790 1764 3621 2095 wie Gabinius. Ihr mißt gewisses, wo ich selbst unsahne:
901 2003 3138 2256 Und wo ich fürchte, was im Dunkeln liegt,
887 2141 3354 2426 Seid ihr schon sicher, was wir fürchten müssen
2270 2288 2610 2440 Schleune,
914 2325 2982 2573 Herr käme selbst des Augurs Profezeihung
129 2288 809 2555 für kein der Augurs schlimme.
124 2490 901 2633 Dem jede Prophezeihung, die¬
119 2445 3046 2771 kommt, kommt nie zu hoch zug. die stets nur allzuführ komnt, zu spät?
868 2633 3350 2904 Fabius. Wir brauchen keiner Profeihung mehr!)
106 2661 804 2936 nicht bedarfs der
147 2831 3460 3033 Erscheinungen hört nur. - Camill (ihr kennt ja den Senator
905 2973 3102 3253 Den edeln, treuen, wohlgesinnten Bürger,
928 3134 3092 3405 Camiltus brachte mir vorwern' gen' Stunden
928 3313 3258 3566 Aus dem Senat gar schlimmer Unruhn kunde.
970 3474 2748 3754 Seit ein’gen Tagen — so erzählt er mir
965 3644 2688 3887 bereite sich im römischen Senate
983 3809 2821 4062 Seltsames vor; er selbst — uneingeweiht,
873 3947 2766 4246 Inmitten einer rankwollen Schaar,
965 4108 3455 4416 Von Eingewichten, steh' mit wenigen andern
6791 891 7577 1117 Umwissend heißt nicht ohne Hof
4053 836 6254 1158 Vereinsamt da, - jedoch umwissend nicht
6805 1052 7338 1218 Geschrihmkeit.
4090 1066 5969 1319 Er weiss, wovon die Senatoren Flüstere,
4080 1213 5914 1493 Und was sie in geheimen Bund vereint.
4067 1401 5914 1663 Man räumt sich zu von Unzufriedenheit
3993 1549 6226 1751 Böswillgen känen, die im Keinen wären,
4053 1723 6833 1934 Ja selbst von Aufruhr -! - Ihr erschreckt. Gabnius -
4007 1870 6654 2155 Gabinius. Begreih ichurch? Böbwillige Släne, sagt ihr!
4067 2049 6589 2320 Trag' ich noch weiter? - Gegen wen? - doch nicht -:
4030 2219 5803 2477 Nein nein, ich kanns nicht glauben
6764 2316 7683 2573 De Vorbereitung für das folgende fehllen
4016 2385 4388 2564 Fabius
5367 2380 6337 2642 Glaubts getroft.
6791 2536 7687 2679 Sinn etwa? Denn es ist dahin gekommen,
4053 2546 6093 2739 Sie schmieden Pläne gegen u üsere König
4062 2702 6493 2964 Und stiften Aufruhr an dem großen Rom:
4080 2863 6837 3092 Gabinus. In unsere Rom  Verdammenswerte Brüger
4039 3037 6130 3318 Ist ihnen nicht des Königs hohe Würde,
4002 3207 6263 3478 des Greisen weißes Haupt, der edle Sin¬
4030 3359 6626 3653 Die Menschlichkeit des größen Herrschers heilig!
6851 3382 7733 3602 Wir haben uns beide an diesem Fl.
6851 3570 7743 3662 gestorben, nun aber hat erste Schrei¬
4039 3538 7724 3740 Fabius. Sie treten selbst das Heiligste im Füßen. xxx veranlaßet. An damals
7214 3694 7655 3814 aber soll gebracht sein.
6847 3690 7026 3851 was free
7228 3754 7729 3860 Uhr Rechtskomershausen
7223 3782 7743 3947 Francat Rechanschaft auf
3975 3717 6419 3975 Gabinius. Noch fass ichs nicht. Wie Servius den Hofs
6828 3814 7141 3901 keiten sich allein,
6847 3869 7605 3956 und unbeschränkt - -
6833 3933 7733 4011 Der schönen Menschlichkeit gehö¬
6847 3988 7628 4071 An anderer Stelle, sagt der Ker¬
4011 3883 6006 4149 Der Unglückselgen zu erregen wußte.
6870 3993 7761 4145 Demetrius, da er im väterlich rät, von
6865 4080 7504 4168 Mitter Marfa zu ehren:
6870 4122 7697 4232 kein besseres Band für eure Menschliche
4044 4048 6359 4278 Wer könnt’ auch das Unglaubliche verstehn?
6879 4200 7687 4278 Ilet euer Volk, als eine Kindesließe
6879 4246 7164 4319 Ich wäre daß
7407 4246 7660 4324 verwelffen.
7407 4292 7660 4361 vom Kisau
6879 4283 7168 4384 des Adj. 9
4048 4223 6121 4489 Hat er sie je durch xyz that verletzt?
6860 4351 7660 4453 a. schossen von Meutschlichkeit zu
5137 4361 5670 4554 (arges Feud)
6470 4379 7205 4577 Arth. Schnitzler, Sargner
4811 4512 5762 4650 wünsche, wieder er
