<?xml version="1.0" encoding="UTF-8" standalone="yes"?>
<PcGts xmlns="http://schema.primaresearch.org/PAGE/gts/pagecontent/2013-07-15" xmlns:xsi="http://www.w3.org/2001/XMLSchema-instance" xsi:schemaLocation="http://schema.primaresearch.org/PAGE/gts/pagecontent/2013-07-15 http://schema.primaresearch.org/PAGE/gts/pagecontent/2013-07-15/pagecontent.xsd">
    <Metadata>
        <Creator>prov=READ-COOP:name=TrHtr:version=2.1.0:model_id=51170:date=28_07_2023_16:59</Creator>
        <Created>2023-05-10T11:38:58.732+02:00</Created>
        <LastChange>2023-07-28T16:59:59.704+02:00</LastChange>
        <TranskribusMetadata docId="1428168" pageId="55389380" pageNr="11" tsid="131365691" status="IN_PROGRESS" userId="64420" imgUrl="https://files.transkribus.eu/Get?id=LNCMVKZLEUYJHYYVEHAESHBB&amp;fileType=view" xmlUrl="https://files.transkribus.eu/Get?id=UPQWCWYCWOZRMKMQYFNYZCFR" imageId="44664269"/>
    </Metadata>
    <Page imageFilename="1428168_0011.jpg" imageWidth="8088" imageHeight="4936">
        <ReadingOrder>
            <OrderedGroup id="ro_1711818149313" caption="Regions reading order">
                <RegionRefIndexed index="0" regionRef="tr_1"/>
            </OrderedGroup>
        </ReadingOrder>
        <TextRegion id="tr_1" custom="readingOrder {index:0;}">
            <Coords points="226,678 7944,678 7944,4593 226,4593"/>
            <TextLine id="tr_1_tl_1" custom="readingOrder {index:0;}">
                <Coords points="6708,760 6809,760 6882,840 6927,823 6969,847 7039,837 7185,743 7237,757 7314,732 7318,641 7241,624 7213,652 7067,655 7011,624 6885,648 6833,634 6795,659 6711,648"/>
                <Baseline points="6726,734 6786,740 6875,746 6965,746 7054,746 7144,734 7233,734 7323,728"/>
                <TextEquiv>
                    <Unicode>Übhaft ziele!</Unicode>
                </TextEquiv>
            </TextLine>
            <TextLine id="tr_1_tl_2" custom="readingOrder {index:1;}">
                <Coords points="5815,987 6366,892 6718,959 7084,872 7795,858 7868,837 7872,722 7645,812 7440,753 6969,844 6575,722 6282,795 6087,718 5822,823"/>
                <Baseline points="5837,895 5908,895 5998,895 6087,895 6177,895 6266,889 6356,889 6446,883 6535,883 6625,877 6714,865 6804,871 6893,883 6983,877 7072,859 7162,859 7251,865 7341,853 7430,853 7520,847 7609,847 7699,835 7788,823 7878,817"/>
                <TextEquiv>
                    <Unicode>Ich kenne deinen Hase. Das wird Plau schon an u. für</Unicode>
                </TextEquiv>
            </TextLine>
            <TextLine id="tr_1_tl_3" custom="readingOrder {index:2;}">
                <Coords points="6997,945 7415,948 7513,917 7621,941 7757,906 7848,945 7903,931 7907,840 7551,879 7478,854 7419,882 7339,847 7286,892 7000,889"/>
                <Baseline points="7019,919 7108,919 7198,919 7287,919 7377,913 7466,907 7556,907 7645,901 7735,889 7824,877 7914,877"/>
                <TextEquiv>
                    <Unicode>sich sehr prosaisch wird viel zu</Unicode>
                </TextEquiv>
            </TextLine>
            <TextLine id="tr_1_tl_4" custom="readingOrder {index:3;}">
                <Coords points="4082,1004 4340,969 4560,1011 4891,952 4957,1014 5282,924 5449,959 5473,753 4888,847 4598,781 4487,851 4232,777 4086,816"/>
                <Baseline points="4106,913 4136,919 4225,919 4315,919 4404,919 4494,913 4583,913 4673,907 4762,913 4852,907 4941,901 5031,907 5121,907 5210,901 5300,895 5389,889 5479,895"/>
                <TextEquiv>
                    <Unicode>Fabius (noch nachsehend)</Unicode>
                </TextEquiv>
            </TextLine>
            <TextLine id="tr_1_tl_5" custom="readingOrder {index:4;}">
                <Coords points="1133,1042 2297,1011 2458,1102 2632,976 3441,1014 3556,962 3559,805 1576,906 1137,823"/>
                <Baseline points="1151,984 1235,990 1325,990 1414,990 1504,990 1593,990 1683,990 1772,990 1862,984 1951,984 2041,984 2130,978 2220,978 2309,978 2399,972 2488,972 2578,966 2667,966 2757,966 2847,960 2936,960 3026,960 3115,954 3205,954 3294,943 3384,937 3473,937 3563,931"/>
                <TextEquiv>
                    <Unicode>Und in den Armen des geliebten Weibes,</Unicode>
                </TextEquiv>
            </TextLine>
            <TextLine id="tr_1_tl_6" custom="readingOrder {index:5;}">
                <Coords points="7014,1039 7157,1021 7199,994 7230,1018 7276,983 7370,980 7398,1001 7429,976 7527,1004 7583,980 7583,934 7520,917 7415,945 7380,927 7363,945 7018,941"/>
                <Baseline points="7036,984 7054,984 7144,978 7233,972 7323,972 7412,966 7502,966 7592,972"/>
                <TextEquiv>
                    <Unicode>oft angewendet.</Unicode>
                </TextEquiv>
            </TextLine>
            <TextLine id="tr_1_tl_7" custom="readingOrder {index:6;}">
                <Coords points="6589,1081 7161,1046 7377,1095 7433,1042 7572,1081 7736,1014 7809,1077 7861,1056 7868,941 7753,962 7673,913 7565,1001 7356,976 7119,1025 6854,934 6592,938"/>
                <Baseline points="6607,1056 6619,1056 6708,1050 6798,1050 6887,1050 6977,1044 7066,1050 7156,1044 7245,1032 7335,1032 7424,1026 7514,1026 7603,1020 7693,1014 7783,1008 7872,1002"/>
                <TextEquiv>
                    <Unicode>ist Lenator auch einschimpf</Unicode>
                </TextEquiv>
            </TextLine>
            <TextLine id="tr_1_tl_8" custom="readingOrder {index:7;}">
                <Coords points="4117,1091 4358,1088 4494,1175 5278,1070 6118,1102 6157,966 6014,938 5899,1028 5801,934 5275,927 4968,1014 4888,952 4804,1014 4271,969 4117,1028"/>
                <Baseline points="4136,1068 4195,1062 4285,1068 4374,1068 4464,1074 4554,1068 4643,1068 4733,1068 4822,1068 4912,1068 5001,1068 5091,1068 5180,1062 5270,1056 5359,1056 5449,1056 5538,1056 5628,1056 5717,1056 5807,1056 5896,1056 5986,1056 6075,1050 6165,1044"/>
                <TextEquiv>
                    <Unicode>Abtränger Bürger und Senates Koms.</Unicode>
                </TextEquiv>
            </TextLine>
            <TextLine id="tr_1_tl_9" custom="readingOrder {index:8;}">
                <Coords points="6892,1161 7025,1116 7154,1161 7255,1119 7311,1147 7565,1105 7767,1119 7767,1021 7544,1070 7433,1046 7387,1088 7154,1046 7084,1081 6990,1063 6896,1091"/>
                <Baseline points="6911,1128 6971,1122 7060,1110 7150,1110 7239,1110 7329,1116 7418,1110 7508,1104 7597,1098 7687,1092 7777,1092"/>
                <TextEquiv>
                    <Unicode>weil es neben ab¬</Unicode>
                </TextEquiv>
            </TextLine>
            <TextLine id="tr_1_tl_10" custom="readingOrder {index:9;}">
                <Coords points="1032,1192 1311,1262 1970,1147 2155,1266 2346,1262 2569,1137 2942,1175 3019,1028 2587,994 2454,1105 2210,1008 1938,1077 1750,1008 1600,1088 1245,1021 1032,1081"/>
                <Baseline points="1050,1163 1139,1157 1229,1157 1319,1157 1408,1157 1498,1157 1587,1157 1677,1157 1766,1151 1856,1151 1945,1145 2035,1145 2124,1145 2214,1139 2303,1139 2393,1139 2482,1134 2572,1128 2661,1128 2751,1128 2841,1128 2930,1116 3020,1122"/>
                <TextEquiv>
                    <Unicode>Von ihrer Kasse Gutenhauf bethört</Unicode>
                </TextEquiv>
            </TextLine>
            <TextLine id="tr_1_tl_11" custom="readingOrder {index:10;}">
                <Coords points="6927,1206 7122,1297 7359,1217 7583,1293 7837,1248 7844,1077 7750,1123 7729,1098 7311,1147 7258,1123 7157,1164 7039,1116 6931,1140"/>
                <Baseline points="6947,1193 6953,1199 7042,1193 7132,1199 7221,1193 7311,1193 7401,1193 7490,1187 7580,1175 7669,1169 7759,1163 7848,1157"/>
                <TextEquiv>
                    <Unicode>trüngen Bürger steht.</Unicode>
                </TextEquiv>
            </TextLine>
            <TextLine id="tr_1_tl_12" custom="readingOrder {index:11;}">
                <Coords points="4114,1300 6523,1279 6770,1217 6774,1102 4117,1157"/>
                <Baseline points="4136,1247 4183,1235 4273,1235 4363,1235 4452,1235 4542,1235 4631,1235 4721,1229 4810,1229 4900,1229 4989,1229 5079,1235 5168,1229 5258,1229 5347,1229 5437,1229 5526,1223 5616,1223 5705,1223 5795,1217 5885,1217 5974,1211 6064,1211 6153,1205 6243,1199 6332,1205 6422,1199 6511,1199 6601,1193 6690,1193 6780,1187"/>
                <TextEquiv>
                    <Unicode>(Vortretend.) O so ist alles wahr, und was ich mir</Unicode>
                </TextEquiv>
            </TextLine>
            <TextLine id="tr_1_tl_13" custom="readingOrder {index:12;}">
                <Coords points="1077,1363 2984,1332 3197,1307 3200,1143 2657,1262 2179,1272 1949,1143 1754,1255 1081,1206"/>
                <Baseline points="1098,1319 1145,1319 1235,1319 1325,1319 1414,1319 1504,1313 1593,1313 1683,1307 1772,1307 1862,1307 1951,1301 2041,1295 2130,1295 2220,1295 2309,1295 2399,1289 2488,1289 2578,1289 2667,1289 2757,1289 2847,1289 2936,1283 3026,1277 3115,1271 3205,1265"/>
                <TextEquiv>
                    <Unicode>Erwachse uns Targuimus zum Geldten</Unicode>
                </TextEquiv>
            </TextLine>
            <TextLine id="tr_1_tl_14" custom="readingOrder {index:13;}">
                <Coords points="213,1342 279,1328 349,1356 380,1332 474,1342 526,1318 551,1339 687,1335 739,1314 743,1224 690,1238 614,1220 572,1241 544,1227 512,1259 474,1245 425,1279 307,1272 258,1227 216,1227"/>
                <Baseline points="232,1319 304,1319 393,1319 483,1319 572,1313 662,1313 752,1295"/>
                <TextEquiv>
                    <Unicode>Wie verstehe ich das</Unicode>
                </TextEquiv>
            </TextLine>
            <TextLine id="tr_1_tl_15" custom="readingOrder {index:14;}">
                <Coords points="4142,1496 4372,1408 4867,1408 5069,1496 5299,1408 6380,1412 6436,1213 5491,1353 5365,1286 4773,1342 4145,1276"/>
                <Baseline points="4160,1390 4201,1396 4291,1396 4380,1402 4470,1402 4559,1402 4649,1396 4739,1396 4828,1396 4918,1396 5007,1396 5097,1396 5186,1390 5276,1396 5365,1390 5455,1390 5544,1390 5634,1390 5723,1384 5813,1384 5902,1378 5992,1378 6081,1378 6171,1372 6261,1366 6350,1366 6440,1360"/>
                <TextEquiv>
                    <Unicode>Zu a lauben kaum getrauen wollte, steht</Unicode>
                </TextEquiv>
            </TextLine>
            <TextLine id="tr_1_tl_16" custom="readingOrder {index:15;}">
                <Coords points="206,1367 499,1394 558,1377 600,1398 687,1367 781,1394 868,1377 868,1272 798,1259 683,1339 530,1321 474,1342 335,1321 314,1342 206,1339"/>
                <Baseline points="226,1366 316,1366 405,1366 495,1366 584,1366 674,1366 763,1366 853,1366 877,1366"/>
                <TextEquiv>
                    <Unicode>In Tallias Armen rück Kilden?</Unicode>
                </TextEquiv>
            </TextLine>
            <TextLine id="tr_1_tl_17" custom="readingOrder {index:16;}">
                <Coords points="1091,1496 1562,1551 1747,1478 2001,1604 2175,1475 2573,1527 2723,1464 2827,1555 3138,1492 3141,1293 2779,1388 2538,1342 2423,1415 2256,1328 2064,1422 1963,1356 1841,1419 1722,1332 1569,1394 1095,1335"/>
                <Baseline points="1110,1480 1181,1480 1271,1474 1360,1474 1450,1474 1539,1474 1629,1474 1718,1474 1808,1474 1898,1468 1987,1462 2077,1462 2166,1462 2256,1456 2345,1456 2435,1456 2524,1450 2614,1450 2703,1450 2793,1444 2882,1438 2972,1438 3061,1432 3151,1432"/>
                <TextEquiv>
                    <Unicode>Und werde reif zu unerhörter That!</Unicode>
                </TextEquiv>
            </TextLine>
            <TextLine id="tr_1_tl_18" custom="readingOrder {index:17;}">
                <Coords points="6212,1478 6265,1489 6307,1468 6341,1489 6390,1461 6460,1489 6547,1496 6596,1468 6634,1503 6669,1503 6669,1415 6596,1394 6565,1408 6498,1356 6453,1374 6432,1363 6376,1415 6355,1394 6317,1415 6286,1391 6212,1388"/>
                <Baseline points="6231,1450 6320,1450 6410,1456 6499,1456 6589,1456 6678,1456 6684,1450"/>
                <TextEquiv>
                    <Unicode>Folicken</Unicode>
                </TextEquiv>
            </TextLine>
            <TextLine id="tr_1_tl_19" custom="readingOrder {index:18;}">
                <Coords points="575,1496 610,1517 628,1513 652,1537 673,1530 690,1548 718,1544 750,1562 767,1548 791,1572 833,1558 837,1381 795,1381 777,1398 767,1388 729,1394 687,1367 648,1394 579,1391"/>
                <Baseline points="596,1492 662,1486 752,1486 841,1480"/>
                <TextEquiv>
                    <Unicode>dafür</Unicode>
                </TextEquiv>
            </TextLine>
            <TextLine id="tr_1_tl_20" custom="readingOrder {index:19;}">
                <Coords points="4086,1614 4389,1583 4574,1666 4755,1579 4891,1659 5386,1565 5839,1635 6157,1530 6568,1572 6603,1499 5989,1412 5446,1415 5337,1506 4752,1422 4553,1506 4375,1408 4086,1534"/>
                <Baseline points="4106,1557 4195,1563 4285,1563 4374,1563 4464,1563 4554,1557 4643,1557 4733,1557 4822,1557 4912,1551 5001,1557 5091,1551 5180,1551 5270,1551 5359,1551 5449,1545 5538,1545 5628,1545 5717,1545 5807,1539 5896,1539 5986,1533 6075,1527 6165,1527 6255,1527 6344,1527 6434,1527 6523,1533 6613,1533"/>
                <TextEquiv>
                    <Unicode>Fest greifbar schon vor den entsetzten Lagen.</Unicode>
                </TextEquiv>
            </TextLine>
            <TextLine id="tr_1_tl_21" custom="readingOrder {index:20;}">
                <Coords points="1049,1649 1590,1740 1827,1635 2134,1701 3155,1604 3295,1705 3821,1618 3824,1468 3179,1447 2827,1555 2622,1457 2175,1475 1945,1597 1816,1496 1541,1579 1053,1478"/>
                <Baseline points="1068,1629 1145,1629 1235,1629 1325,1629 1414,1629 1504,1629 1593,1623 1683,1623 1772,1623 1862,1623 1951,1623 2041,1617 2130,1617 2220,1611 2309,1611 2399,1611 2488,1605 2578,1605 2667,1605 2757,1605 2847,1605 2936,1605 3026,1599 3115,1593 3205,1593 3294,1587 3384,1587 3473,1587 3563,1581 3652,1581 3742,1581 3831,1587"/>
                <TextEquiv>
                    <Unicode>Talossius. Ihr kenk die Macht, die allem Sein gebietet</Unicode>
                </TextEquiv>
            </TextLine>
            <TextLine id="tr_1_tl_22" custom="readingOrder {index:21;}">
                <Coords points="394,1722 429,1722 450,1694 471,1712 492,1694 565,1701 631,1729 889,1715 879,1499 833,1496 798,1534 690,1548 614,1517 547,1569 481,1530 443,1555 387,1555"/>
                <Baseline points="411,1635 501,1629 590,1635 680,1641 769,1641 859,1647 895,1647"/>
                <TextEquiv>
                    <Unicode>hört" schlecht</Unicode>
                </TextEquiv>
            </TextLine>
            <TextLine id="tr_1_tl_23" custom="readingOrder {index:22;}">
                <Coords points="4128,1823 5052,1837 5672,1705 6094,1795 6244,1719 6359,1806 6488,1701 6812,1708 6816,1555 5881,1663 4947,1551 4616,1687 4400,1586 4131,1673"/>
                <Baseline points="4148,1730 4225,1730 4315,1730 4404,1724 4494,1718 4583,1718 4673,1718 4762,1718 4852,1718 4941,1712 5031,1712 5121,1712 5210,1712 5300,1707 5389,1712 5479,1707 5568,1707 5658,1707 5747,1707 5837,1707 5926,1701 6016,1701 6105,1695 6195,1695 6284,1695 6374,1689 6463,1683 6553,1677 6643,1677 6732,1671 6822,1665"/>
                <TextEquiv>
                    <Unicode>Gabinius (kommt schnell) Nun nun, erführt ihr neues?</Unicode>
                </TextEquiv>
            </TextLine>
            <TextLine id="tr_1_tl_24" custom="readingOrder {index:23;}">
                <Coords points="1116,1837 2182,1813 2353,1897 2779,1771 2946,1858 3204,1771 3207,1639 2555,1694 2339,1632 2088,1712 1781,1642 1572,1747 1119,1646"/>
                <Baseline points="1134,1766 1151,1760 1241,1778 1330,1778 1420,1784 1510,1790 1599,1790 1689,1784 1778,1790 1868,1784 1957,1784 2047,1784 2136,1778 2226,1772 2315,1772 2405,1766 2494,1766 2584,1766 2673,1760 2763,1760 2852,1754 2942,1748 3032,1742 3121,1742 3211,1730"/>
                <TextEquiv>
                    <Unicode>Wohl daß ihr sie zu Hilf ruft und fest</Unicode>
                </TextEquiv>
            </TextLine>
            <TextLine id="tr_1_tl_25" custom="readingOrder {index:24;}">
                <Coords points="6502,1802 6572,1806 6627,1754 6652,1768 6690,1768 6708,1750 6746,1771 6847,1768 6844,1701 6795,1701 6753,1722 6711,1691 6690,1712 6638,1705 6617,1719 6537,1687 6498,1691"/>
                <Baseline points="6517,1736 6607,1748 6696,1748 6786,1748 6851,1748"/>
                <TextEquiv>
                    <Unicode>ahrten.</Unicode>
                </TextEquiv>
            </TextLine>
            <TextLine id="tr_1_tl_26" custom="readingOrder {index:25;}">
                <Coords points="7311,1771 7332,1771 7363,1792 7415,1778 7447,1795 7478,1771 7576,1768 7576,1625 7520,1618 7485,1628 7468,1607 7457,1614 7405,1590 7353,1551 7314,1555"/>
                <Baseline points="7329,1766 7406,1760 7496,1760 7586,1760"/>
                <TextEquiv>
                    <Unicode>Ew.</Unicode>
                </TextEquiv>
            </TextLine>
            <TextLine id="tr_1_tl_27" custom="readingOrder {index:26;}">
                <Coords points="7161,1848 7454,1827 7558,1883 7607,1883 7691,1837 7757,1848 7757,1764 7645,1757 7600,1722 7548,1775 7353,1792 7217,1694 7161,1698"/>
                <Baseline points="7180,1820 7227,1814 7317,1814 7406,1820 7496,1814 7586,1820 7675,1814 7765,1808"/>
                <TextEquiv>
                    <Unicode>(was wir ahnten)</Unicode>
                </TextEquiv>
            </TextLine>
            <TextLine id="tr_1_tl_28" custom="readingOrder {index:27;}">
                <Coords points="5860,1914 6415,1855 6603,1917 6659,1879 6809,1869 6809,1785 6648,1743 6554,1809 6470,1757 6317,1813 6202,1764 6084,1795 5989,1712 5860,1799"/>
                <Baseline points="5879,1868 5920,1856 6010,1856 6099,1850 6189,1850 6278,1850 6368,1850 6457,1850 6547,1844 6637,1844 6726,1844 6816,1844"/>
                <TextEquiv>
                    <Unicode>Was wer wüßten</Unicode>
                </TextEquiv>
            </TextLine>
            <TextLine id="tr_1_tl_29" custom="readingOrder {index:28;}">
                <Coords points="6976,1914 7032,1924 7091,1890 7154,1935 7220,1910 7279,1938 7321,1900 7468,1879 7468,1827 7398,1841 7353,1820 7241,1830 7196,1855 7164,1830 7105,1848 7004,1781 6979,1785"/>
                <Baseline points="6995,1903 7030,1886 7120,1886 7210,1880 7299,1880 7389,1880 7478,1880"/>
                <TextEquiv>
                    <Unicode>hat sich erfüllt,</Unicode>
                </TextEquiv>
            </TextLine>
            <TextLine id="tr_1_tl_30" custom="readingOrder {index:29;}">
                <Coords points="4121,1931 4229,1900 4379,1917 4452,1897 4462,1910 4591,1897 4591,1830 4550,1809 4529,1827 4504,1816 4462,1851 4393,1785 4243,1795 4149,1848 4124,1844"/>
                <Baseline points="4142,1898 4148,1898 4237,1898 4327,1898 4416,1898 4506,1886 4595,1886"/>
                <TextEquiv>
                    <Unicode>Tabius.</Unicode>
                </TextEquiv>
            </TextLine>
            <TextLine id="tr_1_tl_31" custom="readingOrder {index:30;}">
                <Coords points="1074,1970 1297,2043 2824,1910 3580,1966 3587,1775 2942,1855 2796,1781 2360,1893 1788,1827 1649,1917 1077,1841"/>
                <Baseline points="1092,1951 1175,1957 1265,1957 1354,1957 1444,1957 1533,1957 1623,1951 1712,1951 1802,1951 1892,1951 1981,1945 2071,1945 2160,1945 2250,1939 2339,1933 2429,1933 2518,1927 2608,1927 2697,1915 2787,1915 2876,1903 2966,1903 3055,1903 3145,1903 3234,1903 3324,1903 3414,1903 3503,1903 3593,1909"/>
                <TextEquiv>
                    <Unicode>Auf sie vertraut, der niemand widerstande,</Unicode>
                </TextEquiv>
            </TextLine>
            <TextLine id="tr_1_tl_32" custom="readingOrder {index:31;}">
                <Coords points="6983,2001 7924,1959 7928,1865 7663,1855 7488,1917 7325,1907 7293,1935 7230,1907 7150,1935 7084,1890 6983,1928"/>
                <Baseline points="7001,1957 7036,1957 7126,1957 7215,1963 7305,1957 7395,1951 7484,1951 7574,1945 7663,1945 7753,1939 7842,1933 7932,1933"/>
                <TextEquiv>
                    <Unicode>Denn was wir wissen, ist immer</Unicode>
                </TextEquiv>
            </TextLine>
            <TextLine id="tr_1_tl_33" custom="readingOrder {index:32;}">
                <Coords points="4508,2019 4633,1959 4710,2005 4825,1952 4898,1991 5041,1977 5041,1813 4898,1816 4835,1876 4710,1834 4574,1914 4511,1900"/>
                <Baseline points="4530,1963 4601,1957 4691,1957 4780,1951 4870,1951 4959,1957 5049,1951"/>
                <TextEquiv>
                    <Unicode>hat sicherfällt</Unicode>
                </TextEquiv>
            </TextLine>
            <TextLine id="tr_1_tl_34" custom="readingOrder {index:33;}">
                <Coords points="6983,2026 7084,2067 7234,2022 7335,2060 7583,2019 7746,2046 7816,2001 7896,2019 7900,1956 6986,1987"/>
                <Baseline points="7001,2017 7013,2017 7102,2017 7192,2017 7281,2011 7371,2011 7460,2011 7550,2005 7639,2005 7729,2005 7818,1999 7908,1993"/>
                <TextEquiv>
                    <Unicode>wiese. Wenn ich sage, dass der</Unicode>
                </TextEquiv>
            </TextLine>
            <TextLine id="tr_1_tl_35" custom="readingOrder {index:34;}">
                <Coords points="4117,2137 5425,2039 5874,2144 6230,2012 6634,2043 6638,1917 5337,1886 5003,1991 4117,2001"/>
                <Baseline points="4136,2035 4225,2041 4315,2047 4404,2047 4494,2047 4583,2041 4673,2041 4762,2041 4852,2041 4941,2041 5031,2035 5121,2041 5210,2035 5300,2035 5389,2029 5479,2029 5568,2023 5658,2023 5747,2017 5837,2017 5926,2017 6016,2011 6105,2011 6195,2011 6284,1999 6374,1999 6463,2005 6553,1999 6643,2005"/>
                <TextEquiv>
                    <Unicode>Gstalleswahr. dünkt auch die Mahnist A neu?</Unicode>
                </TextEquiv>
            </TextLine>
            <TextLine id="tr_1_tl_36" custom="readingOrder {index:35;}">
                <Coords points="6993,2102 7450,2085 7509,2113 7767,2071 7802,2095 7917,2064 7921,2005 7813,2001 7753,2043 7684,2001 7475,2053 7436,2029 7279,2053 7241,2022 7182,2057 7112,2026 6993,2039"/>
                <Baseline points="7013,2088 7030,2088 7120,2083 7210,2077 7299,2077 7389,2083 7478,2077 7568,2065 7657,2065 7747,2065 7836,2059 7926,2047"/>
                <TextEquiv>
                    <Unicode>Vater kam, so muss es wahr sein</Unicode>
                </TextEquiv>
            </TextLine>
            <TextLine id="tr_1_tl_37" custom="readingOrder {index:36;}">
                <Coords points="1133,2141 1426,2175 1771,2113 2001,2182 2172,2134 2280,2210 2503,2102 2866,2099 2869,1959 2555,2026 2182,1973 1656,2064 1436,1991 1137,2019"/>
                <Baseline points="1157,2100 1175,2106 1265,2106 1354,2112 1444,2112 1533,2112 1623,2106 1712,2106 1802,2106 1892,2106 1981,2100 2071,2100 2160,2094 2250,2088 2339,2088 2429,2083 2518,2083 2608,2077 2697,2071 2787,2065 2876,2053"/>
                <TextEquiv>
                    <Unicode>Und niemand widerstehen wird.</Unicode>
                </TextEquiv>
            </TextLine>
            <TextLine id="tr_1_tl_38" custom="readingOrder {index:37;}">
                <Coords points="6986,2168 7074,2148 7262,2189 7328,2137 7771,2151 7935,2113 7938,2053 7523,2106 6990,2106"/>
                <Baseline points="7007,2142 7048,2136 7138,2142 7227,2136 7317,2136 7406,2130 7496,2130 7586,2124 7675,2118 7765,2112 7854,2106 7944,2088"/>
                <TextEquiv>
                    <Unicode>oder ich weiss es eben nicht. Das</Unicode>
                </TextEquiv>
            </TextLine>
            <TextLine id="tr_1_tl_39" custom="readingOrder {index:38;}">
                <Coords points="4135,2297 4612,2210 5547,2277 5770,2175 6244,2304 6735,2186 6735,2043 4138,2151"/>
                <Baseline points="4154,2208 4237,2202 4327,2202 4416,2196 4506,2196 4595,2196 4685,2196 4774,2196 4864,2196 4953,2196 5043,2190 5132,2190 5222,2184 5312,2184 5401,2184 5491,2184 5580,2184 5670,2178 5759,2172 5849,2172 5938,2172 6028,2172 6117,2166 6207,2166 6296,2166 6386,2166 6475,2166 6565,2160 6654,2154 6744,2154"/>
                <TextEquiv>
                    <Unicode>Gabenius. So glaubt ihrs also Zeit dem König selbst</Unicode>
                </TextEquiv>
            </TextLine>
            <TextLine id="tr_1_tl_40" custom="readingOrder {index:39;}">
                <Coords points="7004,2242 7088,2214 7126,2242 7541,2231 7802,2179 7931,2228 7935,2113 7638,2165 7007,2161"/>
                <Baseline points="7024,2190 7048,2196 7138,2202 7227,2196 7317,2196 7406,2196 7496,2190 7586,2190 7675,2184 7765,2178 7854,2172 7944,2166"/>
                <TextEquiv>
                    <Unicode>Wissen druckt eine positive</Unicode>
                </TextEquiv>
            </TextLine>
            <TextLine id="tr_1_tl_41" custom="readingOrder {index:40;}">
                <Coords points="1687,2283 1959,2325 2772,2252 3148,2336 3368,2231 3371,2095 2737,2155 2503,2102 2294,2210 2109,2137 1691,2179"/>
                <Baseline points="1707,2268 1766,2262 1856,2256 1945,2256 2035,2250 2124,2250 2214,2250 2303,2244 2393,2244 2482,2244 2572,2238 2661,2232 2751,2232 2841,2232 2930,2232 3020,2232 3109,2226 3199,2220 3288,2208 3378,2208"/>
                <TextEquiv>
                    <Unicode>(Sie sind bei der Thüre angelangt.)</Unicode>
                </TextEquiv>
            </TextLine>
            <TextLine id="tr_1_tl_42" custom="readingOrder {index:41;}">
                <Coords points="7011,2290 7157,2287 7248,2364 7401,2318 7478,2346 7527,2339 7537,2228 7464,2200 7433,2228 7168,2245 7084,2210 7014,2242"/>
                <Baseline points="7030,2274 7096,2274 7186,2274 7275,2268 7365,2256 7454,2250 7544,2250"/>
                <TextEquiv>
                    <Unicode>Thatsache aus.</Unicode>
                </TextEquiv>
            </TextLine>
            <TextLine id="tr_1_tl_43" custom="readingOrder {index:42;}">
                <Coords points="3242,2364 3403,2332 3469,2283 3528,2311 3605,2277 3675,2329 3772,2350 3842,2308 3929,2301 3936,2186 3793,2141 3706,2182 3661,2165 3546,2242 3479,2242 3410,2189 3319,2252 3249,2252"/>
                <Baseline points="3264,2303 3312,2297 3402,2285 3491,2279 3581,2274 3670,2262 3760,2262 3849,2262 3939,2268"/>
                <TextEquiv>
                    <Unicode>si nen entgegen</Unicode>
                </TextEquiv>
            </TextLine>
            <TextLine id="tr_1_tl_44" custom="readingOrder {index:43;}">
                <Coords points="4135,2392 4912,2374 5090,2461 5208,2364 5927,2353 6314,2472 6505,2339 6906,2353 6906,2203 6467,2196 6307,2311 5878,2224 4138,2322"/>
                <Baseline points="4154,2375 4225,2369 4315,2369 4404,2369 4494,2363 4583,2363 4673,2357 4762,2357 4852,2357 4941,2357 5031,2357 5121,2351 5210,2345 5300,2345 5389,2345 5479,2345 5568,2339 5658,2339 5747,2339 5837,2339 5926,2333 6016,2333 6105,2327 6195,2333 6284,2333 6374,2333 6463,2327 6553,2321 6643,2321 6732,2321 6822,2321 6911,2327"/>
                <TextEquiv>
                    <Unicode>Sabius Nein, neu Gabinius; zwar gedieh das Unheil</Unicode>
                </TextEquiv>
            </TextLine>
            <TextLine id="tr_1_tl_45" custom="readingOrder {index:44;}">
                <Coords points="1715,2444 1942,2496 2287,2423 2412,2496 2587,2426 2841,2503 3423,2392 3661,2430 3702,2336 3458,2283 3270,2353 3037,2270 2597,2350 1830,2280 1719,2329"/>
                <Baseline points="1736,2423 1742,2417 1832,2411 1921,2411 2011,2405 2100,2411 2190,2411 2279,2411 2369,2411 2459,2411 2548,2405 2638,2405 2727,2399 2817,2399 2906,2393 2996,2393 3085,2393 3175,2387 3264,2381 3354,2381 3443,2381 3533,2381 3622,2375 3712,2375"/>
                <TextEquiv>
                    <Unicode>Fabius (kommt schnell durch dieselbe; alle drei</Unicode>
                </TextEquiv>
            </TextLine>
            <TextLine id="tr_1_tl_46" custom="readingOrder {index:45;}">
                <Coords points="7021,2426 7307,2406 7339,2430 7394,2392 7604,2451 7910,2440 7910,2336 7680,2301 7565,2364 7401,2318 7021,2378"/>
                <Baseline points="7042,2417 7114,2405 7204,2393 7293,2387 7383,2387 7472,2387 7562,2387 7651,2393 7741,2393 7830,2393 7920,2393"/>
                <TextEquiv>
                    <Unicode>aber wenn ich sage</Unicode>
                </TextEquiv>
            </TextLine>
            <TextLine id="tr_1_tl_47" custom="readingOrder {index:46;}">
                <Coords points="4218,2618 4400,2541 4870,2597 5466,2514 5850,2636 6167,2514 6537,2650 6599,2374 6286,2468 5986,2378 5826,2454 5320,2371 5097,2461 4222,2444"/>
                <Baseline points="4237,2518 4279,2524 4368,2524 4458,2524 4548,2518 4637,2518 4727,2518 4816,2518 4906,2518 4995,2512 5085,2512 5174,2512 5264,2512 5353,2506 5443,2500 5532,2500 5622,2500 5711,2500 5801,2500 5890,2500 5980,2500 6070,2494 6159,2494 6249,2494 6338,2488 6428,2488 6517,2482 6607,2476"/>
                <TextEquiv>
                    <Unicode>Schon weit - sehr weit, so wills mir scheinen; doch</Unicode>
                </TextEquiv>
            </TextLine>
            <TextLine id="tr_1_tl_48" custom="readingOrder {index:47;}">
                <Coords points="6962,2510 7032,2500 7074,2541 7230,2493 7865,2528 7868,2423 7607,2451 7398,2388 7101,2437 6966,2409"/>
                <Baseline points="6983,2500 7072,2494 7162,2488 7251,2482 7341,2482 7430,2482 7520,2482 7609,2476 7699,2482 7788,2488 7878,2494"/>
                <TextEquiv>
                    <Unicode>daß ich etwas weiß</Unicode>
                </TextEquiv>
            </TextLine>
            <TextLine id="tr_1_tl_49" custom="readingOrder {index:48;}">
                <Coords points="1691,2622 2060,2580 2203,2667 2500,2608 2503,2500 2451,2517 2277,2423 2074,2486 2039,2454 1945,2493 1886,2458 1698,2486"/>
                <Baseline points="1712,2590 1796,2578 1886,2572 1975,2566 2065,2566 2154,2560 2244,2560 2333,2554 2423,2554 2512,2542"/>
                <TextEquiv>
                    <Unicode>bleiben stehen.)</Unicode>
                </TextEquiv>
            </TextLine>
            <TextLine id="tr_1_tl_50" custom="readingOrder {index:49;}">
                <Coords points="6959,2615 7108,2576 7272,2597 7318,2566 7813,2604 7882,2594 7886,2517 7196,2496 7084,2545 7032,2503 6962,2507"/>
                <Baseline points="6977,2584 6995,2578 7084,2566 7174,2566 7263,2560 7353,2560 7442,2560 7532,2554 7621,2554 7711,2554 7800,2560 7890,2560"/>
                <TextEquiv>
                    <Unicode>so muß ich es noch in¬</Unicode>
                </TextEquiv>
            </TextLine>
            <TextLine id="tr_1_tl_51" custom="readingOrder {index:50;}">
                <Coords points="7095,2670 7227,2719 7325,2657 7523,2677 7628,2643 7858,2667 7861,2583 7649,2608 7593,2573 7492,2611 7366,2573 7272,2597 7095,2583"/>
                <Baseline points="7114,2644 7150,2644 7239,2644 7329,2644 7418,2644 7508,2644 7597,2632 7687,2626 7777,2626 7866,2626"/>
                <TextEquiv>
                    <Unicode>xie oben. mehr nicht</Unicode>
                </TextEquiv>
            </TextLine>
            <TextLine id="tr_1_tl_52" custom="readingOrder {index:51;}">
                <Coords points="4218,2730 4344,2786 4557,2709 5188,2765 5330,2663 6331,2709 6394,2587 5958,2545 5846,2636 5393,2531 4668,2632 4358,2562 4218,2650"/>
                <Baseline points="4237,2697 4255,2691 4345,2691 4434,2691 4524,2691 4613,2691 4703,2691 4792,2691 4882,2679 4971,2679 5061,2679 5150,2673 5240,2667 5329,2661 5419,2667 5508,2667 5598,2667 5688,2667 5777,2667 5867,2667 5956,2667 6046,2661 6135,2661 6225,2661 6314,2661 6404,2661"/>
                <TextEquiv>
                    <Unicode>Noch ists zu spät nicht, dem verrüchten Slane</Unicode>
                </TextEquiv>
            </TextLine>
            <TextLine id="tr_1_tl_53" custom="readingOrder {index:52;}">
                <Coords points="7555,2730 7638,2744 7673,2772 7694,2754 7750,2754 7823,2712 7872,2751 7907,2754 7907,2653 7861,2643 7837,2667 7802,2667 7774,2646 7701,2670 7673,2650 7621,2646 7604,2660 7555,2646"/>
                <Baseline points="7574,2685 7663,2697 7753,2691 7842,2691 7914,2691"/>
                <TextEquiv>
                    <Unicode>wissen</Unicode>
                </TextEquiv>
            </TextLine>
            <TextLine id="tr_1_tl_54" custom="readingOrder {index:53;}">
                <Coords points="1091,2799 3451,2761 3451,2618 3249,2597 2050,2702 1670,2590 1489,2684 1095,2552"/>
                <Baseline points="1110,2745 1134,2745 1223,2745 1313,2745 1402,2745 1492,2739 1581,2739 1671,2739 1760,2739 1850,2739 1939,2739 2029,2739 2118,2739 2208,2739 2297,2745 2387,2739 2476,2733 2566,2727 2656,2727 2745,2727 2835,2721 2924,2715 3014,2715 3103,2715 3193,2715 3282,2721 3372,2721 3461,2715"/>
                <TextEquiv>
                    <Unicode>Fabios Ich störte auch in wichtiger Unterredung</Unicode>
                </TextEquiv>
            </TextLine>
            <TextLine id="tr_1_tl_55" custom="readingOrder {index:54;}">
                <Coords points="7680,2789 7708,2782 7726,2799 7767,2796 7844,2859 7861,2855 7900,2876 7931,2873 7924,2702 7900,2695 7848,2716 7827,2705 7813,2723 7795,2716 7781,2730 7757,2716 7729,2740 7680,2744"/>
                <Baseline points="7699,2763 7788,2763 7878,2769 7938,2775"/>
                <TextEquiv>
                    <Unicode>Ärigen</Unicode>
                </TextEquiv>
            </TextLine>
            <TextLine id="tr_1_tl_56" custom="readingOrder {index:55;}">
                <Coords points="6917,2841 7049,2834 7143,2911 7192,2911 7307,2827 7426,2876 7471,2841 7809,2838 7809,2779 7673,2772 7509,2702 7384,2719 7342,2691 7258,2730 7157,2684 6917,2772"/>
                <Baseline points="6935,2799 7024,2805 7114,2805 7204,2805 7293,2799 7383,2799 7472,2793 7562,2799 7651,2805 7741,2817 7818,2823"/>
                <TextEquiv>
                    <Unicode>Wal umgestellt!</Unicode>
                </TextEquiv>
            </TextLine>
            <TextLine id="tr_1_tl_57" custom="readingOrder {index:56;}">
                <Coords points="4184,2915 5132,2848 5324,2925 5529,2852 5948,2939 6070,2841 6265,2859 6268,2677 5107,2786 5006,2719 4937,2782 4187,2726"/>
                <Baseline points="4201,2870 4219,2858 4309,2858 4398,2852 4488,2852 4577,2852 4667,2858 4756,2852 4846,2847 4936,2847 5025,2847 5115,2847 5204,2841 5294,2835 5383,2835 5473,2835 5562,2835 5652,2829 5741,2829 5831,2829 5920,2823 6010,2823 6099,2823 6189,2817 6278,2817"/>
                <TextEquiv>
                    <Unicode>Mit edeln Worten kühmen Rechtsgefühls</Unicode>
                </TextEquiv>
            </TextLine>
            <TextLine id="tr_1_tl_58" custom="readingOrder {index:57;}">
                <Coords points="7586,2890 7604,2890 7624,2869 7663,2904 7687,2890 7705,2890 7736,2908 7746,2901 7757,2911 7799,2901 7795,2838 7764,2827 7746,2845 7733,2838 7719,2848 7680,2845 7652,2827 7642,2841 7617,2831 7583,2838"/>
                <Baseline points="7603,2864 7693,2870 7783,2870 7806,2870"/>
                <TextEquiv>
                    <Unicode>faire de</Unicode>
                </TextEquiv>
            </TextLine>
            <TextLine id="tr_1_tl_59" custom="readingOrder {index:58;}">
                <Coords points="1137,2970 1482,3026 1701,2953 1879,3033 2381,2911 2632,3012 2747,2911 3166,2904 3277,2984 3556,2946 3559,2834 2974,2751 1743,2848 1572,2772 1137,2894"/>
                <Baseline points="1157,2918 1235,2918 1325,2918 1414,2912 1504,2912 1593,2906 1683,2906 1772,2906 1862,2906 1951,2906 2041,2906 2130,2906 2220,2906 2309,2900 2399,2900 2488,2894 2578,2888 2667,2888 2757,2888 2847,2882 2936,2882 3026,2882 3115,2882 3205,2876 3294,2882 3384,2882 3473,2876 3563,2876"/>
                <TextEquiv>
                    <Unicode>verzeiht, wenn ich nicht widerstehend der Neugier</Unicode>
                </TextEquiv>
            </TextLine>
            <TextLine id="tr_1_tl_60" custom="readingOrder {index:59;}">
                <Coords points="7520,2953 7551,2946 7579,2974 7604,2974 7677,2935 7691,2953 7729,2942 7729,2887 7687,2894 7670,2880 7656,2880 7645,2890 7621,2869 7604,2887 7583,2876 7541,2904 7523,2904"/>
                <Baseline points="7544,2930 7556,2930 7645,2924 7735,2924"/>
                <TextEquiv>
                    <Unicode>sein</Unicode>
                </TextEquiv>
            </TextLine>
            <TextLine id="tr_1_tl_61" custom="readingOrder {index:60;}">
                <Coords points="7481,3023 7593,2998 7631,3012 7663,2998 7684,3019 7712,2998 7875,3075 7931,3078 7935,2876 7882,2869 7865,2887 7834,2869 7659,2953 7604,2932 7551,2942 7485,2911"/>
                <Baseline points="7502,2996 7580,2990 7669,2984 7759,2978 7848,2984 7938,2984"/>
                <TextEquiv>
                    <Unicode>Wassenalates</Unicode>
                </TextEquiv>
            </TextLine>
            <TextLine id="tr_1_tl_62" custom="readingOrder {index:61;}">
                <Coords points="4170,3043 4382,3040 4480,3120 4909,3030 5052,3134 5341,3033 5979,3068 6153,3023 6157,2932 6052,2859 5948,2939 5721,2887 5602,2956 5135,2848 4853,2991 4455,2859 4173,2911"/>
                <Baseline points="4189,3026 4279,3026 4368,3020 4458,3014 4548,3020 4637,3020 4727,3020 4816,3014 4906,3014 4995,3014 5085,3008 5174,3008 5264,3008 5353,3002 5443,3002 5532,3002 5622,3002 5711,2996 5801,2990 5890,2990 5980,2990 6070,2996 6159,2996"/>
                <TextEquiv>
                    <Unicode>die Bessern zu entfremden. Alles kann</Unicode>
                </TextEquiv>
            </TextLine>
            <TextLine id="tr_1_tl_63" custom="readingOrder {index:62;}">
                <Coords points="1091,3134 1231,3099 1367,3186 1670,3085 2325,3078 2587,3179 2852,3064 2988,3127 3249,3078 3249,2977 2880,2932 2625,3019 2155,2939 1687,3047 1091,2977"/>
                <Baseline points="1110,3073 1199,3079 1289,3079 1378,3085 1468,3079 1557,3079 1647,3073 1736,3073 1826,3067 1915,3061 2005,3067 2094,3061 2184,3067 2274,3061 2363,3067 2453,3061 2542,3061 2632,3055 2721,3055 2811,3055 2900,3049 2990,3049 3079,3049 3169,3049 3258,3037"/>
                <TextEquiv>
                    <Unicode>Euch frag — als Senatoren frage, was</Unicode>
                </TextEquiv>
            </TextLine>
            <TextLine id="tr_1_tl_64" custom="readingOrder {index:63;}">
                <Coords points="7457,3054 7523,3078 7548,3061 7565,3068 7597,3057 7628,3075 7645,3061 7722,3064 7750,3057 7750,3009 7708,3002 7684,3019 7663,2998 7649,3009 7631,2998 7579,3012 7562,3005 7548,3016 7530,3002 7488,3033 7457,3023"/>
                <Baseline points="7478,3055 7490,3055 7580,3055 7669,3049 7759,3049"/>
                <TextEquiv>
                    <Unicode>has noe</Unicode>
                </TextEquiv>
            </TextLine>
            <TextLine id="tr_1_tl_65" custom="readingOrder {index:64;}">
                <Coords points="4163,3263 4417,3200 5079,3298 5529,3179 6373,3183 6376,3047 4166,3106"/>
                <Baseline points="4183,3175 4237,3181 4327,3187 4416,3187 4506,3187 4595,3181 4685,3187 4774,3193 4864,3193 4953,3187 5043,3187 5132,3181 5222,3181 5312,3181 5401,3175 5491,3175 5580,3169 5670,3169 5759,3163 5849,3157 5938,3157 6028,3157 6117,3151 6207,3151 6296,3151 6386,3151"/>
                <TextEquiv>
                    <Unicode>Zum Besten sich noch wenden, wenn wir nur</Unicode>
                </TextEquiv>
            </TextLine>
            <TextLine id="tr_1_tl_66" custom="readingOrder {index:65;}">
                <Coords points="1130,3361 1604,3239 2175,3315 2318,3235 2695,3350 2953,3221 3608,3228 3612,3134 2852,3064 2587,3179 2214,3078 1987,3183 1820,3099 1551,3186 1133,3148"/>
                <Baseline points="1151,3258 1199,3252 1289,3246 1378,3240 1468,3240 1557,3234 1647,3234 1736,3234 1826,3234 1915,3234 2005,3234 2094,3228 2184,3228 2274,3228 2363,3223 2453,3223 2542,3217 2632,3217 2721,3217 2811,3217 2900,3217 2990,3211 3079,3211 3169,3211 3258,3211 3348,3211 3437,3217 3527,3217 3616,3217"/>
                <TextEquiv>
                    <Unicode>Ihr für die Staatheilsames jetzo aus Rekt¬</Unicode>
                </TextEquiv>
            </TextLine>
            <TextLine id="tr_1_tl_67" custom="readingOrder {index:66;}">
                <Coords points="279,3256 450,3263 464,3277 485,3270 509,3284 558,3263 593,3267 586,3179 526,3193 422,3190 411,3204 307,3179 275,3183"/>
                <Baseline points="298,3234 387,3246 477,3252 567,3252 596,3252"/>
                <TextEquiv>
                    <Unicode>Versmaß?</Unicode>
                </TextEquiv>
            </TextLine>
            <TextLine id="tr_1_tl_68" custom="readingOrder {index:67;}">
                <Coords points="4124,3382 4923,3472 5773,3430 6010,3336 6579,3347 6655,3183 6199,3267 5529,3183 4825,3312 4306,3214 4128,3298"/>
                <Baseline points="4142,3360 4154,3360 4243,3360 4333,3360 4422,3360 4512,3360 4601,3360 4691,3354 4780,3360 4870,3354 4959,3348 5049,3348 5138,3348 5228,3348 5317,3348 5407,3342 5497,3336 5586,3336 5676,3336 5765,3330 5855,3330 5944,3330 6034,3330 6123,3324 6213,3324 6302,3324 6392,3318 6481,3312 6571,3312 6660,3306"/>
                <TextEquiv>
                    <Unicode>Die Brust mit stolzem Selbstbewußtsein waffen</Unicode>
                </TextEquiv>
            </TextLine>
            <TextLine id="tr_1_tl_69" custom="readingOrder {index:68;}">
                <Coords points="7046,3343 7182,3389 7258,3350 7468,3354 7631,3444 7917,3423 7921,3249 7485,3281 7363,3228 7241,3246 7206,3211 7049,3204"/>
                <Baseline points="7066,3342 7120,3348 7210,3348 7299,3342 7389,3336 7478,3336 7568,3336 7657,3336 7747,3336 7836,3330 7926,3318"/>
                <TextEquiv>
                    <Unicode>Der Schlußmarkiger durch</Unicode>
                </TextEquiv>
            </TextLine>
            <TextLine id="tr_1_tl_70" custom="readingOrder {index:69;}">
                <Coords points="1119,3430 1687,3497 1827,3434 1945,3511 2144,3410 2301,3507 2660,3403 3511,3420 3601,3291 3179,3246 2674,3347 2022,3246 1119,3371"/>
                <Baseline points="1139,3414 1193,3414 1283,3414 1372,3408 1462,3408 1551,3408 1641,3402 1730,3402 1820,3396 1909,3402 1999,3402 2088,3396 2178,3396 2268,3396 2357,3390 2447,3390 2536,3390 2626,3384 2715,3384 2805,3384 2894,3384 2984,3384 3073,3378 3163,3378 3252,3372 3342,3378 3431,3378 3521,3384 3610,3390"/>
                <TextEquiv>
                    <Unicode>Söcheines gleich zur Aichtschnur eurer Antwort¬</Unicode>
                </TextEquiv>
            </TextLine>
            <TextLine id="tr_1_tl_71" custom="readingOrder {index:70;}">
                <Coords points="7046,3472 7070,3479 7150,3441 7178,3458 7241,3423 7325,3437 7346,3417 7384,3444 7429,3427 7488,3458 7537,3458 7541,3382 7464,3350 7419,3375 7359,3347 7283,3371 7255,3354 7196,3389 7049,3364"/>
                <Baseline points="7066,3431 7102,3419 7192,3414 7281,3408 7371,3402 7460,3402 7550,3408"/>
                <TextEquiv>
                    <Unicode>nnen kann.</Unicode>
                </TextEquiv>
            </TextLine>
            <TextLine id="tr_1_tl_72" custom="readingOrder {index:71;}">
                <Coords points="4170,3549 5609,3514 6042,3605 6972,3518 6976,3389 6411,3312 5397,3472 4170,3417"/>
                <Baseline points="4189,3521 4201,3521 4291,3527 4380,3527 4470,3527 4559,3521 4649,3527 4739,3521 4828,3521 4918,3515 5007,3515 5097,3509 5186,3503 5276,3503 5365,3503 5455,3497 5544,3497 5634,3503 5723,3497 5813,3497 5902,3497 5992,3497 6081,3491 6171,3491 6261,3491 6350,3485 6440,3491 6529,3491 6619,3491 6708,3491 6798,3491 6887,3479 6977,3473"/>
                <TextEquiv>
                    <Unicode>Und niemand anderen als — uns selbst vertrauen.</Unicode>
                </TextEquiv>
            </TextLine>
            <TextLine id="tr_1_tl_73" custom="readingOrder {index:72;}">
                <Coords points="1175,3626 1551,3594 1966,3681 2465,3566 2887,3654 3176,3577 3179,3441 2583,3427 2367,3521 2186,3430 1844,3546 1565,3451 1175,3556"/>
                <Baseline points="1193,3581 1217,3581 1307,3581 1396,3575 1486,3569 1575,3569 1665,3569 1754,3569 1844,3569 1933,3569 2023,3569 2112,3569 2202,3563 2291,3569 2381,3563 2470,3557 2560,3557 2650,3557 2739,3551 2829,3551 2918,3551 3008,3545 3097,3539 3187,3539"/>
                <TextEquiv>
                    <Unicode>Schweiss vor ungefähr, was auch beschäftiget</Unicode>
                </TextEquiv>
            </TextLine>
            <TextLine id="tr_1_tl_74" custom="readingOrder {index:73;}">
                <Coords points="1143,3769 2060,3803 2454,3730 2768,3817 3295,3720 3326,3605 1147,3647"/>
                <Baseline points="1163,3754 1181,3748 1271,3742 1360,3736 1450,3736 1539,3730 1629,3730 1718,3730 1808,3730 1898,3724 1987,3724 2077,3724 2166,3724 2256,3724 2345,3724 2435,3718 2524,3718 2614,3718 2703,3712 2793,3706 2882,3706 2972,3706 3061,3706 3151,3706 3240,3706 3330,3700"/>
                <TextEquiv>
                    <Unicode>drum bleibt wo möglich - bei der Wahrheit nur.</Unicode>
                </TextEquiv>
            </TextLine>
            <TextLine id="tr_1_tl_75" custom="readingOrder {index:74;}">
                <Coords points="4930,3946 5062,3964 5139,3908 5324,3877 5376,3915 5543,3922 5613,3877 5672,3908 5710,3870 5826,3870 5878,3852 5885,3692 5623,3709 5568,3681 5491,3713 5268,3629 5059,3699 4940,3678"/>
                <Baseline points="4953,3861 4995,3849 5085,3855 5174,3855 5264,3849 5353,3849 5443,3849 5532,3843 5622,3837 5711,3825 5801,3819 5890,3813"/>
                <TextEquiv>
                    <Unicode>(Beide et)</Unicode>
                </TextEquiv>
            </TextLine>
            <TextLine id="tr_1_tl_76" custom="readingOrder {index:75;}">
                <Coords points="1168,3943 3455,3953 3608,3905 3612,3783 1171,3786"/>
                <Baseline points="1187,3909 1199,3915 1289,3909 1378,3903 1468,3897 1557,3897 1647,3897 1736,3891 1826,3891 1915,3891 2005,3891 2094,3891 2184,3891 2274,3897 2363,3897 2453,3891 2542,3885 2632,3885 2721,3879 2811,3879 2900,3879 2990,3879 3079,3879 3169,3879 3258,3885 3348,3885 3437,3885 3527,3891 3616,3885"/>
                <TextEquiv>
                    <Unicode>Claudius. Ihr wißt von ungefähr, was uns beschäftigt¬</Unicode>
                </TextEquiv>
            </TextLine>
            <TextLine id="tr_1_tl_77" custom="readingOrder {index:76;}">
                <Coords points="1185,4138 1628,4086 2032,4166 2524,4075 2716,4166 2956,4065 3267,4187 3535,4093 3539,3943 2535,3901 2029,4030 1788,3953 1189,3985"/>
                <Baseline points="1205,4088 1217,4082 1307,4070 1396,4070 1486,4070 1575,4070 1665,4070 1754,4070 1844,4064 1933,4064 2023,4064 2112,4064 2202,4070 2291,4070 2381,4064 2470,4064 2560,4052 2650,4046 2739,4052 2829,4052 2918,4052 3008,4052 3097,4046 3187,4046 3276,4046 3366,4046 3455,4046 3545,4040"/>
                <TextEquiv>
                    <Unicode>dann wißt ihr ja genug für jetzt lebt wohl!</Unicode>
                </TextEquiv>
            </TextLine>
            <TextLine id="tr_1_tl_78" custom="readingOrder {index:77;}">
                <Coords points="1220,4274 3821,4292 3821,4117 3706,4065 3277,4190 2304,4075 1966,4194 1220,4128"/>
                <Baseline points="1241,4237 1325,4237 1414,4237 1504,4237 1593,4237 1683,4237 1772,4237 1862,4237 1951,4231 2041,4231 2130,4231 2220,4225 2309,4225 2399,4225 2488,4219 2578,4219 2667,4219 2757,4219 2847,4225 2936,4225 3026,4231 3115,4231 3205,4231 3294,4231 3384,4231 3473,4225 3563,4219 3652,4219 3742,4219 3831,4225"/>
                <TextEquiv>
                    <Unicode>Talassius, kant! (Mit Talassius an Fabiusvornten)</Unicode>
                </TextEquiv>
            </TextLine>
            <TextLine id="tr_1_tl_79" custom="readingOrder {index:78;}">
                <Coords points="5843,4361 5867,4354 5888,4372 5906,4354 5920,4354 5937,4368 5948,4361 5958,4368 5979,4351 6024,4347 6021,4253 6000,4257 5979,4246 5961,4257 5930,4232 5916,4243 5902,4239 5874,4215 5864,4225 5839,4222"/>
                <Baseline points="5861,4309 5950,4315 6034,4315"/>
                <TextEquiv>
                    <Unicode>1 643</Unicode>
                </TextEquiv>
            </TextLine>
            <TextLine id="tr_1_tl_80" custom="readingOrder {index:79;}">
                <Coords points="1199,4441 3688,4462 3762,4246 3089,4351 2325,4257 2127,4354 1199,4306"/>
                <Baseline points="1217,4410 1265,4410 1354,4410 1444,4410 1533,4404 1623,4404 1712,4404 1802,4398 1892,4398 1981,4398 2071,4398 2160,4404 2250,4398 2339,4398 2429,4392 2518,4392 2608,4392 2697,4398 2787,4398 2876,4398 2966,4398 3055,4392 3145,4392 3234,4386 3324,4386 3414,4392 3503,4386 3593,4386 3682,4386 3772,4392"/>
                <TextEquiv>
                    <Unicode>sabius trittvor, nachdem er ihnen einige Augenblicke</Unicode>
                </TextEquiv>
            </TextLine>
            <TextLine id="tr_1_tl_81" custom="readingOrder {index:80;}">
                <Coords points="6864,4497 6927,4529 7004,4501 7206,4564 7366,4497 7502,4518 7659,4497 7659,4396 7506,4354 7353,4351 7210,4435 7025,4344 6868,4365"/>
                <Baseline points="6887,4494 6977,4494 7066,4494 7156,4494 7245,4494 7335,4488 7424,4482 7514,4488 7603,4488 7669,4494"/>
                <TextEquiv>
                    <Unicode>Targu. Superbus</Unicode>
                </TextEquiv>
            </TextLine>
            <TextLine id="tr_1_tl_82" custom="readingOrder {index:81;}">
                <Coords points="5878,4522 6028,4525 6160,4574 6359,4529 6491,4595 6540,4564 6756,4553 6753,4407 6690,4396 6561,4417 6432,4365 6359,4417 6003,4393 5958,4428 5878,4424"/>
                <Baseline points="5896,4500 5986,4500 6075,4494 6165,4494 6255,4494 6344,4494 6434,4500 6523,4500 6613,4494 6702,4506 6762,4512"/>
                <TextEquiv>
                    <Unicode>Arthur Schützler</Unicode>
                </TextEquiv>
            </TextLine>
            <TextLine id="tr_1_tl_83" custom="readingOrder {index:82;}">
                <Coords points="1154,4598 1279,4588 1360,4654 1489,4626 1687,4679 1757,4630 1855,4616 1862,4438 1722,4435 1656,4466 1614,4441 1569,4480 1537,4455 1408,4504 1349,4490 1314,4522 1157,4536"/>
                <Baseline points="1175,4577 1241,4577 1330,4577 1420,4577 1510,4577 1599,4571 1689,4571 1778,4565 1868,4559"/>
                <TextEquiv>
                    <Unicode>nachgesehen.)</Unicode>
                </TextEquiv>
            </TextLine>
            <TextLine id="tr_1_tl_84" custom="readingOrder {index:83;}">
                <Coords points="4114,4612 4243,4595 4375,4616 4441,4591 4483,4602 4539,4567 4605,4591 4609,4469 4543,4445 4511,4466 4379,4476 4316,4448 4246,4448 4215,4469 4152,4431 4121,4438"/>
                <Baseline points="4136,4583 4166,4583 4255,4583 4345,4577 4434,4571 4524,4571 4613,4571"/>
                <TextEquiv>
                    <Unicode>„ 354 V2</Unicode>
                </TextEquiv>
            </TextLine>
        </TextRegion>
    </Page>
</PcGts>
