4456 5784
1736 641 2342 880 Zu Seite 37.
772 760 3870 1065 1) Ich habe mir den Tarquinius und seine Worte ganz anders gedacht
783 992 3836 1219 nach dieser Enthüllung Claudius'.Ganz anders! Viel feuriger,grös-
783 1173 3793 1420 ser! - Seine Liebe müssen wir in ihrer ganzen Grösse nach diesen
783 1335 2913 1567 Berichten des Claudius hören,sehen, mitfühlen!
779 1509 3766 1787 Ferner ist dieses seltsame, träumerische, unentwickelte Wesen des
795 1725 3882 1941 Tarquinius zu sehr, dünkt mir, hervorgehoben und zu wenig begründet,
787 1833 3801 2172 oder vielmehr erklärt, Ebenso verhält es sich mit dem dem "unge-
779 2103 1652 2304 wissen Claudius".-
779 2230 3156 2446 2) Ziel und Plan und klar und unklar allzu häufig.
