8152 4984
4739 1306 6661 1736 Dritter Aufzug.
5325 1809 6101 2048 Erste Scene.
4692 1998 6740 2253 Halle, die in den Garten führt.
4457 2214 6707 2598 Tarquinius u. d. jungen Tullia
4404 2495 6687 2770 kommen innig umschlungen langsam durch die
4334 2704 4732 2946 Halle.
4381 2817 7042 3151 Targa. Daß du mich liebst, konnte ich abwissen? Ohne,
4265 3032 6323 3304 Nicht mehr als träumen konnte ich davon
4444 3191 4719 3324 Nun
4361 3221 6767 3453 Jetztorst bin ich gewiss! Jetzt weiss ich erst,
4268 3363 6661 3682 Jetzt da sich glühend unsre Augen treffen,
4321 3569 6657 3788 Da deine Hände in den meinen zittern,
4271 3725 6770 4033 Da deine Lippen sich an meine schließen,
4315 3917 6717 4202 Dein Buse sich an meinen wenig drückt,
4338 4063 6919 4371 Jetzt weiß ich - jetzt ist selige Gewissheit,
4351 4258 6707 4540 Der nebelgleiche Zweifel schwindet hin
