8168 4968
1321 953 3312 1299 Die die gleich andere Erdensöhnen schwust¬
1328 1104 3842 1450 Ein Altaysmensch, im Unterthan, ein Nichts¬
1306 1314 3408 1623 Wenn wieder sich ein Tag zur Auf gesenkt¬
1288 1446 3757 1748 O welche Wandlung wird die Menschheit sehe!
1295 1634 3632 1936 Jetzt mein Targuimus bedrängt dichmah
1306 1847 3566 2094 Die er ge Schefucht, ungestelltes Streben,
1262 1961 3551 2271 die lastende Gedanken; es bedrängt dich
1306 2123 3625 2410 Die lieb und läßt dein armes Herz nicht ruhe¬
1328 2278 3121 2587 O welche Ruhe steten Vollbesitzes
1340 2473 3400 2771 Erwartet dich an deiner tellia Brust!
1362 2631 3456 2922 Ja, früher noch als sich der neue Tag,
1409 2778 3415 3062 der glänzende im Morgenrof gezeigt,
1424 2937 3654 3224 Soll die Geliebte die sein - weissich doch
2179 3143 2418 3246 sene
1424 3124 3625 3378 Wenn alle diese Wünsche die erfüllt sind,
1406 3260 3860 3584 Dann wird sich endlich Frei dem Geistesheben
1402 3437 3805 3702 Und die Gedanken werden dich nicht mehr,
1435 3588 3787 3893 Wie's sonst geschehe, in ihrem Berne halten.
736 3706 1373 3945 Diese Zeilen in erfallen mir,
1443 3765 3882 4070 Nein, du wirst Herr sein über die Gedanken,
729 3864 887 3989 hier.
1443 3930 3470 4206 Wiese einst waren über dich — einkönig
1443 4085 3430 4346 Wirst du in allem über alles sein.
386 4306 2495 4633 Tarqu. Ja. Claudina Teran. Ich will es sein.
4423 776 4821 997 (halb f.).
4030 788 6705 1144 Targ. O. duwillst -? du mußt! So wie die Krofge¬
4088 1086 6532 1317 Zur Blume werden mußen, so du zum Helden.
4066 1189 6429 1487 Es liegt in dir! Hierbrauchts dein Wollen nicht!
4129 1358 6227 1649 Sie wartet die in jener Sönlenhalle,
4041 1542 5417 1814 die in den Garten führt.
5078 1696 5557 1932 te besohl!
4048 1763 4431 1976 Targu
5369 1858 5976 2134 Viel Glück.
4037 1950 4420 2190 Claud.
4755 2042 5476 2263 Targn. ab.
4044 2186 6543 2495 17 Cland. Ich kenne dieses Geistes Zukunft wohl
4118 2344 6223 2661 Und sehe klar. Wie ich zu raschem Theur
4136 2510 6473 2734 Den Allzuvielbedenkenden xx reizen
4100 2668 7058 2977 Und ihn befeuern muß zu welchen Thüm mächtger That,
4111 2848 6528 3080 de wird einst Not sein, ihn zurückzuhalten
4077 3025 6234 3275 Und ein zu dämmen den gewaltigen Strom¬
4898 3154 6429 3448 (Erwendet sich zu d Senatoren.)
4147 3297 6532 3614 Erlaubt ist nun, daß ich in einem Auftrag
4136 3522 6322 3801 Zur Curie geh, dem König eue aller
4096 3643 6779 3985 Gerechten Zorn und zweites Drohe zu melden!
4136 3805 6543 4107 Salassius. Ja, meld ihm unsere Ungehaltenheit.
4107 4033 5733 4309 Erwige Senator. Wir baten ihn.
5192 4147 6694 4449 Er selbst verhöhnte uns!
4125 4261 4637 4475 Hostins.
