6312 4104
3657 460 5574 712 Die du noch fern im Weltenraume draussen
3670 578 5941 870 Jetzt glänzend hell zur Erdenfahrt dich rüstest,
3683 844 5584 1037 Dir ruf ich zu:Bewundern sollst du mich,
3680 995 5741 1211 Und was ich bin, sollst du mit Staunen sehn.
3319 1172 5961 1411 Tullia: Wie wild du drängst! Lass nicht die Flamm' verlö-
5515 1277 5843 1379 schen.
3348 1484 5131 1756 Tarqu.: Ha Tullia! Versteh ich dich -?
5016 1602 5426 1776 Nur ein
3345 1730 3722 1884 Tullia:
3732 1841 4523 2042 Ein Wort sprich!
4445 2015 4776 2153 Krone
3365 2065 3726 2268 Tarqu.:
4737 2160 5275 2334 Tarquinius!
3381 2255 3749 2426 Tullia:
3391 2317 5570 2564 Tarqu.: Jaja, ich hab ein festes Ziel gefunden!
3765 2508 5918 2705 Ganz fremd bin ich mir selbst.Geliebte Tullia
3791 2679 5895 2908 An deinem Busen schwand mein einst'ger Geist,
3772 2846 5689 3063 Ein neuer ward von kühnerm Flug geboren!
3798 3056 5958 3266 (Es werden am äussern Ende der Halle sichtbar:
3801 3191 5928 3443 Clausius, Talassius,hostius, andere Senatoren).
