8200 5288
4293 393 7509 945 Als Jünglingstaad recht, das kriegen nicht ziemt:
4281 462 5247 812 Als Jugertard,
838 582 3335 984 Noch stürmts in allentgegen. Ich gesteh das,
868 795 3524 1108 Mirwärts lieb, wenns heut ein leztes Mal
4323 748 6795 1185 Ich bin es nun, was wenige auf Ersten
894 877 4015 1313 Zum Kompfe Käre, zugesentschiedend könte, Ehe¬
475 984 659 1261 P.
4357 1069 5238 1347 Erreichen und
4400 1108 7253 1510 Ein Herrsche bin ich. Größe ist mein Bauer, -
872 1112 3477 1462 Wiewussten Wir hätte dann mehr Klarheit und
860 1257 3519 1582 Und zum satschiedene Siege Ihre jeden Fall
4375 1334 5914 1612 die Augen die Verlan¬
4456 1296 7851 1766 die Welt verlangtes, daß ich mächtig bin bestimmt ist
509 1368 697 1539 S
902 1390 4182 1796 Soll sich sich soll das Geleit, das durch die Stadt mich führt,
4460 1510 7903 1907 Ein Ziel, dort weniger Sterblichen bestimmt ist, - Wirkliche manche
962 1604 3528 1971 Gerichtet sein. Ich be verbreite den Befehl¬
4426 1710 7749 2138 Jch Jm Spiele nicht ist es nicht aus so viel ersehnen,
547 1663 727 1873 6
808 1758 3678 2134 Claud. No seines der -! Einra dich der Wörter;
4443 1916 7086 2271 Um das soviele stets vergebensringen
1039 1899 3823 2254 das du verkurzen selbst den Fabius sprachst.
4456 2074 7347 2442 Und doch ein Ziel, nach dem so viel streben,
984 2134 3164 2476 Und Gerküles verbrannte diese Schlo
573 2074 757 2369 N°
4507 2215 7244 2613 Um das sie regen ohne Raß und Muhte,
1185 2236 3866 2574 Wenigt dich noch immer vor der Freiheitsluht -?
4503 2352 7154 2814 Im Spiel erreicht ichs. Noch bevor ich lebte
975 2472 3365 2784 „Und herkules verbrannte ich das Haupt
4529 2467 7894 2972 War mir bestimmt. Das Als xxx könte nicht anders
1022 2502 3772 2951 End diese Schlag starb - Gedank des Wortes!
7218 2643 7689 2878 sein.
1732 2822 2647 3053 (Schwell ab.)
898 2934 3943 3288 Sargu. Sie starb. – Jage, ich selbst sprach ich dieses Wort¬
821 2908 1180 3156 18/10
4520 2822 6171 3327 hat mich das Schicksal
4584 2818 8005 3395 Als wie hätte Mord ich zu den, was ich geworden bin.
915 3100 3682 3481 Und soll' ihm nicht vertrauen? Er p auf nun
4580 3169 7672 3596 das Schicksal Eufete selber mich den Weg¬
629 3186 830 3417 5
949 3250 3703 3648 In eines Königs neu schwachen Wohl nicht es Zeit
4563 3288 7971 3827 taht sagt ich nun? Ich muss mein Schicksaltragen.
936 3412 3485 3814 daß ich den allen wankelmütgen Sinn) 2
718 3601 3348 3998 — daß Ein jedes Schwanken meines Geistes,
1557 3660 1839 3806 Gagt
936 3635 4328 4165 Das abgethan. Und zweit von mir schleude, als eines
2514 3832 4383 4157 er eines als des Moesnichtbruchjes
