4408 5848
3582 593 3741 808 29
3567 778 3820 997 ns zu
1589 789 2952 997 ZWEITER AUFFZUG.
1616 959 2948 1114 .................................¡¬
2609 1012 3326 1216 Stadt gegangen.
1914 1046 2095 1155 G.C.H.F.F:F:P:H:.
1661 1053 1831 1182 Ode.
1925 1125 2548 1351 Erste Szene.
1423 1185 1687 1351 Vnd 1
1884 1302 2525 1529 Forum zu Rom.
815 1457 3858 1672 Früh am Tage. Einige Bürger sind auf dem Platz und einige in den
823 1672 1940 1925 Nebenstrassen sichtbar.
1914 1812 2809 2057 Quintus und Marcus.
1393 1982 3700 2223 Zehnmal hab ich's euch schon gesagt: Ich bin zum
838 1963 1231 2239 Quintus:
1389 2137 3813 2420 Staatsmann geboren. Und wenn ich euch sage, es liegt
1397 2337 3835 2590 was in der Luft, so liegt was in der Luft.- Und wenn
1408 2548 3575 2752 ich euch sage, es geht was vor, so geht was vor.
1404 2695 3809 2952 Bis jetzt, mein bester quintus, habt ihr euch in der-
838 2737 1197 2933 Marcus:
1404 2895 2990 3096 lei Weissagungen stets getäuscht.
3624 2907 3832 3058 scher
1412 3073 3903 3243 Getäuscht? Ich hätte mich je getäusert? Und wenn ich
868 3077 1265 3258 Quintus:
1427 3220 3930 3458 euch sage, morgen werden die Tarquinischen Feste nicht
1408 3428 2854 3654 gefeiert, so täuschte ich mich?
1419 3598 3839 3817 Gut,gut,aber lasst mich nur los. Ich will’s euch ja
864 3639 1223 3832 Marcus:
1419 3794 3820 3994 glauben. Ich bitt' euch, gebt eure Hände von meinem
1431 3983 1706 4186 Rock.
1442 4115 3884 4379 (fasst Egerius,der eben vorbeigeht) Ejerius,Egerius.
880 4160 1276 4356 Quintus:
1434 4334 3118 4549 wisst ihr's schon? Es geht was vor!
3254 4330 3820 4504 en werden ke
1442 4485 3945 4723 Ihr,Quintus? - Ja, wenn es so wäre,wenn wirklich etwas
891 4541 1287 4711 Egerius:
1997 4598 2216 4711 iert
1461 4643 3960 4896 vorginge-! Findet ihr nieder einige es die letzten Jahre
1450 4866 2975 5096 so entsetzlich still war in Rom?
1453 4983 3979 5247 Nicht wahr, ihr glaubt mir, dass etwas vorgeht? Da habt
910 5070 1295 5293 Quintus:
1472 5202 3918 5451 ihr's Marcus. Er glaubt mir. (geheimnisvoll) Seht ihr
3552 5281 3733 5394 etzt
1461 5376 3854 5561 nicht, wie seit einiger Zeit die Senatoren zusammen-
