4408 5800
3696 630 3853 778 23
1382 801 3409 1019 Und dass ein Hauch von schwüler Unruh rings
1385 984 3351 1188 Mit seinem Schauer durch die Lüfte zieht.-
1391 1130 3354 1373 Doch dass ich rascher zu der Sache komme
1379 1330 3299 1522 Mich sendet der Senat zu euch und bittet
1397 1501 3243 1739 Euch als des Königs nahen Anverwandten
1411 1716 3534 1914 Ihm einiges vielleicht nicht ganz willkommnes
1388 1887 3392 2079 Zu melden.Freilich ist's beinah vergebens,
1388 2027 3238 2259 Dass ihr euch irgendwie bemüht, da doch
1411 2210 3455 2419 Die Wünsche, wenn auch ganz gerecht und edel
1408 2396 3360 2631 An manchem Widerstande scheitern dürften.
1417 2584 2335 2782 Die Wünsche aber? -
868 2613 1162 2782 Aruns:
2210 2744 3264 2956 Sind in kurzen worten
862 2820 1315 2988 Claudius :
1420 2907 3540 3116 Ein einz'ger nur: Die Freiheit will der Adel.
1432 3101 3354 3313 Der Adel will die unbeschränkte Freiheit,
874 3005 1170 3334 Aruns:
1417 3275 3426 3487 Die schon zum bösen Missbrauchward,zurück?
1437 3453 3557 3659 Er will,wie's einst vor Jahren war,gebietend,
1434 3650 3522 3818 Als freier Herr das Volk beherrschen können,
3319 3775 3525 4025 hert.
1446 3824 3270 4010 Und es bedrücken,wie es Rom schon sah
1437 3969 3255 4187 In trotz'ger Rede und Gewalttat - Nun
1443 4141 3670 4373 Ich muss gestehn — der Wunsch will mich so ganz
1458 4329 3008 4539 Gerecht und edel nicht bedünken.
2526 4480 3264 4733 ich bliewiel
1684 4518 2271 4748 ich der König in der
891 4547 1350 4759 Claudius:
1455 4655 3548 4904 Auch ihr ein Freund des Volks? O kenntet ihr
1440 4887 3360 5090 Nur den gemeinen Haufen, der sich jetzt
1458 5053 3784 5305 In unsern Strassen breit macht, voll der Frechheit
1487 5212 3545 5506 Die stets derart'ges volks erfüllt, das sich
