8200 5176
4088 458 6859 890 Darum verreih ich die! (Zu den andern) Laßt ihn in Frieden
1442 652 3975 1060 Vergleicht ihr sie dem Denken jenes Sklaven-
1448 715 6489 1172 dort, was er im schnell verflossnen Zeitwein Fabius Ern Meister biß du, die gesteh ich zu¬
4082 872 6565 1241 doch zog ich eines dir. Es denken manche
1430 997 3731 1323 Nur eines einzigen kurzen Tag 6 vollbracht.
4151 1035 6377 1373 So kein wie ich; Ohnte sich vor diesen.
1461 1185 3712 1524 Mit seines Bruders Weib, verband er sich.
4101 1154 6878 1517 Nicht jeder Braut dem eiteln Scheindes Größe
1417 1285 3944 1693 die - gab der Schwester Geht - des Königshofe
4163 1379 6878 1655 den du, Larguimus, die worang ist. Ruf klar
4170 1511 6696 1894 Hast du den Weg zu Schuwen seel gebahrt,
1467 1511 3555 1837 Ermordet seinen Bruder - zieht durch Rom
1448 1593 4094 2019 Das lässt — noch blubst Fleckt von der Verwandten Mord
4176 1605 6797 2019 Und blutig sind die Stadt, die die schreitest
1467 1856 3806 2138 Angab um als König Komaś sich verkündigen
4182 1856 6652 2245 Caritär (auf Targn. Wochen) Erglaust Am Gatte,
1480 1981 3887 2295 dies ist ein Mann! Dies ist im König'ssohn
5223 2025 6678 2276 der die Blitz zündet.
1480 2157 3731 2470 der Ahnen würdig, denen er entstandet
4195 2182 6928 2414 Tabias. Den Blotze selbst, des leuchtet und verhär¬
4201 2351 6966 2684 Und dann in Wolkennacht verschwänget, gleichter.
1467 2301 3862 2621 Und werth des Herrscherthums in euer Mitte.
1499 2508 3543 2803 beim Himmel! Ich gesteßt auch allen zu:
4195 2489 6584 2790 noch nein! Selbstdem nicht. Seit der Wilk
1505 2552 4101 2959 Dies ist kein Mann, der sein Volkbeglückt¬
4220 2640 6552 2997 Vergleich ich ihm, die von der Himmelsflamme
4245 2727 7073 3166 Oft glänzend strahlt - und doch nichts ist als Wolke
1486 2840 3135 3129 Claudius zu Zorgu/ Jacquinius.
2665 2916 3956 3223 wider, wenn du kauft!
4251 2959 6283 3329 und Dienstund schnellin nichts vergeht.
1480 3072 1875 3229 Fabius
1524 3141 3430 3455 Getreiße deine Stimme ihrem kann
5793 3129 6571 3392 Bars immer
4220 3248 4627 3505 Larm
4232 3248 6232 3662 Ich sey, mehr bin ich wohl als Tabius
1505 3367 2050 3643 der Ausspruch!
4276 3386 6815 3793 Bäuch ein Gott, bist du ein Erden sahe
1448 3455 4075 3793 Sargu. Ein Mensch, der Größe nicht begreift
1511 3612 4163 3931 Steht hier vor mir. Es sollt ich mich erzürnen
4257 3624 6740 3969 Brisch ein Ditz, biß du, was ich zerstöre.
4289 3756 6634 4163 Binrichte Volke, so verhüll ich dir
1549 3812 3561 4101 Nur eine einzige Rechtfertigung
4289 3900 6797 4289 Weikel Nacht und Die sternis dem Leben.
1542 3938 4094 4245 Gibt's ja vor diesem kleinlichen Geschlecht
4282 3988 7167 4508 Und thu ichs nicht — A. weißt: ich kann es thun.
1561 4075 4144 4433 Wenn man zu ihnen selber sich ermiedrigt
1574 4276 3869 4646 Der sprachst, wie du gedacht, mein Fabius
