8120 5112
4846 622 6188 970 Dritte Scene. -
4477 1077 5839 1374 Greber Servi bei Auss:
4224 1235 6615 1552 Arnes umgärtet sich mit einem Schwerte
4770 1413 6025 1659 die jünge Fallia
4367 1524 4822 1730 Ein Schwert?
4208 1607 7142 1869 O. j. Tullia, Wohin, mein Gatte, führt dein Weg?
4200 1686 7288 1999 Aruns. Zu Servienstullius, deinem Vater eilich¬
4264 1956 7446 2245 Du weisst ja — Au-fruhr-lärmt rings in der Stadt
4240 2086 7411 2308 Die Senatoren ziehen umher. Tarquimus (den Straften,
4232 2296 6710 2573 An ihrer Spitze läßt als König Koms
4212 2419 6259 2803 dem Volke sich verkündigen.
5115 2644 5669 2906 Lärm.
5610 2787 6417 2977 Sollte das.
4228 2834 4885 3080 Dj. Tullia
4236 2965 6595 3246 Aruns. Wie Waffenlärm in klingt's.
4283 3159 6603 3405 (Ereilt zur Seitenthüre u öffnet sie. Er
4224 3290 6639 3575 weicht zurück. Lueing Farquenius mit der
4271 3500 6568 3761 Senatoren dringt herein; alle haben
4200 3674 6385 3979 entblößte Schwertes. (Arieszieht.)
5150 3836 5978 4125 Eluge Sause.
4212 3955 6259 4351 Aruns. Was führt doch her?
