8072 4904
4008 868 6617 1251 Hinab zum Erdkais deiner Herrschaft ticht!
965 900 3158 1302 So tückisch sind die Götter nicht, daß sie
1034 1145 3459 1468 den Greis, der schröm sie (jeder alle) alle erzeit verehrte
4327 1265 6072 1551 Während der letzten Worte sind
1436 1348 1625 1482 Zieh
942 1348 3412 1644 Am Ende seiner Laufbahn noch vernichten.
4927 1427 6483 1713 Claudius und Talassius
157 1464 379 1644 Von
1025 1496 3274 1796 Das sich ich wohl kurz und genessen sind
457 1455 646 1764 Cultr
5222 1616 6132 1875 hereingetreten.
1034 1658 3514 1958 Die Lage, die das Schicksal mir noch schenkt,
540 1718 914 1875 doch mehr
536 1842 942 1990 stät sprechen
1071 1842 3412 2096 Gezählt die Stunden, die mich noch erwarten
420 1925 979 2069 mit dem Teilen
4091 1856 7028 2212 Claudius. Heil Romaskönig, seinem Wunsch Erhüllung
485 2022 956 2138 Aufleidiger Mei
1080 1981 3232 2249 Jedoch darqui mus Sriscus mutges Sohn,
485 2087 1007 2258 gericht aus das
4133 2073 7226 2327 Servius. Ihr, Clausius?  ihr braucht dies nicht zu wünschen
596 2184 808 2295 t is mais
1108 2133 3611 2410 Fucius Tarquimus wird nach meinem Ende
6617 2212 7841 2383 mehr als nur wünschen
522 2244 840 2433 Versmass?
4913 2267 5121 2406 s
4151 2267 6349 2544 Viel zur Erregung kön. ihr selber thun.
7259 2313 7679 2461 könte so¬
6515 2341 7831 2567 das Wohl des Staats liegt am
1094 2309 3625 2590 Das Volk so lieben wie ich selbst geliebt
489 2378 840 2595 Hofft
4151 2443 7864 2766 Claudius Endweder Bürger kann dem Staate mützen. Sie einem Haupt¬
1090 2452 3874 2761 Und wird gleich mir sein Erben an das Glück
3228 2614 3482 2743 (Ryland)
4160 2623 7471 2831 Servius. Am meisten der, den der Regent begünstigt, so?
1076 2623 3565 2918 Und an die Wohlfahrt seiner Römer setzen.
6723 2720 7873 2914 Und tueius sacquini uschtens zu
4211 2747 6543 3034 Und wie ich höre, schätzt euch tucius hoch¬
6608 2835 7891 3020 / Bedenkt des wohl, mein Tractaad. Aus¬
1427 2798 3643 3080 (Er wendet sich nach dem hintergründe)
4008 2918 6109 3191 1620. doch bringt ihr neues vom Senat?
7148 2941 7827 3103 strebt darnach,
1431 2988 2457 3228 wie zum Gehen
6621 2988 7822 3255 daß ihr den Samen edler
5795 3080 6483 3325 Nichtsneues.
4128 3094 4705 3315 Claudins
6848 3140 7633 3325 denkungswiese
928 3084 3805 3408 3/5 Geliebtes Volk. Dein ganzes Wirken gleiche,
6672 3218 7785 3472 den euer künftger König
4151 3265 6483 3537 Die Zeit ist ruhig - im gewohnten Gleise
1108 3274 3888 3579 Dein ganzes Sein der großen Auf des Himmels.
7448 3366 7725 3532 heft
4100 3422 6497 3712 bewegt sich alles - stille ziehn die Tage,
6728 3412 7674 3643 durch edler Worte
1150 3440 3274 3749 Wie er sich heute ob der Erde wollt
129 3417 1085 3754 (durch die offen Thür ins Freien¬
6806 3565 7910 3740 Frühling schauch zum Kenner
4128 3583 6497 3805 Der eine wie der andre hie – und nichts
374 3666 753 3851 sehend.
1127 3592 3966 3920 Mit machtgem Glanz die weite Luft durch dringend
6769 3689 7647 3874 Und bliehen bringe,
536 3777 984 3929 Krudenglan
4156 3791 6561 3966 So scheint es, will des Friedens Ruhe stören
6788 3828 7901 4091 Claudius. Pflicht und Her¬
1154 3800 3569 4059 Und frei sich dehnend in das Schanken lohn,
489 3860 984 4077 verklären.
4170 3911 6709 4160 Fabius. (zu Gabinius; auf Clandius weisend.)
7157 3966 7850 4197 befiehlts nur.
1136 3943 3477 4230 So strahle du einst, vielgewaltiges Rom,
4174 4063 6580 4350 die Stirne dort ist keines Heuchters Sterne
1127 4114 3583 4414 Nachdem du vier b mit stolzem Blitz bestraut
4183 4257 7236 4557 Zwar dem, der nichts dahin, kaum Verdacht erregend,
1117 4276 3796 4576 der Wolken dienst, der sich um dich gebreitet
6991 4345 7891 4604 Arthur Schnitzler, Targen Supdt.
