8072 5464
4354 581 7600 1003 d.ä. Mist wahr, ichst sehr doch wie Schmerz ist offen.
4386 826 6760 1185 Du kunst ihn ja, er ist sich aus deme.
1689 922 2488 1162 Da ich weiß es:
4354 1049 6942 1348 D. J. bei Und dennoch - schönest die allzusehr verstört.-
590 885 1003 1199 Deut.
586 1008 3169 1394 D. s. J. Es hat ein sonft Gemütigend liebt die Stille
4386 1194 6651 1548 Dichläßt auch andre nicht jede Ruhe kommen
586 1199 3400 1530 Dr. Er ist wie du. - doch der frühre ich liebe Schwester
4417 1330 7060 1698 du henksteten kleik - Zärtlich mein Wort quoarort?
572 1362 3155 1721 Deit der Diflau Trienwurde doch erheitern.
6501 1435 7586 1734 Dieseachteten Blik¬
590 1653 1939 1930 Dr. Erheitern -? Wie?
4399 1662 6987 2002 S ist nicht allein der Schmerz des Rommerei¬
1839 1621 3423 2016 Als schöneysam keu ich dich.
4445 1793 7055 2147 d. u. Sicht auch des Schmerz, den am Tochte fühlt,
636 1839 885 2038 D.j.
631 1934 2502 2170 doch nicht als allzuereht. doch
4377 2029 6324 2297 Wenn ihren Vater die ihre Water liebt.
686 2011 3373 2424 doch bist du heut weit ernstes noch als sonst.
4377 2138 7155 2470 I Wenn doch Wenn schlimmes dem geliebten Vater steht.
645 2206 3237 2592 D. A. Ich könte Ich bin nicht anders, als ich immer bin
4181 2306 7845 2683 D.y. Auch ich bin seine Tochter - (Süscherfsigerein) doch dein Gatte heißt
776 2461 1884 2774 Ich war nie anders
4431 2547 5580 2788 Lučius Targumius.
1544 2551 2701 2838 Ohrerlig mir nichts.
4395 2620 7137 3028 D. a. (wirft sich ihr an Ihrem Hals) O Schwester, liebe Schwester.
663 2679 885 2910 d.h.
5916 2828 6102 2960 gul
686 2742 2170 3105 Ich weiss ja, was dich aus stigt.
4967 2833 6615 3110 Und er wird König - die wir in
2842 2788 3582 3124 Plankmeid,
2066 2887 2760 3133 Angstest
4404 2910 4649 3173 D.J.
4545 2942 7132 3273 Und alle Wenn einer nicht mehr lebt, der geht Korns Körx
695 3055 976 3210 V-à
2184 3033 2801 3310 Weißt des?
726 3128 1752 3459 Noch ängstigt nicht.
2679 3178 2878 3391 Ja.
4495 3210 5593 3505 Rdd unser Vater ist.
5525 3337 6211 3578 Ich lieb ihn ja -
731 3360 953 3550 d.j.
754 3432 1957 3759 Auch ich erhielt die Ruatz:
4440 3432 4699 3591 V. u.
4449 3500 6460 3782 Du konst mirs nicht verstecken. Jollin,
1712 3491 2120 3723 geffen ihre
1294 3505 3210 3882 (fakt ihr unter seit) trete Schwester
4386 3659 6429 3963 Wenn der Gedruk an die künftze Zeit,
781 3691 1103 3954 Décès
1126 3673 3264 4063 Last dicht zu tief nicht kränken. Tu llica.
4417 3836 6143 4136 Wo ich die allergrößte sie in Korn
745 3882 3273 4254 D.a. Owühltest Dr. wüßtest d wird aller¬
758 3868 1044 4091 D.J.
4449 4045 5439 4313 d.J. Der Actenof
5407 4077 7536 4404 Ogeliebt Schreße, Dienst. Oversteinich doch
749 4131 1861 4417 Dy. Wieder -?
1675 4154 3537 4522 dochnein, ich bin nicht recht bei mir.
4422 4268 4672 4508 Dg.
5244 4331 6778 4635 Glaube mir, ich tat so innig!
2379 4299 4072 4672 Du thuß, das littest die schöne
740 4404 1053 4554 Dieu
749 4467 1775 4790 Dy. Duthust. als
3496 4481 3954 4753 Schmerz
1012 4545 2461 4940 Dr. hast was druckendes
