7896 4920
6957 707 7152 933 4.
1303 894 1632 1124 große
2213 910 2699 1101 mächtigen.
3922 929 5833 1200 Doch rat' ich auch, spracht zu einseitig nicht
1047 937 2890 1227 Der xx König unsrer großen Stadt.
4 1059 367 1250 der Baur!)
3949 1093 6147 1326 Und schielt mit manchem kleinen Seitentlijk
1001 1135 3318 1414 Das Voll uns gleich!- Wenn auch in allem nicht,
3918 1238 6066 1518 Auch ab und zu aufs Wohl und Heil der Klebs¬
1028 1300 2920 1579 So doch in als zu vielem! - Sehleuch vor,
3910 1399 6112 1674 Zwar weiß ichs altzugut; der könig wird
986 1468 3089 1743 Dass dieses Volk nach neuen Rechten stets
4587 1560 5149 1712 Hochgeersten
6919 1533 7439 1781 (culbeyvangken)
3918 1590 5841 1820 In seiner als bekannten Lieb zum Volke
971 1605 3326 1907 Mit giengen Händen faschen nicht die hohen,
4541 1732 4732 1858 alles
3952 1739 5722 1976 beim altenlassen. — Aber sagt ihm.
948 1781 3004 2095 die adligen Geschlechter überflügelt.
4109 1877 6296 2141 Ich bitt auch sehr im Namen des Senats¬
1036 1957 3069 2198 An äußere Ansche überflügelt und
3991 2034 6384 2324 Daß sich der Adel durchaus nicht geneigt fühlt
1017 2106 3291 2393 Am Antheil an der Mitagentschaft. O,
3972 2229 5848 2458 Im alten ruhig auszuharren. sondern
1009 2271 3192 2473 Wür ich der König Koms, ich bliefe bald
3880 2355 6047 2599 An seinem Willen starren Sinnes festhält.
1005 2435 3207 2695 Die Volksversammlungen, wo sich der Hauffe
3937 2511 6330 2779 Arums. Folgt mir in einigen Augenblicken, und
986 2595 3219 2867 In mächtger Einhalt zu einfältger Macht
3926 2695 5822 2959 Lahlt mich vorerst die Sache überlegen.
944 2760 3257 3043 Aufbläht, mit einem Hauche auseinander.
3945 2783 6135 3119 Wenn ich entschieden, bin mit meinem Herrn
994 2917 3001 3196 6 ist freilich keiner seinfältig, daß er
8 2936 646 3165 de viel des guld. Besser bescheint.
2878 3016 3406 3219 (Ihr Uhr)
3975 3012 5944 3299 So bitt ich auch, die nähern Punkt mir
1009 3092 3356 3368 des eignen Vortheils gern vergäß. Seit ist
3933 3196 5906 3486 Genau und deutlich dann hervorzuseten
959 3238 3211 3494 Ihr kennt den Haufen eben nicht, und so
4350 3349 4935 3494 Todest leblam
3956 3349 6036 3628 Und unterdessen lebt mir wohl! (Ab)
967 3402 3012 3620 Ist alle meine Red’ vergebens – um
3987 3490 7053 3811 Claudius (allein) Jetzt sehen, was deine Weisheit hilje und sich,
1009 3582 3341 3830 Ich kann erfolglos mich nach Hause trollen.
3972 3700 6097 3952 daß durch Karrheit unsas römischen Adels
1009 3723 3616 4006 sterns. Nicht doch. Ich muchs die Möglichkeit geschehe,
6846 3822 7763 4048 - Er (Claud) hat nicht sonder¬
3960 3857 5940 4124 Om goellstem Lichte unseren König malst!
6861 3979 7530 4144 wie das gethand.
1024 3914 3123 4193 daß ihr vielleicht nicht Unrecht habt. Jeden
3952 4014 6173 4300 Ich kenne ihn. - das regt der sonst so stellen
994 4063 2477 4381 Der konig mag entscheiden,
3979 4209 6223 4449 die ganze Seele auf. Er redet gegen uns
2141 4239 2882 4480 Freilich Rist
1017 4277 1537 4449 Claudius
4010 4354 5489 4606 Und u. eser ist das Spiel!
409 4201 573 4671 on the
1066 4381 3406 4675 der Müh kaum wert, die ihr darauf verwendet
