8120 5128
2773 709 3014 901 1
1468 688 2649 972 B.H. 110S 21 =
1365 1223 3060 1532 (Sicht starrauf die Leichnam)
1475 1387 3880 1713 tüg' nicht, Natur! Sie ist nicht todt! Meinem,
1468 1578 3433 1816 der Tod liebt solche edle Zu ge nicht, -
1472 1734 3940 2082 Er hätte sie zer stört, gleich gleich zerstört!
1443 1943 3862 2227 de Athmest, theures Kind, di lebst! Du kannst
1493 2099 3770 2422 Mir nicht gestorben sein - du athen est
2908 2287 4029 2489 - - - Nein nun!
2316 2305 2841 2543 schlüfst.
1489 2411 3951 2716 Du lebst nicht mehr! Vergebne Mühdies Aus¬
1426 2638 3752 2958 Dem Licht zuöffnen, die entflohne Seele
1422 2819 3695 3103 Hineinzuzaubern inslebendige Sem¬
1472 2989 2982 3259 Sie storb - sie ging dahin -
1326 3156 4089 3490 Gab (zu Fabus.) lässt ihn nicht länger weilen —
2904 3337 3865 3553 Diesen Anblick
1482 3497 3873 3816 Zu tragen fühl ich selbst mich allzu schwach.
1348 3670 4099 3979 sabius. Ich fürchte sehr, des alles zu verstehen
1326 3819 3904 4163 Peroius (schreiben) schon zu sehr in den Saal gehend,
1461 4064 4149 4287 Tarcquinius, gib mir Rechenschaft! Weh! weh¬
1454 4188 3958 4543 Wenn ich dich selbst des Mordeszeihen
2975 4369 3667 4638 müßte!
4263 525 4592 823 27.
4185 1138 7039 1447 hab. Wir wollen in die Straßen, allen Bugern
4220 1298 6777 1624 das furchtbar Unbegreifliche verkündigen
4227 1546 5780 1777 Und es zur Rache rufen.
4238 1642 6710 1954 (Gabie geht weiter nach vorn u bemerkt den
4252 1819 6727 2156 teichnam des Grunds. Erschreckt entsetzt
4209 2036 5975 2312 zurück; mit Mühe fasst er sich
4206 2213 6639 2433 (Auf die Thür im Hintergrandweisend) dasst uns hier
4202 2369 6472 2681 den Weg zur Straße gehe. (Zu Fabius, leise)
4855 2585 5568 2819 Entsetzliches
4238 2766 7004 2986 Erblickt ich dort. (Fabins sieht ihn mit Schrecken an,
4227 2894 6401 3142 Serv. Noch einmal an dem Leichnam vorbei
4273 3068 6053 3344 Vorbei? Nein, laßt uns dorthin.
5500 3224 6248 3486 Owie könnten
4206 3302 4585 3560 Gab.
4256 3490 4880 3674 Wir mir —
4263 3578 6532 3869 Tab (erblickt der Leichnam) Das war!
5670 3748 6635 4039 Es ist zu spät.
4284 3841 4575 4060 Gab
4302 3929 6720 4213 (Sie sehn mit den schrecken stieren blicken
4305 4160 5082 4443 auf den König
