8120 5176
419 588 3761 1024 gab. Entfließ nicht, tückische Meuchler - zich das Schre¬
406 826 3056 1189 Und wehre dich. Er jetzt auf Elandius;
393 1003 2918 1349 Claudtus (zu Avers) Benald auswerten Mey
428 1098 3091 1556 Wenn euch die Kreue ins Leben wurde könte!
877 1232 3778 1630 Talossius u. Clandius schlage des Fob. das Schwert
566 1565 1491 1807 aus der Hand.
497 1543 3484 1997 Gab: Da sie sich wahrlos sub. da ses ich scholos¬
501 1720 3860 2209 Berg. (zu Gabin) daß auch sterben und erselte jen¬
454 2114 1042 2347 Joh. Cl.
540 2096 3281 2546 Gab. A.A. dich lass ich leben flieb wohin.
614 2287 3423 2693 Fab. Da steh ich wahrlos. Komm und todte mich
2831 2438 3333 2654 for my
2066 2468 3557 2775 Meichigkeit gewördet!
562 2589 1474 2844 doch auch todte,
592 2641 3238 3039 Und müsse mich, - wie jene Sterbenden
579 2663 3942 3125 Servius. Fluchwurdige Freibar - oder das Torpumus Helfe!
597 3060 1461 3289 der Sterbende.
601 3060 3212 3475 Sagt ihm, daß ichs im Tode nochmals ein
644 3268 3393 3691 Ich wunsch ihm hilchem Ende wie das meine!
622 3341 3739 3791 Meberne vorühro, ein heimatloher Flucht.
916 3562 1098 3696 Vieh
622 3540 3856 3938 Aus Mocht er von Soll er von Nägtenhande der
2974 3691 3942 3959 by Volk
2645 3799 2991 3972 star
864 3843 2991 4150 Verlamt aus Rom, wen sich er¬
886 3908 3311 4271 Vertreiben aus der eignen Stadt
1024 3985 3938 4469 vom eigenem Volk zu ihm vom vortrieb
1089 4227 3856 4651 Soll er hin Soll erschrieben von Mordshanken
2805 4422 3847 4686 elenden sterben
4366 467 7214 821 Und wie gedenk in der letzten Stunde.
4426 640 6929 1020 Öf fand ihm eutschenvollst Fluch
4474 886 5697 1197 Eechbrecht Götter
4461 1063 5213 1344 doch Geht
4478 1085 7111 1522 durchreich an. Dich Gott der Unterwelt,
4465 1163 7889 1656 Erfüllt meine Gewähr dem Auch des Sterbesk Schulz!
4456 1444 7677 1828 Et Th Tal. Jm Lofftuns missive and with Clonich 8
4478 1595 7889 2010 serv. Ich (jur Gab. u. Fall.) Wie lange ists, daß ich mich gleich nach
4465 1820 7940 2088 direkts euch nicht Jahre her? Ich nannte mich einst glücklich. - Nur drei Tage
5135 1954 7863 2239 Wasmanns Elendb dauer- und es wiechs.
4210 2040 4413 2226 Dr S.
4469 2088 4798 2256 Gab.
5031 2105 7811 2429 Die doch die achtze Jahr meines Glücker auf'
4444 2235 4716 2369 1er
5317 2278 7275 2589 E. E. hätte ich acht Jahr nie gelebt
5248 2472 7145 2801 Ich sah hiesterben - die ich liebte.
4258 2472 4448 2710 24
5840 2628 6125 2771 Went
5109 2624 7409 2952 Ich hatte zwei geliebte Kinder mein,
4253 2658 4452 2918 Sr
5282 2740 7932 3017 Das nur starb - das andere -! Tullin! Tullia!
4547 2922 7837 3281 Tal. Ich ditt noch, kommt, - verlasst mit mir den Ort¬
4526 3117 7461 3458 Geb. Sagt. - Mein König – wol habt ihr kein Wunsch
6276 3268 7508 3553 Schweinsch Grüßtmit
4526 3397 4798 3605 serv.
4495 3385 6268 3761 das römsch volk - desen
4513 3618 7085 3977 Dem römsch Volke Heil und Glück – 7 Stücken
