4456 5800
1866 594 2421 756 Zu Seite E.
1329 714 3075 972 An denen er vorzeit zu Grunde ging,
1338 879 3492 1071 Und frei sich regt auf altererbter 1) Scholle
1332 1119 3345 1254 Sie sehen, dass ein vorschlag der Plebejer,
3237 1257 3585 1428 würdig
1332 1281 2685 1452 Wenn er es wert ist und der
1353 1431 3024 1617 Beim König gilt,wie Senatorenrath -
1371 1641 3462 1806 Und sehn mit Neid, dass unser edler Herrscher
1374 1803 3417 1971 In seinem Staate alle Menschen gleich liebt
1377 1995 3789 2229 Und gleich hoch schätzt bei gleicher Menschenwürde.
1386 2169 3054 2325 ihnen gilt die Standesehre höher,
816 2214 1251 2421 Gabinius:
1662 2358 2718 2517 Servius Sullius kommt
822 2565 1791 2751 Fabius und Gabinius:
1392 2655 3243 2856 Heil euch, dem grossen König Romas Heil.
1407 2868 3315 3081 Dank euch für euern Gruss; Dank, Dank. Auch
831 2766 1239 3114 Servius:
1392 3075 3330 3222 Ihr Stützen meines Thrones, seid gegrüsst.
1389 3228 3294 3405 Mir greisen Manne thut's im Herzen wohl,
1416 3393 3354 3621 Des röm'schen volkes allertreu'ste Bürger
1413 3555 3165 3780 Um mich zu sehn; und alle Römer sind
1416 3750 3264 3939 Mir lieb, wie Kinder, die ich auferzogen.
1434 3945 3207 4128 Wie einen Vater lieben sie euch alle,
861 3972 1218 4164 Fabius:
1428 4107 3534 4293 O glaubt es mir - darin liegt all mein glück
858 4188 1266 4329 Servius:
1440 4251 3609 4431 Und reicher Lohn für all mein rastlos Streben.
2763 4389 3090 4512 (Preis)
1443 4470 3504 4653 Denn wer sich einen solchen Schatz errungen,
1446 4635 3114 4845 Wie eines theuern Volkes Liebe ist,
1452 4824 3264 4989 Der lebte nicht vergebens auf der Erde
1458 5007 3306 5169 Der muss nicht zagen vor dem nahen Tod.
1461 5205 3213 5376 Verlorne Tage muss er nicht beweinen,
