8088 5096
4080 1126 6678 1516 Sargu. Auf kurze Zeit ein Lebewohl, Geliebte!
1189 1271 3924 1702 Auf der ich nun voll Selbstbewußtseinssteh¬
4088 1330 6600 1728 Nicht lange sollst du mehr der Huldigung
1397 1453 3958 1825 Drum jetzt hinweg mit deiner Lehr und Rede,
4058 1576 5872 1877 des ganzen Volkes warten.
1353 1706 3768 1962 Der ich mit einem Malentwachsen bin
5117 1698 6641 1984 (Amarmung.) Lebe wohl!
1397 1877 3638 2189 Ich weise deine Führerhand von mir
4084 1910 6864 2263 Und jetzt ihr Stömer, - rings durch meine Stadt!
1397 2014 3999 2386 Une sage stolz: "Farguimus war dir gleich:
4824 2118 5861 2360 (Alleabaußes)
2349 2252 2876 2486 (Pause.)
4222 2230 6028 2523 Cullia (die ihnen nachsicht. Dann:)
1468 2360 4062 2735 Clandius. Zur prächtgen Bluth entfaltet sich der
4199 2412 6596 2691 Somuss es sein - das ist der einzige Weg.
3337 2531 3761 2754 keine
4214 2609 6834 2854 Mag auch die Welt vor meinem Wagnis leben,
1371 2668 4051 3077 Sargu. Den Keine hat einer Göttin wilder Kuss
4192 2739 6678 3051 Die ja vorallein, was den allgewohnten
1490 2884 3798 3218 Zu seiner Blüthe glühend aufgeküsst.
4162 2906 6719 3285 Und trägen Gang der Zeiten unterbricht
1434 3111 4010 3359 Claudius (zu den in I. Forne stehenden Senatoren)
4196 3084 6674 3438 Zurückschreckt in alltägliche Gesinnung
1397 3248 3883 3582 Herbei! Der König Lanius Larguinius
4207 3248 6957 3664 Ist Kühnheit-Schuld? Mein, - keine große That
1501 3452 3241 3779 Entbietet die Senat zu sich.
4222 3445 6548 3753 Verdiente jemals Schuldzuheißen.
4237 3627 7035 4021 Ich bin entschlossen. - länger schwank ich nicht
1814 3646 3460 3950 (die Senatoren treten näher.)
2910 3835 3538 4077 Erkennt
5448 3824 6128 4121 (Gehlab.)
1442 3783 1984 4099 Targn.
1516 4002 3668 4311 Ihr mich als Romas König an?
1568 4132 3831 4422 Und tullia als Königin von Rom?
1096 4326 4088 4664 Senatoren. Wir wählen dich! Du bist von uns erkorden
