4472 5656
1341 593 3281 893 In diesen Armen lag sie - glühend presste
1334 817 3140 1030 Ihr weicher Busen sich an diese Brust,
1354 996 3236 1213 In heissen wogen mir entgegenschwellend.
1347 1186 3198 1396 Tarquinius, ich bin toll! Und denke nur,
1358 1320 3326 1571 Heut Mitternacht erwartet sie mich wieder,
1354 1527 3081 1775 Erwartet mich dasselbe Himmelsglück.
1358 1671 3432 1895 Ist's jetzt verzeihlich, dass ich lustig bin?
1378 1895 3353 2082 Wein,Sklaven,Wein - trink doch, Tarquinius!
1392 2068 3898 2278 (steht fast unbeachtet von den andern, die im Gespräch
817 2133 1261 2316 Claudius :
1378 2230 3760 2447 und Trinken sind, auf und stellt sich, den Becher in
1389 2412 2674 2619 der Hand, hinter Tarquinius)
979 2454 1148 2678 11/7
1385 2619 1933 2850 Tarquinius!
1413 2795 2495 3022 (aufblickend) Claudius?
841 2781 1368 3022 Tarquinius:
2402 2867 3350 3140 Ich bin's. Und wohl
844 3040 1292 3236 Claudius:
1410 3150 3257 3377 Willkommner dir, als ich es je gewesen.-
1410 3305 3343 3515 Gewiss,gewiss, es freut mich, dich zu sehn.
844 3370 1337 3584 Targunius:
1403 3474 3312 3691 Haha, du Narr! Das will ein König werden!
848 3584 1296 3770 Claudius:
1423 3639 4101 3877 Wo schweift dein Geist? Du sprichst und weisst nicht was?
972 3743 1158 4022 14/7
1413 3843 3639 4084 Wach auf! Das Wörtchen Tullia soll dich wecken.
855 3977 3629 4256 Tarquinius: Was willst du jetzt mit diesem Wort? (steht auf)
3053 4239 3384 4363 Es ist
1447 4177 2636 4435 (führt ihn immer weiter)
875 4287 1323 4504 Claudius:
1413 4294 3608 4611 Bald Mitternacht. Die letzte Nacht, mein Freund
1434 4521 3408 4811 Die du gleich andern Erdensöhnen schaust
1423 4725 3477 4994 Ein Alltagsmensch, ein Unterthanpein Nichts,
1447 4959 3415 5190 Wenn wieder sich ein Tag zur Ruh gesenkt.
