8216 5160
4208 485 6240 816 Serv. Bist des? - Nichtweiter -!
1519 638 3094 951 Viele. Wer sind die Mörder?
5322 662 6696 946 Last! - es ist das Volk,
4208 769 4618 965 Claud.
2381 741 3644 1100 Stille, ihr Getreuen,
4297 871 6133 1198 Zum dem ich reden soll.
1496 899 1803 1142 Gab.
1463 951 3933 1226 Das König will zu seinem Wolke sprechen
5457 1007 6682 1291 Hinweg mit ihm
4269 1095 4632 1305 Volk
503 1104 4119 1566 (das Hauptschüttelnd) Lero.) Noch sprach’ ich keinen dieses Trevelsschuldig
4222 1202 6682 1552 Claud. Die Waffen streckt, aufrühresche
1482 1342 2959 1626 Viel. Wer ist verdächtig.
5750 1398 6412 1631 Bürger!
2386 1463 3709 1780 Dieser Anthat lassst
4250 1487 6729 1883 (Will weiter, das Volk drängt ihm entge¬
1505 1552 1850 1799 serv.
1552 1622 4124 1967 Uns keinen vorschnellzeihe. Was immerhin
4301 1827 4674 2008 gen./.
1496 1794 4143 2162 Ich fluche ihm und werd ihn bald erkennen.
4264 1855 7228 2241 Gab. Entweist den Ort nicht, wo zwei Leichen ruhn.
1561 1994 3858 2325 Wacht ihr in diesem Haus - ich selber will —
4278 2055 6757 2363 Serv. unter dem Volk; von diesem beschützt.
1547 2227 2843 2470 Fabius (zu Marcus)
4222 2214 6939 2540 Hinweg, nicht weiter! Knerm Herren kundet,
1570 2335 4147 2675 Was sagtet ihr? Wenn ihr die Wahrheit spracht,
4297 2391 6883 2717 Der König Korns ruh ihn zur Rechenschaft!
1622 2521 4171 2857 So spricht sie nochmals laut vor allen aus¬
4310 2591 6818 2889 Volk. Wie alle sprechen ihn des Mordes
485 2735 3052 3090 Gab. Spricht! Nachl. Serv. Gerichsheit -?!
4380 2819 5135 3052 schuldig.
457 2857 4175 3155 Eganis Sagesfri Marcus. Die jüngere Tülha sahn wir durch
4343 2968 5993 3267 Ande. Und dich gleich ihm!
1622 3122 2460 3337 die Straßen
5326 3090 6878 3383 Euch, Servius Tullius,
433 3136 1347 3518 Serv. Spruch! Sprich /
4278 3187 4753 3411 Claud
1710 3234 3751 3560 Stolz mit Tarquinius ziehen¬
4324 3281 6934 3635 Erich klag ich dieser schweren Blutscheldan.
1608 3434 3924 3695 Savius (schreit auf.) Tullia, Tultia
4394 3453 7158 3737 Und niemand ändern. Sagt, wer war's, der uns
2083 3570 4250 3919 Reicht nur ein Schwert, im Schwertz
4436 3602 6911 3938 Erfüllung unsres Willesers weigerte
2801 3714 4026 4036 gib deinen Schild -
4394 3719 7009 4129 Nachts im Volke Boten rings gesandt
1528 3872 3462 4283 Ich will die Todten rächen¬
4413 3952 6906 4306 Und seine Bürger zu den Waffen rief?
457 4096 4213 4478 Fabius. Omein König. (Wie er durch die Halle heraus soll, kommt
1720 4278 4269 4623 Cloudius mit einigen Senatoren)
