8200 5000
4000 887 6138 1140 Und seinen großer Zielen schuldig ist.
2492 995 3079 1255 Sie fragen
4054 995 6128 1282 Sehr viel erwart ich mir von dieser Nacht.
1332 1035 1696 1248 Claud.
4539 1137 6954 1406 (Heht sinn end; es kommt die jungen Tullia, schnell)
1349 1194 2330 1420 In diesem Augenblick
1970 1298 3136 1572 Die Antwort sollen
4087 1393 5045 1622 Tullia. Hehtsgut?
1342 1400 1750 1572 Levins.
1352 1518 3032 1764 Die Übermütger in der Curie hören.
4762 1528 5356 1771 Vortrefflich!
4077 1545 4421 1774 Claud.
1349 1646 3399 1878 Staut diese kunde aus. Targennus selbst
5143 1656 6178 1878 Also sagt er sein't.
4050 1754 4435 1939 Tullia.
1356 1808 3376 2067 Wird dorterscheinen. Dies befehl ich ihm
4087 1831 6462 2101 Claud. So sprach er die Entscheidung aus und will
1369 1959 3686 2280 Claud. Ein "Ja nur oder "Nein" wünscht der Senat.
4135 2010 5855 2246 Tür diese Nacht noch den Senat berufen
1339 2111 3885 2428 Servius. "Nein, sorg ich, nein. Und meldet den Rebellen
4158 2165 6182 2405 Targnimus selber soll vor ihm erscheinen.
4165 2293 6651 2577 Tullia Iroquiniu 6? -  Ich will heut Nachts ihn sehn.
1315 2337 2887 2610 den Willen ihres Königs.
2249 2320 3406 2691 Nach ist schon der Abend¬
4162 2492 6472 2755 Claudius. Wenn ich die Wahl im stelle, denk ich wohl,
1339 2563 1663 2755 Cland.
1319 2614 3855 2910 Soll sich des Nachts heut der Senat versammeln¬
4246 2674 6040 2954 Entscheidet er zu einer Günsten
1325 2792 3103 3079 Lero. Er solle. (Wendet sich zum Gehen)
5700 2796 6114 3052 Nachts
4165 2897 4566 3049 Tullia
1325 2924 4020 3221 Claud. Ich grüße meinen hohen König. (Brugt das keine
6711 2921 7086 3136 n° 12
4135 2971 6118 3248 Um zwölf erwart ich ihn in jener Rolle
1538 3109 3352 3399 und wendet sich langsam zum Gehen.)
4108 3116 6269 3393 Die Hausunterkützt zum Garten führt.
1349 3231 3959 3528 Lervius (winkt dem Fabius, Gabin & Aruns, die ihm folgen
4165 3261 6873 3602 Claud. Und haucht ihm Feuer in die Seele ein;
1346 3352 4040 3770 Claud (bleibt bei der Thüre stehen.) Was du gewünschte ein Wunsch
4172 3491 6796 3764 Tullig. Ja, Claudius, ich will ihn auch gestalten!
3025 3612 3659 3801 im erbleiben.
4239 3629 6536 3899 Well seinen Geist zu machtger Leidenschaft
2425 3690 2732 3902 zu schwach
1551 3760 3811 4077 Und wird – beim listigen Mercur – nicht mehr
4236 3767 6920 4145 durch eigen Glut entflammen und sein Streben
1528 3929 3787 4202 Die Nein verkung ich dem Senat - und der
4253 3973 6273 4243 In wünge, erhaben Bahnen leiten
1501 4128 3872 4381 Wird seines Klanes sich wohl selbst bewußt sein
4185 4108 6620 4418 Claud. Ich send ihn auf, o schöne Zauberin!
1518 4266 3639 4523 Und wird erkennen, was er seinem Wellen
