<?xml version="1.0" encoding="UTF-8" standalone="yes"?>
<PcGts xmlns="http://schema.primaresearch.org/PAGE/gts/pagecontent/2013-07-15" xmlns:xsi="http://www.w3.org/2001/XMLSchema-instance" xsi:schemaLocation="http://schema.primaresearch.org/PAGE/gts/pagecontent/2013-07-15 http://schema.primaresearch.org/PAGE/gts/pagecontent/2013-07-15/pagecontent.xsd">
    <Metadata>
        <Creator>prov=READ-COOP:name=TrHtr:version=2.1.0:model_id=51170:date=28_07_2023_17:02</Creator>
        <Created>2023-05-10T11:39:08.027+02:00</Created>
        <LastChange>2023-07-28T17:02:06.646+02:00</LastChange>
        <TranskribusMetadata docId="1428168" pageId="55389723" pageNr="65" tsid="131365769" status="IN_PROGRESS" userId="64420" imgUrl="https://files.transkribus.eu/Get?id=JSBYAVHBOOHKGEFSOJUUCVVR&amp;fileType=view" xmlUrl="https://files.transkribus.eu/Get?id=JSGRCTFDVKLZYUOTJAMBVHUC" imageId="44664612"/>
    </Metadata>
    <Page imageFilename="1428168_0065.jpg" imageWidth="8168" imageHeight="5176">
        <ReadingOrder>
            <OrderedGroup id="ro_1711818266977" caption="Regions reading order">
                <RegionRefIndexed index="0" regionRef="tr_1"/>
                <RegionRefIndexed index="1" regionRef="tr_2"/>
            </OrderedGroup>
        </ReadingOrder>
        <TextRegion id="tr_1" custom="readingOrder {index:0;}">
            <Coords points="525,349 3892,349 3892,4039 525,4039"/>
            <TextLine id="tr_1_tl_1" custom="readingOrder {index:0;}">
                <Coords points="2984,443 3188,448 3308,413 3478,499 3602,452 3683,482 3679,358 3623,379 3474,290 3265,350 3116,341 3052,388 2984,392"/>
                <Baseline points="3008,423 3098,405 3187,399 3277,399 3367,405 3456,405 3546,417 3635,423 3695,429"/>
                <TextEquiv>
                    <Unicode>nur Rom</Unicode>
                </TextEquiv>
            </TextLine>
            <TextLine id="tr_1_tl_2" custom="readingOrder {index:1;}">
                <Coords points="2975,695 3103,644 3184,648 3312,571 3350,601 3367,584 3397,597 3436,563 3551,575 3555,473 3478,494 3372,426 3257,413 3231,439 3099,452 3022,524 2984,524"/>
                <Baseline points="3002,579 3026,573 3116,573 3205,561 3295,561 3384,561 3474,555 3564,555"/>
                <TextEquiv>
                    <Unicode>oft Eige</Unicode>
                </TextEquiv>
            </TextLine>
            <TextLine id="tr_1_tl_3" custom="readingOrder {index:2;}">
                <Coords points="558,899 2472,921 3112,759 3393,857 3721,759 3734,541 2941,720 2702,592 2106,575 1684,750 1475,639 1130,737 575,652"/>
                <Baseline points="585,871 597,865 686,859 776,865 865,865 955,871 1044,865 1134,865 1223,859 1313,859 1402,847 1492,847 1582,841 1671,835 1761,835 1850,829 1940,829 2029,823 2119,817 2208,811 2298,805 2388,794 2477,788 2567,782 2656,776 2746,776 2835,770 2925,758 3014,752 3104,752 3193,740 3283,734 3373,728 3462,722 3552,716 3641,710 3731,716"/>
                <TextEquiv>
                    <Unicode>Erhebt die Tyrann u. ihr kehrer Haupt - und</Unicode>
                </TextEquiv>
            </TextLine>
            <TextLine id="tr_1_tl_4" custom="readingOrder {index:3;}">
                <Coords points="567,1108 968,1044 1095,1125 1620,1019 1773,1074 2042,989 2170,1036 2234,1002 2242,852 2050,925 1952,878 1863,921 1773,840 1633,912 1398,852 1194,916 895,878 571,993"/>
                <Baseline points="591,1038 638,1038 728,1032 817,1026 907,1026 996,1026 1086,1026 1176,1020 1265,1014 1355,1014 1444,1008 1534,1008 1623,1002 1713,996 1802,991 1892,979 1982,979 2071,967 2161,955 2250,955"/>
                <TextEquiv>
                    <Unicode>Blust negium in den weiten</Unicode>
                </TextEquiv>
            </TextLine>
            <TextLine id="tr_1_tl_5" custom="readingOrder {index:4;}">
                <Coords points="597,1236 1547,1189 1722,1292 1944,1185 2093,1287 2442,1147 3018,1138 3026,951 2656,1044 2396,968 601,1108"/>
                <Baseline points="620,1164 704,1170 794,1182 883,1182 973,1188 1062,1188 1152,1188 1241,1188 1331,1188 1420,1188 1510,1176 1599,1176 1689,1170 1779,1170 1868,1164 1958,1158 2047,1152 2137,1152 2226,1140 2316,1128 2405,1122 2495,1116 2585,1116 2674,1110 2764,1098 2853,1092 2943,1080 3032,1056"/>
                <TextEquiv>
                    <Unicode>Gst Rom. W. Ist die Gefangne ihrer</Unicode>
                </TextEquiv>
            </TextLine>
            <TextLine id="tr_1_tl_6" custom="readingOrder {index:5;}">
                <Coords points="546,1445 3461,1309 3768,1228 3777,1083 3214,1006 2089,1292 1837,1194 1731,1287 844,1211 554,1355"/>
                <Baseline points="573,1385 644,1379 734,1373 823,1373 913,1367 1002,1367 1092,1367 1182,1367 1271,1367 1361,1367 1450,1355 1540,1349 1629,1349 1719,1337 1808,1337 1898,1331 1988,1325 2077,1319 2167,1313 2256,1307 2346,1295 2435,1295 2525,1283 2614,1277 2704,1271 2793,1265 2883,1253 2973,1247 3062,1247 3152,1241 3241,1229 3331,1223 3420,1217 3510,1211 3599,1205 3689,1205 3779,1205"/>
                <TextEquiv>
                    <Unicode>kriegt in den künftigen Banden ihrer Willkür¬</Unicode>
                </TextEquiv>
            </TextLine>
            <TextLine id="tr_1_tl_7" custom="readingOrder {index:6;}">
                <Coords points="2575,1441 2928,1475 3176,1415 3777,1398 3853,1381 3862,1215 3457,1313 3299,1262 3193,1326 3133,1266 2864,1274 2783,1321 2583,1287"/>
                <Baseline points="2596,1432 2608,1432 2698,1426 2787,1426 2877,1420 2967,1408 3056,1408 3146,1396 3235,1396 3325,1385 3414,1385 3504,1379 3593,1379 3683,1373 3773,1367 3862,1361"/>
                <TextEquiv>
                    <Unicode>Trifs it was as</Unicode>
                </TextEquiv>
            </TextLine>
            <TextLine id="tr_1_tl_8" custom="readingOrder {index:7;}">
                <Coords points="3269,1492 3291,1492 3316,1471 3338,1483 3363,1479 3372,1488 3376,1483 3406,1488 3414,1479 3423,1488 3444,1488 3436,1402 3410,1402 3401,1411 3376,1402 3261,1411"/>
                <Baseline points="3289,1462 3379,1468 3450,1474"/>
                <TextEquiv>
                    <Unicode>in</Unicode>
                </TextEquiv>
            </TextLine>
            <TextLine id="tr_1_tl_9" custom="readingOrder {index:8;}">
                <Coords points="503,1760 3461,1641 3755,1552 3764,1411 2924,1539 2195,1390 1777,1552 729,1556 507,1667"/>
                <Baseline points="525,1737 543,1731 632,1713 722,1707 811,1707 901,1701 991,1695 1080,1695 1170,1689 1259,1689 1349,1683 1438,1677 1528,1677 1617,1671 1707,1665 1796,1653 1886,1653 1976,1647 2065,1641 2155,1635 2244,1635 2334,1623 2423,1617 2513,1611 2602,1599 2692,1599 2782,1588 2871,1582 2961,1582 3050,1576 3140,1564 3229,1564 3319,1558 3408,1552 3498,1540 3587,1534 3677,1534 3767,1534"/>
                <TextEquiv>
                    <Unicode>Künf ungeben in den Landen; und wegs und sind</Unicode>
                </TextEquiv>
            </TextLine>
            <TextLine id="tr_1_tl_10" custom="readingOrder {index:9;}">
                <Coords points="592,1888 2707,1765 2979,1858 3495,1709 3725,1790 3892,1658 3610,1539 3478,1645 2459,1624 2097,1760 1939,1650 601,1786"/>
                <Baseline points="620,1874 668,1868 758,1862 847,1862 937,1856 1026,1850 1116,1850 1205,1844 1295,1844 1385,1838 1474,1832 1564,1826 1653,1820 1743,1820 1832,1814 1922,1814 2011,1808 2101,1802 2190,1796 2280,1791 2370,1779 2459,1779 2549,1767 2638,1761 2728,1755 2817,1749 2907,1749 2996,1731 3086,1725 3176,1719 3265,1713 3355,1707 3444,1701 3534,1707 3623,1707 3713,1719 3802,1725 3892,1725"/>
                <TextEquiv>
                    <Unicode>Sind alle Lande frei,- wohin wir flieh wieder, -</Unicode>
                </TextEquiv>
            </TextLine>
            <TextLine id="tr_1_tl_11" custom="readingOrder {index:10;}">
                <Coords points="2583,1939 2749,1914 2916,2046 3159,1910 3222,1974 3312,1978 3696,1922 3700,1756 3602,1765 3487,1709 3252,1820 3086,1795 2975,1858 2830,1765 2583,1790"/>
                <Baseline points="2608,1922 2632,1916 2722,1916 2811,1916 2901,1910 2990,1904 3080,1892 3170,1886 3259,1886 3349,1892 3438,1898 3528,1904 3617,1904 3707,1910"/>
                <TextEquiv>
                    <Unicode>ohne wurde,</Unicode>
                </TextEquiv>
            </TextLine>
            <TextLine id="tr_1_tl_12" custom="readingOrder {index:11;}">
                <Coords points="550,2059 746,2046 852,2131 1095,2033 1569,1991 1858,2080 2157,1986 2413,2106 2835,1995 2421,1790 554,1944"/>
                <Baseline points="573,2041 608,2035 698,2035 788,2029 877,2017 967,2017 1056,2017 1146,2011 1235,2005 1325,1999 1414,1988 1504,1982 1593,1982 1683,1976 1773,1976 1862,1976 1952,1970 2041,1964 2131,1964 2220,1958 2310,1958 2399,1952 2489,1952 2579,1964 2668,1976 2758,1988 2847,1988"/>
                <TextEquiv>
                    <Unicode>Wir finden xxx, sich und der 9. J.</Unicode>
                </TextEquiv>
            </TextLine>
            <TextLine id="tr_1_tl_13" custom="readingOrder {index:12;}">
                <Coords points="1407,2097 1432,2097 1466,2072 1505,2084 1517,2072 1539,2093 1569,2072 1586,2089 1603,2084 1620,2067 1662,2089 1701,2063 1722,2089 1765,2080 1765,2029 1726,2033 1714,2020 1701,2029 1679,1999 1611,2016 1581,1991 1556,2003 1530,1991 1407,2016"/>
                <Baseline points="1432,2071 1504,2071 1593,2059 1683,2059 1773,2065"/>
                <TextEquiv>
                    <Unicode>Oßen</Unicode>
                </TextEquiv>
            </TextLine>
            <TextLine id="tr_1_tl_14" custom="readingOrder {index:13;}">
                <Coords points="610,2229 1415,2182 1633,2225 1735,2165 2101,2165 2148,2157 2157,1999 1935,2076 1543,2097 1424,2097 1334,2020 844,2136 737,2050 622,2055"/>
                <Baseline points="632,2208 638,2202 728,2202 817,2196 907,2196 996,2196 1086,2190 1176,2185 1265,2185 1355,2173 1444,2167 1534,2155 1623,2155 1713,2149 1802,2149 1892,2137 1982,2119 2071,2113 2161,2113"/>
                <TextEquiv>
                    <Unicode>Sie in den Südter gegen 1</Unicode>
                </TextEquiv>
            </TextLine>
            <TextLine id="tr_1_tl_15" custom="readingOrder {index:14;}">
                <Coords points="656,2408 1309,2361 1424,2413 1978,2310 2165,2370 2319,2293 2707,2289 2715,2199 2272,2118 2127,2221 1748,2165 1633,2229 1402,2187 661,2289"/>
                <Baseline points="680,2393 746,2370 835,2370 925,2364 1014,2358 1104,2358 1194,2352 1283,2346 1373,2340 1462,2334 1552,2328 1641,2322 1731,2316 1820,2310 1910,2304 1999,2292 2089,2292 2179,2286 2268,2286 2358,2280 2447,2268 2537,2262 2626,2256 2716,2256"/>
                <TextEquiv>
                    <Unicode>Seit in d über Meer in den Ost in</Unicode>
                </TextEquiv>
            </TextLine>
            <TextLine id="tr_1_tl_16" custom="readingOrder {index:15;}">
                <Coords points="639,2570 844,2630 1172,2532 1449,2647 1850,2498 2920,2528 3303,2425 3312,2297 648,2447"/>
                <Baseline points="668,2555 716,2543 805,2537 895,2531 985,2531 1074,2525 1164,2519 1253,2519 1343,2513 1432,2507 1522,2507 1611,2501 1701,2489 1791,2483 1880,2471 1970,2465 2059,2459 2149,2459 2238,2453 2328,2447 2417,2447 2507,2441 2596,2435 2686,2423 2776,2417 2865,2411 2955,2405 3044,2405 3134,2393 3223,2388 3313,2382"/>
                <TextEquiv>
                    <Unicode>Sie ist in da gegen Suder, in die warsten gegenti¬</Unicode>
                </TextEquiv>
            </TextLine>
            <TextLine id="tr_1_tl_17" custom="readingOrder {index:16;}">
                <Coords points="2779,2690 2877,2668 2924,2694 2967,2664 3001,2694 3133,2609 3235,2664 3261,2442 3146,2442 2971,2523 2945,2511 2911,2528 2886,2506 2796,2523"/>
                <Baseline points="2805,2632 2895,2626 2985,2602 3074,2602 3164,2590 3253,2585"/>
                <TextEquiv>
                    <Unicode>Wolff</Unicode>
                </TextEquiv>
            </TextLine>
            <TextLine id="tr_1_tl_18" custom="readingOrder {index:17;}">
                <Coords points="1748,2754 1880,2728 1918,2754 2029,2681 2123,2681 2165,2638 2191,2656 2234,2643 2242,2489 2165,2481 2123,2515 2080,2498 2033,2528 1982,2494 1914,2519 1867,2498 1816,2523 1765,2519"/>
                <Baseline points="1779,2638 1802,2632 1892,2620 1982,2620 2071,2614 2161,2608 2250,2602"/>
                <TextEquiv>
                    <Unicode>Tächeit</Unicode>
                </TextEquiv>
            </TextLine>
            <TextLine id="tr_1_tl_19" custom="readingOrder {index:18;}">
                <Coords points="639,2737 737,2724 806,2762 865,2719 1002,2707 1006,2626 959,2596 942,2609 912,2596 887,2617 840,2626 793,2583 759,2600 746,2587 699,2617 648,2617"/>
                <Baseline points="668,2710 740,2704 829,2698 919,2692 1008,2686"/>
                <TextEquiv>
                    <Unicode>Seit.</Unicode>
                </TextEquiv>
            </TextLine>
            <TextLine id="tr_1_tl_20" custom="readingOrder {index:19;}">
                <Coords points="661,2894 980,2971 1113,2860 2050,2809 2204,2881 2353,2792 2506,2856 3031,2775 3124,2660 2502,2609 2072,2694 1944,2626 1415,2758 1181,2562 665,2809"/>
                <Baseline points="686,2877 710,2877 799,2871 889,2859 979,2853 1068,2853 1158,2847 1247,2841 1337,2829 1426,2823 1516,2817 1605,2811 1695,2805 1785,2805 1874,2793 1964,2793 2053,2787 2143,2782 2232,2776 2322,2770 2411,2770 2501,2770 2590,2758 2680,2746 2770,2734 2859,2734 2949,2734 3038,2728 3128,2716"/>
                <TextEquiv>
                    <Unicode>Wir finden xxx überall und Unse¬</Unicode>
                </TextEquiv>
            </TextLine>
            <TextLine id="tr_1_tl_21" custom="readingOrder {index:20;}">
                <Coords points="592,3095 916,3154 1688,3009 2072,3099 2293,2950 2434,2967 2447,2779 2221,2886 2055,2805 1445,2843 1368,2903 1117,2856 968,2975 725,2894 601,2962"/>
                <Baseline points="614,3050 650,3050 740,3044 829,3038 919,3038 1008,3026 1098,3020 1188,3014 1277,3008 1367,3002 1456,2990 1546,2990 1635,2985 1725,2979 1814,2967 1904,2961 1993,2955 2083,2949 2173,2949 2262,2943 2352,2937 2441,2931"/>
                <TextEquiv>
                    <Unicode>Servi die (schotelt des Haupt)</Unicode>
                </TextEquiv>
            </TextLine>
            <TextLine id="tr_1_tl_22" custom="readingOrder {index:21;}">
                <Coords points="2664,3112 2719,3133 2839,3120 2941,3163 2979,3133 3116,3120 3286,3154 3308,2894 3205,2933 3107,2928 3014,2992 2894,2984 2852,3014 2783,3001 2668,3035"/>
                <Baseline points="2686,3086 2770,3080 2859,3074 2949,3062 3038,3062 3128,3056 3217,3050 3307,3038"/>
                <TextEquiv>
                    <Unicode>wegsum</Unicode>
                </TextEquiv>
            </TextLine>
            <TextLine id="tr_1_tl_23" custom="readingOrder {index:22;}">
                <Coords points="678,3419 2349,3291 2357,3184 2255,3222 2093,3095 1816,3107 1641,3035 1257,3129 695,3154"/>
                <Baseline points="704,3367 746,3367 835,3355 925,3349 1014,3343 1104,3337 1194,3331 1283,3319 1373,3313 1462,3307 1552,3307 1641,3301 1731,3295 1820,3289 1910,3283 1999,3271 2089,3271 2179,3265 2268,3259 2358,3253"/>
                <TextEquiv>
                    <Unicode>Sind alle Lande frei. —</Unicode>
                </TextEquiv>
            </TextLine>
            <TextLine id="tr_1_tl_24" custom="readingOrder {index:23;}">
                <Coords points="627,3551 968,3627 1215,3508 1607,3589 1884,3465 3227,3431 3240,3257 801,3372 635,3465"/>
                <Baseline points="650,3552 734,3546 823,3540 913,3528 1002,3522 1092,3510 1182,3504 1271,3498 1361,3492 1450,3480 1540,3474 1629,3474 1719,3468 1808,3450 1898,3444 1988,3438 2077,3444 2167,3438 2256,3432 2346,3426 2435,3420 2525,3420 2614,3414 2704,3408 2793,3402 2883,3396 2973,3396 3062,3390 3152,3384 3241,3379"/>
                <TextEquiv>
                    <Unicode>serv. (ich bricht ihn) O sage des nicht.</Unicode>
                </TextEquiv>
            </TextLine>
            <TextLine id="tr_1_tl_25" custom="readingOrder {index:24;}">
                <Coords points="648,3777 1198,3700 1373,3785 1624,3657 2297,3610 2694,3683 2916,3598 3120,3687 3333,3555 3346,3389 1978,3461 1633,3593 1522,3512 1215,3593 1100,3525 972,3623 661,3568"/>
                <Baseline points="674,3707 746,3701 835,3695 925,3689 1014,3683 1104,3677 1194,3665 1283,3659 1373,3653 1462,3647 1552,3647 1641,3641 1731,3635 1820,3629 1910,3617 1999,3617 2089,3617 2179,3611 2268,3605 2358,3599 2447,3593 2537,3587 2626,3582 2716,3570 2805,3570 2895,3564 2985,3558 3074,3558 3164,3552 3253,3552 3343,3552"/>
                <TextEquiv>
                    <Unicode>xx Vielleicht im Norden blucht die Trächeit noch,</Unicode>
                </TextEquiv>
            </TextLine>
            <TextLine id="tr_1_tl_26" custom="readingOrder {index:25;}">
                <Coords points="695,3926 2187,3781 2357,3815 2506,3785 2515,3640 2221,3640 2144,3700 1628,3657 1377,3785 1211,3704 703,3836"/>
                <Baseline points="722,3898 728,3892 817,3874 907,3862 996,3856 1086,3850 1176,3838 1265,3838 1355,3826 1444,3820 1534,3814 1623,3808 1713,3802 1802,3796 1892,3790 1982,3790 2071,3779 2161,3773 2250,3767 2340,3761 2429,3749 2519,3749"/>
                <TextEquiv>
                    <Unicode>Sr Wir kaum kann an</Unicode>
                </TextEquiv>
            </TextLine>
            <TextLine id="tr_1_tl_27" custom="readingOrder {index:26;}">
                <Coords points="729,4092 1014,4118 1181,4028 2153,4083 2438,3960 2664,4015 2813,3909 2967,3943 3018,3841 2835,3742 1266,3866 1027,3973 737,3943"/>
                <Baseline points="758,4029 788,4029 877,4023 967,4017 1056,4011 1146,4005 1235,3999 1325,3993 1414,3987 1504,3981 1593,3976 1683,3964 1773,3964 1862,3958 1952,3946 2041,3940 2131,3928 2220,3928 2310,3928 2399,3922 2489,3916 2579,3910 2668,3904 2758,3898 2847,3898 2937,3892 3026,3886"/>
                <TextEquiv>
                    <Unicode>doch in Italias heißt u Süden schwand sie hie?</Unicode>
                </TextEquiv>
            </TextLine>
        </TextRegion>
        <TextRegion id="tr_2" custom="readingOrder {index:1;}">
            <Coords points="4411,594 7886,594 7886,3663 4411,3663"/>
            <TextLine id="tr_2_tl_1" custom="readingOrder {index:0;}">
                <Coords points="4420,810 4582,737 4710,806 4825,703 5251,806 5435,699 5626,823 6313,682 6769,678 6939,789 7170,720 7170,486 7012,541 6756,418 6006,567 5716,465 5060,614 4424,546"/>
                <Baseline points="4447,692 4489,692 4578,686 4668,686 4758,680 4847,680 4937,680 5026,680 5116,686 5205,680 5295,680 5384,680 5474,680 5564,680 5653,674 5743,668 5832,668 5922,668 6011,668 6101,668 6190,668 6280,662 6370,662 6459,662 6549,656 6638,662 6728,656 6817,656 6907,650 6996,650 7086,644 7175,650"/>
                <TextEquiv>
                    <Unicode>Ihr wißt ja, auch auf Griechenland kam könnte</Unicode>
                </TextEquiv>
            </TextLine>
            <TextLine id="tr_2_tl_2" custom="readingOrder {index:1;}">
                <Coords points="4386,882 4838,951 5124,921 5337,835 5567,882 5631,861 5631,742 5541,763 5477,712 5247,806 5089,708 4910,763 4825,703 4706,810 4595,737 4442,827 4386,810"/>
                <Baseline points="4411,853 4477,853 4567,853 4656,847 4746,841 4835,847 4925,847 5014,847 5104,847 5193,841 5283,841 5373,835 5462,835 5552,835 5641,835"/>
                <TextEquiv>
                    <Unicode>Von herrschbegiegen.</Unicode>
                </TextEquiv>
            </TextLine>
            <TextLine id="tr_2_tl_3" custom="readingOrder {index:2;}">
                <Coords points="5392,1121 5494,1083 5571,1155 6117,1061 6372,1113 6696,997 6922,1010 6986,1083 7276,1019 7289,818 5396,1032"/>
                <Baseline points="5420,1062 5498,1068 5587,1056 5677,1050 5767,1056 5856,1044 5946,1050 6035,1032 6125,1032 6214,1026 6304,1020 6393,1014 6483,1008 6572,996 6662,991 6752,985 6841,979 6931,967 7020,961 7110,961 7199,961 7289,967"/>
                <TextEquiv>
                    <Unicode>Von Ostern, Ehrwillige - die Rucher</Unicode>
                </TextEquiv>
            </TextLine>
            <TextLine id="tr_2_tl_4" custom="readingOrder {index:3;}">
                <Coords points="4407,1117 4523,1142 4638,1036 4944,1091 5136,1019 5298,1125 5473,1006 5823,1019 5827,904 5626,848 5439,899 5341,831 5098,925 4676,942 4548,887 4412,942"/>
                <Baseline points="4429,1020 4495,1020 4584,1014 4674,1020 4764,1014 4853,1014 4943,1014 5032,1014 5122,1020 5211,1014 5301,1026 5390,1002 5480,996 5570,1002 5659,1002 5749,991 5838,979"/>
                <TextEquiv>
                    <Unicode>Syrannen herrxx.</Unicode>
                </TextEquiv>
            </TextLine>
            <TextLine id="tr_2_tl_5" custom="readingOrder {index:4;}">
                <Coords points="4505,1206 6577,1236 7421,1164 7425,1010 5584,1142 5068,1014 4505,1134"/>
                <Baseline points="4531,1176 4561,1176 4650,1176 4740,1176 4829,1182 4919,1176 5008,1176 5098,1182 5187,1182 5277,1182 5367,1182 5456,1176 5546,1176 5635,1176 5725,1170 5814,1170 5904,1170 5993,1170 6083,1170 6172,1164 6262,1158 6352,1152 6441,1158 6531,1152 6620,1140 6710,1146 6799,1140 6889,1140 6978,1140 7068,1140 7158,1140 7247,1140 7337,1134 7426,1134"/>
                <TextEquiv>
                    <Unicode>Auch in Gesuch Oster auch - zur Herren Grafen lan¬</Unicode>
                </TextEquiv>
            </TextLine>
            <TextLine id="tr_2_tl_6" custom="readingOrder {index:5;}">
                <Coords points="4407,1385 5644,1402 5950,1326 6164,1424 6283,1347 6372,1432 6867,1441 6875,1147 6569,1236 5528,1198 5401,1292 5149,1185 4736,1283 4412,1232"/>
                <Baseline points="4435,1355 4465,1349 4555,1349 4644,1349 4734,1349 4823,1349 4913,1355 5002,1355 5092,1349 5181,1343 5271,1343 5361,1343 5450,1337 5540,1331 5629,1325 5719,1319 5808,1313 5898,1319 5987,1313 6077,1325 6167,1325 6256,1325 6346,1319 6435,1325 6525,1313 6614,1313 6704,1313 6793,1301 6883,1307"/>
                <TextEquiv>
                    <Unicode>kam uns die kunde Tagekneicher geschafft.</Unicode>
                </TextEquiv>
            </TextLine>
            <TextLine id="tr_2_tl_7" custom="readingOrder {index:6;}">
                <Coords points="4403,1620 4825,1534 5243,1628 5388,1530 5605,1611 6053,1522 6134,1590 6262,1509 6496,1586 6500,1419 6377,1432 6279,1343 6181,1436 6091,1347 5985,1394 5857,1330 4966,1458 4817,1360 4412,1385"/>
                <Baseline points="4429,1522 4447,1522 4537,1522 4626,1516 4716,1516 4805,1510 4895,1510 4984,1510 5074,1510 5164,1510 5253,1504 5343,1504 5432,1504 5522,1504 5611,1492 5701,1486 5790,1492 5880,1492 5970,1486 6059,1480 6149,1486 6238,1486 6328,1474 6417,1474 6507,1480"/>
                <TextEquiv>
                    <Unicode>E. Vergangen ihr zu Zeit der</Unicode>
                </TextEquiv>
            </TextLine>
            <TextLine id="tr_2_tl_8" custom="readingOrder {index:7;}">
                <Coords points="4446,1735 6104,1658 6326,1760 6522,1645 7212,1654 7221,1419 6556,1428 6355,1556 5703,1620 5422,1530 5247,1628 4663,1543 4446,1645"/>
                <Baseline points="4471,1671 4537,1671 4626,1671 4716,1665 4805,1665 4895,1665 4984,1665 5074,1665 5164,1665 5253,1665 5343,1659 5432,1659 5522,1659 5611,1659 5701,1653 5790,1647 5880,1647 5970,1641 6059,1641 6149,1647 6238,1647 6328,1641 6417,1641 6507,1635 6596,1629 6686,1629 6775,1623 6865,1617 6955,1611 7044,1611 7134,1611 7223,1611"/>
                <TextEquiv>
                    <Unicode>Das Ostre auch, vom Herrn Griechenland</Unicode>
                </TextEquiv>
            </TextLine>
            <TextLine id="tr_2_tl_9" custom="readingOrder {index:8;}">
                <Coords points="4459,1897 6010,1795 6407,1927 6547,1812 6650,1876 7050,1816 7050,1658 6556,1650 6330,1760 6091,1654 6006,1722 4885,1701 4765,1777 4638,1688 4463,1786"/>
                <Baseline points="4483,1850 4555,1838 4644,1832 4734,1826 4823,1820 4913,1814 5002,1802 5092,1808 5181,1808 5271,1802 5361,1802 5450,1802 5540,1808 5629,1796 5719,1802 5808,1796 5898,1796 5987,1791 6077,1802 6167,1802 6256,1802 6346,1802 6435,1796 6525,1791 6614,1785 6704,1785 6793,1791 6883,1791 6972,1785 7062,1796"/>
                <TextEquiv>
                    <Unicode>kam uns die Kunde von Ipränenherrschaft.</Unicode>
                </TextEquiv>
            </TextLine>
            <TextLine id="tr_2_tl_10" custom="readingOrder {index:9;}">
                <Coords points="4753,1905 4829,1939 4983,1888 5115,1952 5209,1918 5575,1974 5865,1884 6002,1939 6155,1888 6159,1807 4757,1829"/>
                <Baseline points="4776,1898 4823,1904 4913,1892 5002,1886 5092,1886 5181,1880 5271,1880 5361,1880 5450,1880 5540,1892 5629,1886 5719,1886 5808,1886 5898,1874 5987,1868 6077,1874 6167,1868"/>
                <TextEquiv>
                    <Unicode>Vorins ist die schöne Zeit der Freiheit</Unicode>
                </TextEquiv>
            </TextLine>
            <TextLine id="tr_2_tl_11" custom="readingOrder {index:10;}">
                <Coords points="4412,2033 4923,2093 5021,2012 5942,1982 6347,2097 6492,1978 7152,1986 7204,1850 6982,1807 6790,1927 6560,1816 6407,1927 6176,1850 5490,1965 5000,1884 4842,1952 4599,1846 4412,1944"/>
                <Baseline points="4435,1999 4525,1993 4614,1999 4704,1999 4793,2005 4883,1999 4973,1999 5062,1999 5152,1993 5241,1993 5331,1993 5420,1993 5510,1993 5599,1988 5689,1982 5778,1982 5868,1970 5958,1970 6047,1976 6137,1970 6226,1970 6316,1970 6405,1964 6495,1970 6584,1970 6674,1970 6764,1958 6853,1952 6943,1958 7032,1958 7122,1952 7211,1958"/>
                <TextEquiv>
                    <Unicode>Ohr Getreuen, preche auch mit mir,</Unicode>
                </TextEquiv>
            </TextLine>
            <TextLine id="tr_2_tl_12" custom="readingOrder {index:11;}">
                <Coords points="6782,2067 6829,2080 6880,2046 6918,2089 6973,2123 7042,2059 7054,2076 7084,2076 7089,1982 7063,1978 7016,2003 6995,1982 6961,1991 6927,1978 6910,1995 6892,1982 6867,1999 6850,1982 6833,1986 6807,1956 6786,1956"/>
                <Baseline points="6811,2035 6829,2035 6919,2029 7008,2029 7098,2023"/>
                <TextEquiv>
                    <Unicode>in</Unicode>
                </TextEquiv>
            </TextLine>
            <TextLine id="tr_2_tl_13" custom="readingOrder {index:12;}">
                <Coords points="4795,2178 5307,2268 5550,2165 6858,2140 6956,2221 7493,2127 7741,2221 7745,1986 7357,1927 7050,2084 6505,1978 6334,2097 6095,1991 5021,2012 4800,2118"/>
                <Baseline points="4823,2167 4889,2167 4978,2161 5068,2155 5158,2149 5247,2149 5337,2143 5426,2149 5516,2155 5605,2149 5695,2143 5784,2143 5874,2137 5964,2131 6053,2131 6143,2125 6232,2125 6322,2125 6411,2125 6501,2131 6590,2131 6680,2125 6769,2131 6859,2125 6949,2131 7038,2125 7128,2119 7217,2113 7307,2107 7396,2113 7486,2119 7575,2125 7665,2125 7755,2137"/>
                <TextEquiv>
                    <Unicode>ist des Zeit des Todes noch - das Ich tun ver¬</Unicode>
                </TextEquiv>
            </TextLine>
            <TextLine id="tr_2_tl_14" custom="readingOrder {index:13;}">
                <Coords points="4412,2195 4488,2208 4510,2191 4574,2212 4616,2182 4714,2174 4723,2029 4680,2029 4667,2042 4604,1999 4531,2059 4523,2050 4471,2076 4420,2067"/>
                <Baseline points="4435,2173 4459,2173 4549,2173 4638,2167 4728,2161"/>
                <TextEquiv>
                    <Unicode>Uhr</Unicode>
                </TextEquiv>
            </TextLine>
            <TextLine id="tr_2_tl_15" custom="readingOrder {index:14;}">
                <Coords points="4621,2302 4774,2255 4825,2293 4940,2246 4991,2285 5068,2285 5106,2259 5179,2276 5175,2195 5098,2182 5068,2153 5021,2187 4940,2191 4919,2212 4889,2212 4842,2170 4795,2195 4765,2165 4702,2157 4616,2187"/>
                <Baseline points="4638,2244 4650,2244 4740,2226 4829,2238 4919,2244 5008,2244 5098,2238 5187,2238"/>
                <TextEquiv>
                    <Unicode>daß es</Unicode>
                </TextEquiv>
            </TextLine>
            <TextLine id="tr_2_tl_16" custom="readingOrder {index:15;}">
                <Coords points="4442,2387 6982,2289 7123,2366 7528,2310 7532,2157 4442,2268"/>
                <Baseline points="4465,2346 4495,2346 4584,2340 4674,2340 4764,2328 4853,2328 4943,2328 5032,2322 5122,2328 5211,2322 5301,2316 5390,2316 5480,2322 5570,2322 5659,2316 5749,2310 5838,2304 5928,2298 6017,2298 6107,2298 6196,2292 6286,2292 6375,2298 6465,2298 6555,2298 6644,2292 6734,2292 6823,2292 6913,2292 7002,2286 7092,2286 7181,2286 7271,2286 7361,2286 7450,2286 7540,2292"/>
                <TextEquiv>
                    <Unicode>Was kommen wird, wir werde es nicht mehr sehn.</Unicode>
                </TextEquiv>
            </TextLine>
            <TextLine id="tr_2_tl_17" custom="readingOrder {index:16;}">
                <Coords points="4454,2545 6377,2477 6799,2600 7323,2481 7647,2587 7881,2477 7881,2357 4454,2387"/>
                <Baseline points="4477,2495 4483,2495 4573,2489 4662,2477 4752,2465 4841,2477 4931,2477 5020,2483 5110,2483 5199,2483 5289,2483 5378,2483 5468,2489 5558,2483 5647,2483 5737,2477 5826,2477 5916,2477 6005,2471 6095,2471 6184,2465 6274,2459 6364,2459 6453,2465 6543,2465 6632,2459 6722,2459 6811,2453 6901,2453 6990,2453 7080,2447 7169,2441 7259,2441 7349,2441 7438,2441 7528,2435 7617,2435 7707,2447 7796,2459 7886,2477"/>
                <TextEquiv>
                    <Unicode>tä. Ich sehe ihre Gabinius, dem Sie müßdrukt. Die Uhrsicht</Unicode>
                </TextEquiv>
            </TextLine>
            <TextLine id="tr_2_tl_18" custom="readingOrder {index:17;}">
                <Coords points="4429,2673 6364,2685 6794,2647 6799,2519 5384,2489 5021,2604 4736,2592 4633,2502 4429,2566"/>
                <Baseline points="4453,2662 4477,2662 4567,2656 4656,2656 4746,2656 4835,2650 4925,2650 5014,2650 5104,2650 5193,2650 5283,2650 5373,2644 5462,2644 5552,2638 5641,2638 5731,2638 5820,2632 5910,2632 5999,2632 6089,2626 6178,2620 6268,2620 6358,2620 6447,2620 6537,2620 6626,2620 6716,2620 6805,2620"/>
                <TextEquiv>
                    <Unicode>korn heute:  Welt heut ob</Unicode>
                </TextEquiv>
            </TextLine>
            <TextLine id="tr_2_tl_19" custom="readingOrder {index:18;}">
                <Coords points="4480,2894 7698,2818 7745,2566 7080,2719 4484,2694"/>
                <Baseline points="4507,2823 4525,2823 4614,2817 4704,2817 4793,2811 4883,2805 4973,2805 5062,2805 5152,2811 5241,2805 5331,2805 5420,2805 5510,2805 5599,2805 5689,2799 5778,2799 5868,2799 5958,2799 6047,2799 6137,2793 6226,2787 6316,2782 6405,2782 6495,2782 6584,2782 6674,2776 6764,2776 6853,2776 6943,2782 7032,2776 7122,2776 7211,2770 7301,2770 7390,2764 7480,2764 7569,2764 7659,2764 7749,2770"/>
                <TextEquiv>
                    <Unicode>kam xxx Schreibt fieß ob meinem Haupt</Unicode>
                </TextEquiv>
            </TextLine>
            <TextLine id="tr_2_tl_20" custom="readingOrder {index:19;}">
                <Coords points="6330,2979 6590,2962 6709,3069 6884,2950 7067,3014 7233,2950 7336,3048 7570,3026 7574,2783 7489,2822 7400,2788 7268,2873 7170,2775 7050,2864 6931,2792 6701,2881 6556,2830 6330,2860"/>
                <Baseline points="6352,2943 6417,2943 6507,2943 6596,2937 6686,2943 6775,2937 6865,2937 6955,2937 7044,2937 7134,2937 7223,2931 7313,2925 7402,2919 7492,2913 7581,2907"/>
                <TextEquiv>
                    <Unicode>mir scheint so licht</Unicode>
                </TextEquiv>
            </TextLine>
            <TextLine id="tr_2_tl_21" custom="readingOrder {index:20;}">
                <Coords points="4471,3150 5938,3133 6023,3197 6159,3124 6598,3193 6880,3116 6880,3026 6709,3069 6586,2962 6181,3018 5737,2890 4476,2933"/>
                <Baseline points="4495,3134 4561,3140 4650,3140 4740,3134 4829,3128 4919,3128 5008,3128 5098,3128 5187,3128 5277,3128 5367,3128 5456,3128 5546,3116 5635,3116 5725,3116 5814,3110 5904,3116 5993,3110 6083,3110 6172,3110 6262,3104 6352,3098 6441,3104 6531,3104 6620,3098 6710,3104 6799,3104 6889,3104"/>
                <TextEquiv>
                    <Unicode>Soklar das das völlige Wesen¬</Unicode>
                </TextEquiv>
            </TextLine>
            <TextLine id="tr_2_tl_22" custom="readingOrder {index:21;}">
                <Coords points="4442,3338 5085,3410 5409,3303 7059,3295 7093,3107 6036,3222 5793,3129 4936,3210 4672,3150 4442,3240"/>
                <Baseline points="4465,3319 4501,3325 4590,3313 4680,3313 4770,3307 4859,3307 4949,3301 5038,3301 5128,3295 5217,3295 5307,3289 5396,3289 5486,3289 5575,3289 5665,3289 5755,3283 5844,3283 5934,3283 6023,3283 6113,3277 6202,3277 6292,3271 6381,3271 6471,3271 6561,3271 6650,3265 6740,3271 6829,3265 6919,3259 7008,3253 7098,3253"/>
                <TextEquiv>
                    <Unicode>das künftge? Sowe das Schlor</Unicode>
                </TextEquiv>
            </TextLine>
            <TextLine id="tr_2_tl_23" custom="readingOrder {index:22;}">
                <Coords points="4424,3521 6313,3453 6598,3555 6948,3440 7438,3457 7361,3282 6347,3372 5396,3308 5085,3414 4429,3350"/>
                <Baseline points="4453,3468 4495,3474 4584,3474 4674,3474 4764,3474 4853,3474 4943,3474 5032,3468 5122,3468 5211,3462 5301,3462 5390,3468 5480,3456 5570,3456 5659,3450 5749,3450 5838,3450 5928,3450 6017,3450 6107,3450 6196,3444 6286,3438 6375,3438 6465,3438 6555,3438 6644,3444 6734,3438 6823,3438 6913,3438 7002,3438 7092,3432 7181,3432 7271,3426 7361,3420 7450,3420"/>
                <TextEquiv>
                    <Unicode>So hell das Wesen alles künfte Zeit</Unicode>
                </TextEquiv>
            </TextLine>
            <TextLine id="tr_2_tl_24" custom="readingOrder {index:23;}">
                <Coords points="4488,3751 5179,3649 5324,3768 5601,3679 5959,3747 6799,3610 7515,3725 7626,3436 6607,3555 6317,3453 6202,3546 6070,3461 4493,3542"/>
                <Baseline points="4513,3653 4590,3653 4680,3647 4770,3641 4859,3641 4949,3635 5038,3629 5128,3629 5217,3629 5307,3623 5396,3623 5486,3623 5575,3623 5665,3623 5755,3623 5844,3623 5934,3617 6023,3617 6113,3611 6202,3611 6292,3611 6381,3605 6471,3611 6561,3605 6650,3605 6740,3599 6829,3599 6919,3593 7008,3593 7098,3587 7187,3587 7277,3587 7366,3593 7456,3593 7546,3593 7635,3593"/>
                <TextEquiv>
                    <Unicode>mich dankt, ich weiß und kennen alle Zukunth</Unicode>
                </TextEquiv>
            </TextLine>
        </TextRegion>
    </Page>
</PcGts>
