4392 5800
1791 688 2317 849 Zu Seite 9
1456 765 1960 949 Voll des Ge¬
818 888 3397 1099 1) Das Stück spielt doch in Rom, nicht in Mesopolamien.
1660 995 2198 1122 unumso heimt
2417 995 2801 1114 G.N.H.P.
818 1034 3727 1218 2) Die Grössten unter den Grossen und umgekehrt. Die Edelsten
1852 1187 2198 1299 Patricie
968 1260 3819 1406 unter den Edeln - aber nicht zwei Superl. Es wird zu holprig.
1833 1353 2471 1487 nicht, dass du
818 1379 3892 1645 3) Kann es sich aufschwingen und zugleich die Hände in den Schoss
945 1591 1272 1791 legen?
815 1787 3904 1960 4) Hieraus folgt: dass die Adeligen die Hände in den Schoss legen
1764 1894 1975 2025 G.H.F.P.
938 1948 1875 2136 nicht die Plebejer.
2144 4123 3239 4319 ohne uns. Donselben Weg
2605 4261 3339 4384 e Absicht)(die)
1925 4315 3274 4507 du und ich. Das Triebrad, das
1445 4484 3658 4734 zum Handeln dich trieb, ist Verschwendungssucht,
1456 4653 3650 4907 Ist Stolz, ist Uebermut - nenn's, wie du willst.
1460 4815 3677 5053 Was mich treibt, ist zumeist die Freud am Neuen,
1625 5003 3616 5264 Lust am Umsturz, Thatendrang und Wildheit.
