8168 4984
2688 869 3777 1179 Das gemeine Velk,
1389 963 1881 1192 Aoudius.
1422 1108 3583 1415 So sprichts es rings wie eine einzige Stimme
1461 1270 3322 1577 Bevorzugt unser Herrscher altzusehr.
1441 1473 2921 1729 Servius. Oich bin ungerecht!
2572 1625 3467 1822 So-sagen sie.
1441 1671 1926 1832 Claudius.
1444 1774 3480 2042 Sie wollen morgen in der Curie sich
1506 1897 3848 2165 Verhammeln, um ein letztes mal die Antwort
1490 2084 3887 2323 des Königs Servius tullius zu vernehmen.
1422 2278 4000 2530 Servius. Und nochmals werden sie mein Nein
3199 2369 3978 2572 mein Festes,
1493 2462 3571 2698 Mein unschütterliches Nein und nie
1490 2543 4020 2850 Ein andres Wort aus meinem Munde hören.
1519 2750 4033 3015 Und sagt, warum gehorschte meinem Wunsch
1532 2911 3868 3183 Vieh erzukommen, auch Tarquimius nicht?
1457 3050 4055 3370 Claudius. So weit geht meine Kenntnis nicht! Die
2928 3225 3823 3464 Mittagsstunde
1493 3422 3923 3645 Sollmorgen alles klären und zum guten
1490 3590 3781 3871 Zum allerbesten alles böse wandeln.
1519 3697 3962 4039 Und also wunsch ich meinem König heil!
2407 3913 2911 4139 (Gest.)
2359 4084 2811 4330 (Stille)
4188 759 6779 1066 Fabrus (zu Gabin.) O dieses Claudeusränkevoller Geist
4152 1024 6482 1247 Allein ist alles Unheils gift' ger Quell.
4184 1134 6524 1412 Gabie (zum König; der starr dagestanden)
4155 1338 6311 1519 Soll die Partei des Volks sich rusten? Stets
4172 1496 6711 1748 Mussman des Kampfes jetzt gewärtig sein
4178 1641 6614 1903 Servius (toulos.) Sie sollen jeden Augenblick
5933 1835 6611 1990 bereit sein.
4850 1906 5160 2058 Stille
4178 1961 6220 2226 In aller sprengt die Kunde aus.
4944 2126 6453 2356 (Sie werden sich zum Gehen.)
5661 2259 6692 2514 Es wankt Am
4230 2333 5542 2582 Servius. O Nom. o Rom.
5674 2456 6456 2695 könig tun.
4769 2999 6685 3399 Der Vorhang fällt.
