8072 4952
1249 1039 3059 1263 In eine Hand sei alles denn gelegt
1260 1171 3283 1456 Euch trau ich mich und meine Liebe an
1263 1331 3246 1585 Und meinen Ehrgeiz. Euerbin ich ganz
1243 1494 3426 1711 Mit allem meinem Wollen und Empfinden,-
577 1667 1158 1898 wieder u. heißen statt woinnen
1229 1630 3677 1847 Mit allen meinen Slönen, die dem Sturmchen
489 1738 791 1871 (Hünschen)
1215 1782 3639 2054 die tiefen Wogen meines Geist's durchwühlen.
1229 1928 3629 2220 Aus dem sich dann, gewaltig, wunderbar
794 1894 974 2193 re
1239 2118 3694 2390 Die mächtige That zum Tageslicht hervorringt
1236 2247 3972 2550 Claudius. Sie selbst lag längst in einem Geist verborgen,
166 2319 934 2519 die That doch wol nicht!
1192 2438 3897 2723 des Sturms nur, des hochschweltenden gewärtig¬
1202 2580 3741 2893 Er braust heran, wohlan denn, auf zur That?
1796 2770 3235 2998 (Nach verschiedene Seiten ab.)
1450 3147 3361 3565 Der Vorhang fällt.
1260 3517 3643 3870 Und nun - lässt zure Rader Weitoffel
1280 3724 3497 4071 Weell, Schwell - nd will - ug
2587 3911 3731 4203 Morris Kongr
1243 3928 1918 4176 Camlin,
1915 4094 2685 4454 Sie geht
1158 4458 1552 4733 307.V.
4227 774 4403 1080 14.
4848 1202 6338 1592 Sweller Aufzug
5147 1538 5867 1857 Erste Seene.
4570 1786 6274 2037 Torum zu Rom. Früham Tage.
4403 1952 6709 2200 Einige Bürger sind auf dem Slatz; in einige in den
4997 2125 6203 2336 Nebenstorben sichtbar.
5116 2288 6142 2465 Quintos e Marcus.
4162 2465 6739 2699 Quentas. Zehnmal hab ich auch schon gesagt: Ich bin zum
4159 2601 6810 2787 Staatsmann geboren. Und wenn ich euch sage, es geht liegt
4108 2750 6756 3032 was in der Luft, so liegt was in der täft. - Und wenn ich
4098 2910 6420 3185 auch sage, es geht was vor, so geht das vor.
4128 3096 6709 3324 Marens. Bisjetzt mein besterönnte's habt ihr auch
4074 3273 6196 3544 in derlei Weissagungenstets getauscht.
4132 3415 6817 3694 Anntes. Getäuscht? Ich hätte mich je getauscht? Und.
4098 3589 6742 3850 wenn ich euch sage, morgen werden die Targuinischen
4145 3745 6369 4030 Feste nicht gefeiert, so täuschte ichmich?
4122 3931 6841 4149 Marcus. Gut gut, aber laßt mich nurlos. Ich alles
4162 4088 6773 4376 euch geglauben. Ich bitt euch, gebteure Hände von
4169 4271 5004 4492 meinem Rock.
