8088 5368
4269 656 5961 1045 So fahre hie 1 -
5499 721 7294 1118 Hawie das Schicksal Roms
760 768 3500 1139 Sowert und thexer ist. Fahrhin mit deinen Büchern,
4282 911 4618 1170 Schll.
4295 1010 7135 1347 In diesen Hammen lodert. Zischnung aufhalt sind
790 1019 2585 1282 Was ist mir alle Zukunft mir
419 1057 626 1342 9.
799 1135 3608 1476 Was ist brauch ich jetzt der Zukunft: Sie verwirrt mich
4299 1178 6953 1446 Um künftige Jahrhunderte - Hie - hin
483 1278 656 1429 6.
4286 1204 7653 1610 (Sie hat noch drei Bücher und als sie eines von diesen übens eine hält,
5624 1351 6034 1485 während
807 1316 3034 1614 Und qualt mich nur, gewinn ich kund von ihr.
466 1403 673 1597 FJ
4312 1398 7700 1852 sieht sie fragen auf Farqu; dieser macht eine wegkehrende
760 1485 3595 1796 Sibfl. Fürwahr Dr. Fast an diese Gegenwart
509 1614 678 1770 6.
4321 1644 7743 1921 Bewegung. Sie macht sich nun breit auch diesbuch in die Hammer¬
824 1696 2162 1960 Und am Vergangene
483 1748 695 1934 le
902 1757 4083 2059 Und das Vorgänge quält dich schon genug. Stange betrat
4329 1852 6064 2149 zu schleudern - da ruft Tag¬
855 1968 4109 2326 doch wie du willst. (Sonnse. Sie wirft gerufliche langsam ins
4316 1938 7795 2270 Taren Haltingholt ein — Säwerdt, dem sei, was du begehrst¬
514 1938 742 2171 E
902 2167 2650 2452 Teuet, Tarpe - Fiehl staro hin.
4303 2167 6263 2521 Die Kirchenlasse Mein sind die Bücher
527 2301 691 2439 Sr.
6047 2314 6746 2547 Nimm sie sie!
1636 2318 3069 2555 Sprich, was bedeußet dies.
773 2383 1329 2594 24/10 Jaren
1657 2478 2465 2624 auf einweisen
4342 2387 4705 2637 Syln.
820 2460 4226 2806 Sibylle. Wenn diese Bücher rein mich nur dein zu sein, war dieser Buches
6513 2387 7105 2814 F.TrubyKing
4359 2598 4791 2801 targu.
5646 2624 6966 2965 wo sey ich sehr unwahls
7057 2620 7264 2849 1
3134 2650 3725 2870 Bestimmen.
4377 2676 6185 2970 Von Rom in diese Blätter
6289 2810 6789 2965 knes sich,
846 2806 4174 3129 Nun duwillst es nicht - so fahr’ es hie – (Sie derft es insteure an
4372 2853 6902 3138 Sihlle, spräch, sind ich des
4346 3017 5555 3311 desmächtzen Stadt
915 3008 2335 3263 nimmt ein fünfte viertes.
4329 3125 6707 3401 das nur Noms Untergang verkundet?
893 3121 3276 3475 Tarar (sie bei d'Gand fressant) Haltain.
868 3263 3975 3652 Sitzte. Wohl ich gefrochen dir. Das ist dem Wunsch!
4372 3289 7139 3630 Stelle du ließest es geschehen, daß ichs verbrannte
4394 3431 7450 3777 Sorges. De werds kam mensch erfahren? Kein Sterblicher
872 3479 2719 3807 Seggen. Verlange weniger Gold¬
889 3630 3544 3980 Sylle (schuttelb d'Haupt.) Ich schwankte nicht.
4394 3721 4757 3988 Syll
945 3768 4152 4105 Farga.  Zieh auf d Bücheschauen, das sie ins Tenner wirft.)
