8232 5176
1237 858 3978 1230 was da kommen mag. Sind sie gleichzil nicht
1237 1093 3978 1486 glücklich, diese Leute, die es verstehen, sich so
1269 1280 3974 1666 ganz und gar in die Gegenwart zu verson¬
1262 1598 1684 1789 ken?
1237 1644 3931 2027 Egerais. (je Cains) Hs das Volk noch sehr auf,
1244 1922 1955 2214 gebracht?
1277 2009 3595 2344 Louis. Hm. Hrn. - Es ist etwas schrifter.
1255 2139 3956 2535 Egerius (zu Marcus). Diese Tiger werden
1327 2351 3797 2687 schnell sanft, Marcus. Nicht wahr?
1244 2506 4089 2860 Mercus Sagt Dorf, Cains, werdehnen nicht
1223 2683 4097 3062 allee nach innigsten Wunst und Gefallen
1244 2863 4144 3228 Willen, wenn es jetzt gegen die Patricierginge
1280 3069 3357 3393 mit den Waffen in der Hand?
1323 3235 4068 3563 Caios. Um Himmelswillen, was habt ihr im
1388 3494 1720 3722 Sänze.
1363 3512 4075 3870 Mercus. Meres Rede sollt ihr mir stehnt
1378 3761 3567 4043 cains. Ich hörte einige reden¬
1284 3920 3913 4259 tarcus. Ich bitt eins offen zu sein.
1378 4104 3927 4468 Caius. Einige sagten, man solle nicht
1403 4288 3422 4666 unnitzes Blut vergießen.
4270 343 6095 707 Mercus. Rüniches Blut!
4288 415 6834 808 Egerius, dasst eine Fläne sein; dieses Volk
4237 646 6780 1049 wird bald gelernt haben, die Sklary noei
4227 963 4998 1176 zu ertragen.
4252 985 6834 1370 Mercus. Ochr Götter! (Gerüse Caws gönne)
4277 1161 6545 1551 Unterstor. Ober jetzt, meine Lieben, kommt.
4270 1367 6668 1673 Man hört sie immer näher. Marcus, was
4302 1529 6531 1904 habt ihr dann? Ihr macht ja Augen
4277 1699 6578 2048 Mercus. Liebstes Quintus, ihr seid ein
4263 1897 6531 2225 Bedeutende Mensch. Ihr ahnt immer die
4346 2146 5218 2366 Komtensch Zeit
4328 2153 6603 2550 Quintas Nicht nahe, Maria's, ihrigestehtes
4328 2488 5067 2770 mir selbst.
4302 2542 6661 2910 Mercus. Elus wünschlich auch und einigen
4306 2734 6553 3116 andere mit euch, daß sie diese Zeit
4302 2954 5546 3296 auch verstünden!
4796 3148 5853 3458 Alle ab
