8136 4952
1515 1135 3957 1473 Und ich vernahm ein zweites Nein von ihm.
1492 1382 3946 1644 Doch in der Fülle meiner Müßigung
1447 1530 3790 1846 Verschob ich alles auf die Mittagstund¬
1435 1735 4037 2005 Das - jetzt schon machen - tärgs. Und also schied
1416 1876 4029 2199 Doch nicht genug -. Als nun nächiger Weile
1432 2070 4075 2347 die Straßenlässigen Gangs durchschritt, da sahig
1382 2260 3779 2548 Ein eigentümlich Leben in der Stadt.
1416 2449 3801 2711 In raschem Schritt du zheilten Mann um Mann
1435 2582 4063 2829 bald da, bald dort die schlimmer stillen Wege
1447 2765 4082 3084 Unhörbar fast - bald da, bald dort verschwinden
1458 2954 3835 3205 Die Eilenden in schnellverschlossenen Thor
1470 3125 3835 3395 And in der Häusern, die sich da geöffnet,
1439 3292 4090 3585 konnt ich gar bald Getös von schweren Müßzeug
1420 3460 4056 3775 Und Waffenklirren Dumpf vernehmen - ein
1432 3657 4025 3942 Geflußer wurde laut von borgen Stimmen,
1447 3824 4048 4086 Und staunend ob des ungewohnten Lebens
1477 3995 4090 4291 Naud ich in schwankenden Gedanken da¬
1390 4189 4010 4473 doch bald vor meinen Sinnen alles klar:
4215 1025 4454 1230 20
4249 1170 6327 1515 Carguinius, gegen diese jagegen die
4196 1378 6729 1701 Und unsern Adel rüstet sich das Volk,-
4200 1549 6604 1876 Tarquinius, ein Bürgerkrieg! - Der König
4253 1713 6836 2058 Erregt in seiner eignen Stadt den König!
4223 1922 6311 2233 Vergüte edle Servies Tullicus
4318 2092 6949 2419 Entsendet in der schweigend dunkeln Nacht
4238 2263 6668 2552 Geheime Boten, die den Kampf befehlen.
4238 2442 6885 2727 Mein mächtges Rom geweißt er in sich selbst
4227 2586 6794 2951 Und ruft es zuste Waffen! in den König!
4299 2799 7352 3084 Pargn. Und jetzt genug! Erkenne mich, v. Claudius.
4227 2951 6794 3232 kass deine Reden sein die spitz und lästig
4249 3133 6892 3463 Vor kurzer Zeit mich noch bestechen könnten
4257 3315 6866 3604 Hiersteh ich nun als volles ganzes Selbst
4238 3509 6805 3763 Mir nur gehörend, meines großen Zieles
4257 3657 6718 3980 Wir bis ins tiefste zuerste bewußt.
4287 3824 6953 4170 Bis hieher braucht ich eines Führers noch,
4291 4003 6839 4318 Dein Schüler war ich nur, von Dir geledet
4299 4173 6836 4534 Andimer Hand gelangt ich bis zur Stelle
