4392 5816
2163 786 2422 1038 oh vor
1364 808 2045 1022 So weit?
1355 1019 3125 1189 Mich dünkt die Zeit nicht allzufern.
824 1067 1179 1220 Tullia:
1380 1163 2955 1380 Tarquinius der König über Rom! -
1380 1326 3384 1540 Wie glaubt ihr selbst, sagt offen,Claudius:
1383 1521 3243 1722 Wird Servius zur Annahm' sich bequemen?
1377 1690 3946 1895 Nicht wag' ich's zu entscheiden - - Doch missglückt es
831 1786 1268 1968 Claudius :
1380 1901 3396 2086 Es lebt ja Lucius Tarquinius und ist eben
1387 2042 3489 2262 Ein Held, des Priscus würd'ger Sohn.Die Krone
1380 2208 3345 2444 Steht doch zum mindesten dem jungen Haupt
1396 2425 3543 2629 Des kräft'gen Manns nicht minder trefflich an
1393 2652 3268 2792 Als einem abgelebten Greis - Nein, nein!
1396 2764 3208 2975 Ich sagtedamit von der Zukunft nichts,
1428 2914 3415 3141 's kann alles anders werden, als man denkt -
1403 3093 2984 3316 Der König lebe lange,lange, lange.
888 3016 1054 3326 Arme
1428 3262 3834 3495 (Das letzte sagt er,ans vorige anschliessend,wie er
1403 3463 3546 3687 bemerkt, dass Arunseus dem Hause hervortritt)
3198 3649 3502 3834 können,
1403 3661 2923 3872 Lebt wohl für jetzt! (sie geht)
853 3725 1201 3866 Tullia:
1415 3821 3205 4032 Seid mir gegrüsst,vieledler Claudius!
853 3917 1153 4067 Aruns:
1415 3997 3626 4217 Was bringt ihr Günstiges? Euch und eurer Kunde
1422 4166 2534 4406 Sein alle Götter hold.
1863 4358 2205 4566 und edel
2364 4323 3294 4562 Ich wünschte fast,
859 4419 1336 4598 Claudius :
1435 4483 3457 4713 Dass bessres meinem Mund entströmen könnte,
1428 4700 3524 4914 Als das, was mich die Not zu sprechen zwingt.
1428 4898 3272 5083 Euch - über euern weisen Pergamenten
1428 5035 3703 5291 Kann's freilich leicht entgangen sein, dass sich
1431 5249 3524 5531 Unheimliches in eurer Nähe plant das sich
