4568 6008
3422 383 3860 587 ( 1878 )
1679 669 2920 823 Erster Aufzug
1685 797 2829 929 yhtiöjärjänkörkössauksauksaaukssaammen
2015 879 2482 1101 1. Szene.
1632 1054 3630 1253 Ein Vorsaal im Palast des Servius Tullius.
1901 1314 3183 1454 Fabius steht gedankenvoll.
1901 1472 2835 1641 Gabinius tritt ein.
867 1571 1235 1802 Fabius:
1478 1609 3527 1810 (wendet sich zu ihm, geht ihm eilig entgegen)
1448 1837 3449 1991 Seid mir gegrüsst,Gabinius,was bringt ihr?
1466 1974 3659 2161 0 fragt mich nicht! Mich dünkt, solang ich auch
870 1997 1337 2213 Gabinius:
1448 2190 3539 2345 Schon in der Götter dunkeln Zeichen forsche,
1440 2368 3469 2532 So schlimmes hab ich nie gesehn! Wie klein
1448 2537 3449 2698 Muss ich in diesem Augenblick mich fühlen,
1440 2727 3086 2856 Da ich ein Grauenhaftes komme sehe
1454 2859 3355 3040 In seiner Nähe dumpfem Umkreis athme, 1)
1454 3025 3627 3183 Ja - athmen muss - und doch nicht wenden kann,
1448 3192 3256 3405 Was unaufhaltsam, unheilschwanger naht.
1454 3408 3466 3559 O ew'ger Jupiter! - Was seht ihr? Sprecht!
858 3405 1253 3586 Fabius:
1448 3600 3790 3752 Ich sagt euch alles, was ich weiss; - die Gottheit
873 3580 1317 3781 Gabinius :
1434 3767 3562 3889 Hat mir nicht mehr enthüllt, und dunkel wie's
1448 3924 3548 4065 Die Zukunft sein wird, war das Götterzeichen.
1434 4088 3638 4263 So weiss ich mehr denn, als der Augur selbst? -
858 4123 1238 4263 Fabius:
1448 4304 3504 4471 Ihr wisst nur eines: dass Verderben naht;
1440 4459 3481 4654 Gabinius, ich weiss mehr als ihr! Ich weiss,
1431 4652 3402 4783 Welch ein Verderben über Rom heranzieht!
1434 4830 3086 4967 Und bin gewiss,wo es geboren ward!
