8008 5144
2236 644 3622 956 Als König steh' ich da; -
1120 696 1634 948 Targu.
1253 847 3836 1148 Die neue Würde führt mich in dies Haus¬
1208 1029 3896 1330 Avenis. Ich wünschte die Erklärung dieses
2975 1190 3577 1421 Edorte.
1232 1253 2664 1498 Tarqu. Die bin ich selbst:
2146 1344 3913 1600 Mich dünkt: weitmehr diejenigen
1218 1421 1732 1656 Aruns.
1281 1516 3836 1866 Die wohlbewaffnet hier im Saale stehen.
1190 1698 3878 2002 Targu. So waren es die, die mich zu dem gebildet,
1102 1900 2790 2212 Was ich geworden bin-.
2408 2065 3668 2303 Dir wäre besser!
1208 2114 1796 2331 Aruns.
1228 2240 3546 2496 OLucius Tarquinius, einen Bruder,
1260 2384 3920 2737 Wenn du auch einen Königshaus entstaucht
1288 2562 3784 2891 Und für die Zukunft dir der Thron
2656 2779 3406 3024 gewiss war
1288 2874 3616 3248 jetzt bist du doch nicht mehr als ein
2786 3129 3507 3370 Empörer
1288 3206 3808 3616 Ein Unruhstifter aller schlimmster Art
1288 3412 3882 3706 Und ein Erreger blutgen Bürgerkriegs¬
1208 3605 3857 3980 Farqu. Ein Sklaveißs, der jetzt in Rana
2954 3798 3664 4042 herrschte
1302 3948 3934 4298 Aruns. Ja! Er, den doch nur eine Sklavin
2681 4186 3272 4431 zeugte,
1404 4260 3892 4666 Er ward ein König- und im edler Mann
4028 581 6394 886 Du aber, Sprößling eines Herrsicherhauses
4081 752 6468 1054 Erniedrigst dich zum elenden Verbrecher.
4042 962 6444 1250 Forgn. Dein Schwert wird hin F! gefangen
5464 1092 6366 1379 nehm ich dich
3990 1274 6461 1620 Araus. Mit welchem Recht? Ich bin ein Freies
5996 1470 6486 1634 Römer.
3983 1578 5702 1967 Fargn. Und ich dein Königl.
4970 1813 6370 2054 Nein, du bist es nicht!
3990 1904 4480 2051 Arent
4074 1964 6366 2310 Ich sag’s und sog es wieder, sages stets.
4144 2152 6517 2460 Es ziemt die Krone deinem Haupt nicht
4008 2282 6640 2600 Marie König bist du nicht! bist ein Eingörer,
4078 2446 6604 2779 Ein Freyler an den heiligsten Gesetzen,
4120 2650 6895 2936 Ich kenne dich als Monas Herrscher nicht.
4064 2810 6878 3118 Forgu. Und du erkenst mich nicht am Königau.
4028 3066 5208 3252 Arnus Niemar8.
4970 3192 6391 3437 Brug dich! Beug dich!
4064 3227 4529 3486 Targa
5478 3353 6248 3549 Niemont.
4000 3412 4504 3647 Aremis
4060 3476 6510 3857 Sarqu (schlägt ihm die Waffe aus der
4190 3728 5600 4022 Hand u. ersticht ihn,
5282 3860 6566 4130 Carquin Weh, weh!
4060 3976 4473 4214 Arnus
4088 4074 6500 4375 (Ererhebt sich mit Überanstrengung; fasst
4053 4207 6570 4546 sein Schwert u will auf Tagqu. los, stügt
