4536 5896
1388 726 3543 1000 Zugleich das Würd'gen liegt? Und solche, denen
1417 976 3457 1164 Des Greisen weisses Haupt nicht heilig ist?
3255 1050 3519 1226 (war?)
1411 1138 3343 1338 Und solche, die den König nicht verehrten?
3113 1273 3325 1382 resta
1408 1282 3481 1541 Stets werden solche1) kommen - - und vergehn,
1417 1458 3172 1735 Spurlos vergehn,wenn sie einzeln sind
1402 1658 3275 1905 Und bauend auf das stolzbewusste Selbst
1411 1796 3313 2037 Das Höchste und das Heiligste verhöhnen.
1402 2023 3499 2231 Doch wenn sie sich zusammenthun, ein Schwarm
1396 2249 3122 2381 Von trotzigen verwilderten Rebellen,
1391 2414 3166 2590 Geführt von jener wesenlosen Willkür,
1402 2581 3628 2722 Die frech sich mit der Freiheit Namen brüstet -
1414 2755 3075 2928 Dann w ehe dir, erbarmenswertes volk,
1411 2961 3322 3081 In dem der Aufruhr flammend sich erhoben,
1411 3052 3208 3246 Weh dir,verlornes, unglücksel'ges Volk!
2940 3237 3160 3416 Tage
1411 3272 2646 3490 In schwerem Dunkel ziehen
1391 3449 3163 3602 Ob deinem Haupt gefahrumhüllt herauf!
1408 3616 3187 3793 Denn der Empörung Flammenzeichen kann
1396 3781 3757 3972 Die Nacht in Tag nicht wandeln, kann nicht Klarheit
1402 3975 3355 4148 Noch Licht aus trüber Finsternis gebären.
1402 4169 3078 4301 Noch ist es so weit nicht,Gabinius!
856 4175 1197 4331 Fabius:
1417 4339 3543 4489 Und was treibt unser jetzges Rom zum Aufruhr?
844 4357 1288 4498 Gabinius :
1414 4495 3516 4678 Es ist - so nennen sie’s - verletzter Stolz.
844 4569 1202 4730 Fabius:
1423 4660 3337 4860 Sie sehen, wie sich mehr und mehr in Roma
1417 4825 1826 4933 Das Volk
1423 4854 3763 5033 Die Plebs 2) zu Ansehn und zu Macht emporschwingt.
1402 5016 3190 5233 Sie sehen, dass ein niedriger Plebejer
1411 5198 3646 5471 Nicht Frohndienst mehr und Steuer leisten muss,
