4488 5688
3610 452 3794 693 45
1421 650 2177 900 Nein, sprach er!
863 731 1191 900 Viele:
1427 811 2968 1076 Nun, ihr Herrn eilt in die Curie.
869 935 1312 1073 Claudius :
1432 1010 3397 1234 So ist des Königs Wille - eilt, eilt-! eilt!
1424 1237 1890 1429 O Schelm!
854 1243 1199 1421 Aulus:
1801 1349 3368 1559 Du - Aulus? Ja - zu dir entsandte
874 1464 1332 1671 Claudius :
1429 1550 2497 1763 Der König einen poten.
2445 1703 3034 1924 Einen Boten
880 1749 1199 1964 Aulus:
1432 1881 2917 2134 Zu mir? Es kam kein Bote heute.
2816 2091 3006 2246 oh,
880 2160 1340 2327 Claudius :
1441 2189 3696 2451 Ich glaub's.Der gute Mann weilt schon bei Pluto!
1458 2451 3601 2635 Ich traf ihn an der Tiber -'s war ein sklav -
1455 2663 3618 2850 Und als ich nun des nähern fragt' und forschte
1453 2845 3063 3029 Und er mit Widerwillen Antwort gab
1470 3023 3500 3161 Und nach und nach selbst frecher Worte sich
1450 3201 3282 3397 Erkühnte, und sehr heftig mich erzürnte.
1455 3365 3581 3587 Da schleudert' ich den Menschen in den Fluss.
1450 3512 3710 3725 Es war ein Sklav.- Doch eilt - der König will’s.
1484 3705 3078 3897 Lass deine Spässe Claudius.Was ist
909 3736 1401 3938 Talassius:
1461 3926 2206 4110 Nunmehr zu tun?
1496 4033 3759 4263 (leise zu ihm) Sei still. Das kommt allein. (laut)
900 4096 1366 4306 Claudius:
1481 4248 3794 4429 Lasst mich bei euch ein wenig ruhn. Dann will ich
1481 4458 3115 4657 Als euer Abgesandter vor der Curie
1481 4588 3472 4815 In trautem Zwiegespräch mich mit dem König
1487 4783 3475 5005 Ergötzen.- Wein in meinen Becher! (trinkt)
1493 4950 3595 5229 Und dies aufs Wohl des Manns, der nach Servius
