8104 5032
4240 876 4494 1085 22
4195 1104 6638 1451 Fünfter: Lucius Targuinius soll an der
1493 1233 3971 1515 und all meine Ahnen! Es wovon
4256 1326 6625 1615 Spitze einer Adelsverschwörung stehen
1422 1464 2420 1698 Blut gewohnl.
4253 1509 6770 1839 Viele Verschwörung. Dazu die Waffen?
1499 1624 4035 1894 dritter (halbleise) Aber nicht an Bürgerblich
4205 1685 6719 1981 Gegen den König ein Aufruhr?
1483 1798 2452 2051 an Bruderblut.
4244 1878 5964 2112 Sachster- Und einhretwegen!x
1496 1990 3008 2247 Zweiter. Wiesaget ihr?
4202 2086 5807 2269 Alle (wenden sich zu diesem)
1486 2164 3942 2456 dritter. Es geht da die Kunde herumm,
4244 2208 6571 2507 Viele Wie? - Was sagt ihr da?
1432 2314 3977 2594 daß wir unsern König gegen die Satri¬
4221 2369 6728 2680 Mercus. Ja. Unserwegen. Die Adligen
1464 2510 3489 2764 cier werden schirmen müssen.
4221 2552 6661 2822 wollten unsre Recht schmädere und
1496 2687 3926 2937 Zweiter. Patricier -? Ich was! Patriciet
4202 2738 6568 3011 baten den König drum. Und unser
3236 2860 3781 3069 Vorüber)
1416 2847 3024 3110 blut ist Feindesblut.
4224 2918 6625 3143 König sagte. Nein, mein theures
1894 3050 3769 3245 Viele Bürger haben sich gesammelt.
4273 3075 6600 3380 Volk bleibt frei und behält sein
1457 3245 4025 3451 Vierter. Vom Hause des Arums her nahen
4253 3268 5175 3576 gutes Recht.
1419 3393 4000 3614 sie, Tarquinius an der Spitze, - wißt ihr
4356 3419 6603 3708 (Bewegung unter dem Haufen)
1489 3602 1910 3788 schon?
4195 3624 6619 3913 man sieht eine Schwer von Senatoren,
1457 3720 4009 4012 Fünfter Habt ihr aber schon gehört, was
4221 3772 6693 4032 an der Spitze targu. Die Senatoren
1480 3939 2093 4167 vorgeht?
4295 3964 6304 4231 tragen entblößte Schwerter.
1464 4070 3919 4356 Viele. Er weiß etwas neues! — Ihr wißt
4346 4134 6773 4465 Targu. Ein Wort aus römische Volk.
1409 4279 3756 4561 etwas Neuer? - Erzählt, erzächlt!
