4440 5816
1939 606 2466 860 Zu Seite 15
1401 828 3358 1003 Nein, nein, Gabinius; zwar gedieh das Unheil
853 867 1201 1011 Fabius:
1426 1000 1602 1086 V:A:S
1871 978 2261 1086 er durch
1408 1011 3792 1204 Schon weit - sehr weit, so will’s mir scheinen; doch
1412 1183 3580 1426 Noch ist's zu spät nicht, dem verruchten Plane
1401 1355 3193 1563 Mit edeln Worten kühnen Rechtsgefühls
1416 1541 3190 1785 Die Bessern zu entfremden. Alles kann
1408 1717 3297 1881 Zum guten sich noch wenden, wenn wir nur
1408 1899 3655 2104 Die Brust mit stolzem Selbstbewusstsein waffen.
1408 2053 3706 2258 Und niemand anderm als - uns selbst vertraun! 1)
1441 2294 1960 2473 (Beide ab).
1928 2530 3089 2691 Zweite Scene.
1932 2630 3100 2759 xx.x.u+x.=.x*
1534 2742 2820 2885 (wurde geändert im Nov.79.
1993 2878 2831 3032 Garten des Aruns.
1426 2982 3713 3197 Die jüngere und die ältere Tullia begegnen sich.
871 3265 1591 3408 Die ält.Tullia:
1441 3276 3505 3523 endlich seh' ich dich! Ich darf mein Herz
1437 3483 3641 3652 Dem deinen öffnen;kann die Last des Schweigens
1451 3677 3211 3860 Von meinen Lippen bannen;alles, alles
1437 3849 3491 4046 Das meine Brust zu schwach ist, zu ertragen.
1437 4021 3311 4211 Enthüllen deinem teilnahmsvollen Busen!
889 4121 3767 4361 D.jün.Tullia:Du bargst mir ein Geheimnis? Staunend hör' ich's.
889 4401 3347 4587 Aelt.Tullia: Ich sprech es aus - in einem Augenblick
1466 4530 3501 4766 Ist es gesagt - wohlan, ich sprech es aus.-:
1455 4723 2358 4949 Ich werde Königin!
1466 4860 3974 5139 (Ihr Blick, der auf der jüngeren Tullia ruht, wird von
1466 5067 2745 5322 dieser betroffen erwidert,)
2236 5182 3107 5368 Ja Schwester, mehr
