4424 5848
1865 677 2447 832 Zu Seite 32
832 787 3873 1029 1) Viel zu wenig kernige Ausdrücke, lauter breites,oft überflüssi-
851 1014 3805 1226 ges Geschwätz. Die ganze Volksszene ist nichts wert. In solchen
843 1169 3722 1381 Szenen muss nicht nur durch ein Schlagwort die Auffassung der
855 1343 3843 1570 Lage von Seiten des Volkes beleuchtet werden, es müssen auch Men-
862 1536 3900 1744 schen, Charaktere sein, die uns entgegentreten, nicht Puppen, die ei-
847 1736 2606 1956 nen Akt mit fadem Gespräch einleiten.
2020 4951 2311 5118 wondet)
1422 5133 2160 5360 Gedenkt ihr des
1713 5333 2425 5522 einende Bewegung im
