8184 4984
4100 770 5931 1141 Ihr weicher bösen sich an diese Brust
6585 770 6993 1199 Jn. Clark
1243 894 2929 1272 (Seite zu Anlut.) Anbet, es ist an dir.
4107 1010 6346 1308 In heißen Wogen mir entgegenschwellend -
2406 1061 3504 1374 Ihr Skloren, nicht
1265 1185 1730 1381 Aulus.
4114 1170 6367 1454 Targemeis, ich bin toll! Und denke und,
1330 1265 3554 1548 So träg und lässig! Wein in alle Bechers
4092 1330 6593 1628 Heut Ritternacht erwartet sie mich wieder,
1330 1352 3918 1715 Trinkt, Freunde, trinkt. (Zu darqu. der alle Vorgänge
4114 1497 6120 1810 Erwartet mich dasselbe Himmelsglück.
1367 1592 3373 1926 mit Aufmerksamkeit verfolgt hatte.
4150 1657 6447 1933 Ists jetzt verzeihlich, daß ich lustig bin?
2806 1730 3983 2006 Ich die heut lustig von ihr
4121 1839 6825 2093 Wein, Wagen, Stein, trink doch, Jarquimus.
1330 1941 3387 2217 Mein Leben lang nicht war. Derqui mus¬
4070 2006 6695 2282 Claudias (steht fast unbeachtet von den andern, die in¬
1388 2137 2391 2377 Weißt duwöser?
4100 2137 6680 2406 Gespräch u Trinken sind, auf und stellt sich, den
1374 2246 3598 2566 Torga. Wie hätt' ich das erfahren?
4056 2326 6200 2588 11st Becher in der Hand, hinter Torsquin.,
1330 2391 3860 2748 Aalno. Das kommt von ihr, Terminius, von ihm
4172 2508 4870 2755 Targuimus!
1425 2573 3918 2886 So trinkt doch, Freunde; — Wein, ihr Skarven, Wein¬
4150 2639 5764 2929 Targu. (Aufblickend) xxx ins?
1323 2777 3133 3046 Targa. Du sprichst? Von wem -?
5415 2798 6317 3053 Ich bies. Und wohl
4121 2864 4499 3067 Claud.
2493 2842 3925 3155 Von einem sußen Mädchen
4121 2995 6128 3206 Willkommens dir, als ich es je gewesen
1345 2987 1795 3220 Aules
1359 3060 3147 3395 Hab ich dir nie von ihr erzählt?
4136 3126 6680 3445 Tarqu. Gewiss, genicht, es freut mich, dich zu sehe.
2777 3198 3329 3504 Schotenk
4056 3271 6774 3591 v/h Clard. Hahn, du Narr! Das will ein König werden.
1403 3344 1839 3533 Sargu
1425 3373 3758 3649 Du hast mehr als dies eine Mal geliebt¬
1381 3474 7218 3802 Claud (en d. andere Seite deskeiten, diesem leihe zuflösternd) Seite schwerft dein Geist? Du zweist und weißt nicht was?
4877 3642 5168 3743 der Namen
4143 3627 6920 3947 Wach auf! Das Wörtchen Tullin soll dich wecken
1359 3772 3751 4049 Erzählen nur man hört dergleichen gerne.
4129 3729 6993 4085 Targu. Waswillst du jetzt auf diesem Wort? (Stehtauf)
1381 3802 3969 4180 Aplus. Auf diesen Mund sot meine Lucasseut
6077 3961 6469 4209 Es ist.
4172 3991 5575 4303 Claud. (führt ihn im erweiter)
1425 4056 3823 4376 Den ersten, in gegen Lieberkuss gedruckt.
4194 4041 6869 4405 wald Mitternacht. Die letzte Nacht, mein Freund
1374 4216 3852 4514 In diesen Armen lag sie - glührend presste
