8072 4936
4030 634 6579 963 Zu herrschen angefangen, wird den Stömern
1287 756 3701 1116 Bald sollt ihr Vermein ganzes Sein verstehen
110 817 1012 1122 Viel zu wenig.
4012 872 5982 1165 Ein Festtag sein für alle Folgezeit.
4030 854 7695 1299 Quinten. Und doch, Herr, habl ihr falsch graten. Wie sollte er auch nicht
104 890 3439 1287 xx Andrecke, Und nach als das erkennen, was ich bin
1250 1146 2750 1396 Clausius. Was bist de? Nichts
6817 1128 7701 1354 Dekant
134 1177 1085 1421 Lauter breitey
4049 1213 6597 1445 tet ihr nicht wissen, daß wir morgen kein
1945 1226 3665 1567 Nicht: Claudus, nichts!
378 1311 1665 1604 inbeafl Hyrg Fargu.
4006 1274 7165 1713 gern gros fest, als der des Terminius
1293 1427 3799 1719 Ist der, des Thomas König sein wird, nicht 6?
457 1506 835 1744 natz.
4037 1506 6396 1768 (Leise zu Marcus) Wir feiern sie nicht, heißt das.
1268 1555 3927 1927 Clandrie. Du wirst es sein. Werwechs, wie läng der
427 1652 970 1902 in ganze
4018 1683 5848 1976 Cloudeis. Ah, die Turquen’schen Feste.
3354 1768 3780 1994 währt.
470 1841 1085 2067 Szug ist
4104 1805 6652 2122 Laut zu dem etwas entfernten stehenden dar.
1317 1878 3610 2232 Targa. (ins mutighinwerfd) Wie lang des währt -!
4079 1994 6793 2268 quinius, so daß es alle Umstehenden hören müssen.)
506 1957 1250 2226 merk. Insolche
2530 2055 3799 2305 Auch Sluto ist vergeßlich.
1335 2122 1829 2335 Claudues.
518 2134 1104 2390 muß nicht
4037 2134 6323 2427 Sr Dankbarem Gedenken eures Vaters,
1341 2219 3841 2500 Wie alt ist dieser Servius Tullus? (Targu minus
476 2287 1152 2530 rech ein Schlag
4073 2317 6067 2616 des früheren Regenten dieser Stadt,
2152 2421 3463 2634 schweigt mit Einster Miene,
585 2463 1079 2707 „ ganz
4049 2402 6591 2793 des waffenkündgen, keinsgottglichen Königs,
1287 2469 3945 2835 Coadius /tritt unter d. Leute:/ Was drängst ihr heute auf so go¬
457 2598 1220 2884 tung der Lage
4098 2659 6189 2939 Zu seines Siege glorreiches Erinnerung
3140 2719 3793 3000 geschäftig.
488 2768 1293 3024 eiter des Volkes
4079 2823 5671 3104 Zum Angedenken anz. Agiolä,
6689 2780 7274 3195 (Fritte Weigler)
512 2841 3323 3213 Nacht etwa das Regierungsfest des Königs,
3530 2982 3732 3177 heut
7116 2957 7567 3159 Papferer
1293 2963 6195 3256 Das ihr zum - zum wievielten Malnur? Eierste Das er an Sturm vor Jahren kühn erobert,
7256 3085 7555 3238 trären.
6561 3012 7750 3378 Sargu. dem kühnen Volke
506 3098 1049 3335 men auch
4043 3098 6378 3451 Dageht man morgen die karqu in'schen Feste¬
421 3232 3750 3524 chen, Charakti, Doch nein! Nichtvahr, das Einrt ihr nicht mehr.
6738 3250 7780 3549 denkt des Todten Sohn
2537 3372 2780 3488 noch
4738 3299 6018 3579 (Zum Volk gewendet)
1250 3372 3756 3677 Bist kaum ein Festtag mehr für unser Roma;
494 3482 1134 3683 " ung ert
3988 3335 6311 3756 O. Gedenkt ihr des Verquinius Auszusnah¬
1268 3530 3439 3835 Es kam schon allzurft. Werft nur? Doch
451 3610 1183 3884 treten, nicht
4927 3591 6396 3927 (bejahende Bewegung in Volke)
1341 3707 2634 4000 Ihr zählts gewiss nicht mehr.
530 3793 1152 4024 die einer
4049 3750 4335 3957 Cajus
4037 3799 6506 4110 in Bürger. Wer dächte unsres großen Kriegsricht
2207 3890 2695 4152 Oh doch
1238 3878 1665 4146 Marcus.
616 3945 1171 4171 a fadam
4030 3896 6750 4213 Egerius. Wer man unter auch, denn nicht sein Vater
2439 4030 2927 4329 Sieh da.
457 4085 1774 4408 auch einleiten. Claudius
4079 4122 6677 4476 von jenen stötzer lieggekrönten Schlechten
1250 4195 3335 4524 Crieb. der Tag, an dem der edle Servius
