8024 5128
1328 697 2992 951 aber kaftlos zusammen.)
1262 861 2947 1152 Claudius (titl nahe zu ihm)
1353 1008 3283 1332 Erkentihr jetzo einen König an?
1303 1185 3242 1492 Arnus (nach. langen Seufzer)
1217 1373 2623 1652 Werruft mir Jullia!
1250 1508 3923 1799 Dch. Tullia, die intiefster Aufregung alles gesehe,
1328 1701 3869 1967 kommt zu Arnes, aber nicht ganz nahe zu ihm
2246 1857 3783 2115 Eteres näher - Reich mir
1324 1922 1844 2115 Thums.
1389 2008 3820 2357 Die Hand - die Lippen biete mir zum Kuß -
1488 2172 3951 2521 (fasst sie bei der Hand; sie bleibt regungslos
1348 2373 3943 2656 Brug mir dein Haupt zum letzten Kuß - of kei¬
1369 2558 3078 2845 Das meine nicht erheben.
1308 2734 3037 3017 Fullia (beugt sich über ihn.)
1381 2877 3726 3205 Araus (will sie umschließten, erhebt sich
1389 3074 3898 3332 und stakt mit einem Todesseufzer zurück)
1344 3226 3857 3558 Fullia (versucht sich krampfhaft aus
1344 3418 3943 3697 den Urmendes Todten los zumachen;
1328 3566 4029 3877 Nacht mich aus seinen Armee los - ergrasst mich
1340 3787 3099 4070 ln seine kalte Brust - f7
1430 3943 3718 4320 Targu (hat sie ved Erde aufgehoben)
2750 4107 3705 4386 zu Ende ist.
4222 525 4533 832 27
4295 795 4623 1111 26
4156 1037 7447 1447 Tullia. Laß uns ins Freie gehe. Ich will mich rings in Man
4115 1365 5582 1578 An demer Seite schon lassen.
5218 1500 5980 1726 Senatoren.
4168 1517 4644 1762 Sargu
4205 1660 6706 1963 Zu Servius Tullius selbst geht nun der Mey
5332 1857 6939 2107 (Sie ziehe zur Seitenthushinaus
4177 1894 5078 2123 Dann ists zwobei.
4193 2053 6140 2291 Claudins Welchwildbewegter Tag.
4238 2201 6742 2492 Was auch mein ruheloser Geist gezeugt
4275 2373 6775 2664 Herb trat es in das aufgeregtes Leber;
4222 2541 7091 2836 Die Menscheit siehts - und kort den Schöpfer nicht!
5111 2717 6431 2972 (Ihnen nach. 1 (Sause.)
4447 2898 6546 3168 Man hört im Hintergrunde Tritte.
4222 3099 6734 3349 Peroius Tullius (hinter der Stene, schreit auf)
4148 3250 6574 3533 Gabinius! (die thun an Hintergrund
4160 3414 6619 3726 öffnet sich, man sieht auf der Schwelle den
4193 3615 6652 3845 tichnam der älteren Fulliä liegen. Serv.
4193 3771 6021 4062 Tull., Gabin, Fabiusstehen da,
4914 3927 6898 4205 Das ist Mord 1/Auf seine Brustweisend:)
4127 3972 4554 4259 Servius.
5906 4115 6763 4386 Wie fühl ich da!
