<?xml version="1.0" encoding="UTF-8" standalone="yes"?>
<PcGts xmlns="http://schema.primaresearch.org/PAGE/gts/pagecontent/2013-07-15" xmlns:xsi="http://www.w3.org/2001/XMLSchema-instance" xsi:schemaLocation="http://schema.primaresearch.org/PAGE/gts/pagecontent/2013-07-15 http://schema.primaresearch.org/PAGE/gts/pagecontent/2013-07-15/pagecontent.xsd">
    <Metadata>
        <Creator>prov=READ-COOP:name=TrHtr:version=2.1.0:model_id=51170:date=28_07_2023_17:02</Creator>
        <Created>2023-05-10T11:39:13.629+02:00</Created>
        <LastChange>2023-07-28T17:02:42.804+02:00</LastChange>
        <TranskribusMetadata docId="1428168" pageId="55389860" pageNr="96" tsid="131365805" status="IN_PROGRESS" userId="64420" imgUrl="https://files.transkribus.eu/Get?id=LGTQARNQQIGETSNPDNAJWXYZ&amp;fileType=view" xmlUrl="https://files.transkribus.eu/Get?id=HYEPQKAZNGSXLBZQZFLYPMVA" imageId="44664748"/>
    </Metadata>
    <Page imageFilename="1428168_0096.jpg" imageWidth="4536" imageHeight="5880">
        <ReadingOrder>
            <OrderedGroup id="ro_1711818324770" caption="Regions reading order">
                <RegionRefIndexed index="0" regionRef="tr_2"/>
                <RegionRefIndexed index="1" regionRef="tr_3"/>
                <RegionRefIndexed index="2" regionRef="tr_1"/>
            </OrderedGroup>
        </ReadingOrder>
        <TextRegion id="tr_2" custom="readingOrder {index:0;}">
            <Coords points="907,642 3802,642 3802,2290 907,2290"/>
            <TextLine id="tr_2_tl_1" custom="readingOrder {index:0;}">
                <Coords points="1462,756 2370,709 2946,768 3280,731 3280,579 2964,610 2853,551 2097,638 2007,576 1676,654 1462,610"/>
                <Baseline points="1480,692 1569,698 1659,698 1749,698 1838,698 1928,698 2017,698 2107,698 2196,692 2286,698 2375,698 2465,692 2554,692 2644,692 2734,692 2823,692 2913,692 3002,692 3092,692 3181,692 3271,698 3289,692"/>
                <TextEquiv>
                    <Unicode>Sie schmieden Pläne gegen unsern König</Unicode>
                </TextEquiv>
            </TextLine>
            <TextLine id="tr_2_tl_2" custom="readingOrder {index:1;}">
                <Coords points="1474,898 3333,908 3333,799 2515,812 2212,716 1766,737 1666,824 1474,796"/>
                <Baseline points="1492,877 1552,877 1641,877 1731,871 1820,871 1910,877 1999,877 2089,877 2178,871 2268,871 2357,871 2447,871 2537,871 2626,871 2716,871 2805,871 2895,871 2984,865 3074,865 3163,865 3253,865 3342,859"/>
                <TextEquiv>
                    <Unicode>Und stiften Aufruhr in dem grossen Rom!</Unicode>
                </TextEquiv>
            </TextLine>
            <TextLine id="tr_2_tl_3" custom="readingOrder {index:2;}">
                <Coords points="1471,1134 3441,1050 3441,954 3296,920 1924,997 1474,948"/>
                <Baseline points="1492,1050 1569,1050 1659,1050 1749,1050 1838,1050 1928,1050 2017,1050 2107,1050 2196,1044 2286,1044 2375,1044 2465,1044 2554,1044 2644,1044 2734,1044 2823,1044 2913,1038 3002,1038 3092,1038 3181,1044 3271,1038 3360,1038 3450,1038"/>
                <TextEquiv>
                    <Unicode>In unserm Rom! - Verdammenswerte Bürger!</Unicode>
                </TextEquiv>
            </TextLine>
            <TextLine id="tr_2_tl_4" custom="readingOrder {index:3;}">
                <Coords points="901,1168 963,1186 1019,1158 1066,1183 1134,1158 1217,1177 1264,1146 1307,1152 1335,1131 1363,1146 1363,904 1276,926 1242,904 1180,957 1075,960 1007,1000 901,973"/>
                <Baseline points="919,1050 1008,1056 1098,1056 1187,1050 1277,1050 1367,1056"/>
                <TextEquiv>
                    <Unicode>Gabinius:</Unicode>
                </TextEquiv>
            </TextLine>
            <TextLine id="tr_2_tl_5" custom="readingOrder {index:4;}">
                <Coords points="1474,1273 3231,1264 3283,1152 2720,1168 2410,1100 2218,1174 2112,1127 1474,1171"/>
                <Baseline points="1492,1229 1498,1229 1587,1229 1677,1229 1766,1229 1856,1229 1946,1229 2035,1229 2125,1229 2214,1223 2304,1229 2393,1223 2483,1229 2572,1229 2662,1223 2751,1229 2841,1223 2931,1223 3020,1223 3110,1223 3199,1223 3289,1217"/>
                <TextEquiv>
                    <Unicode>Ist ihnen nicht des Königs hohe Würde,</Unicode>
                </TextEquiv>
            </TextLine>
            <TextLine id="tr_2_tl_6" custom="readingOrder {index:5;}">
                <Coords points="1462,1490 3358,1459 3358,1313 3268,1295 2946,1354 2382,1270 1725,1357 1462,1273"/>
                <Baseline points="1480,1396 1569,1402 1659,1402 1749,1402 1838,1402 1928,1402 2017,1402 2107,1402 2196,1396 2286,1396 2375,1396 2465,1402 2554,1402 2644,1402 2734,1396 2823,1396 2913,1396 3002,1396 3092,1396 3181,1396 3271,1396 3360,1402 3366,1402"/>
                <TextEquiv>
                    <Unicode>Des Greisen weisses Haupt, der edle Sinn,</Unicode>
                </TextEquiv>
            </TextLine>
            <TextLine id="tr_2_tl_7" custom="readingOrder {index:6;}">
                <Coords points="1462,1679 3355,1580 3664,1660 3798,1611 3798,1474 2887,1524 2695,1462 2524,1530 2366,1434 1462,1521"/>
                <Baseline points="1480,1575 1564,1575 1653,1575 1743,1581 1832,1575 1922,1575 2011,1575 2101,1575 2190,1569 2280,1569 2369,1575 2459,1575 2548,1575 2638,1575 2728,1575 2817,1575 2907,1575 2996,1569 3086,1569 3175,1569 3265,1569 3354,1569 3444,1569 3533,1569 3623,1569 3713,1569 3802,1564"/>
                <TextEquiv>
                    <Unicode>Die Menschlichkeit" des grossen Herrschers heilig?</Unicode>
                </TextEquiv>
            </TextLine>
            <TextLine id="tr_2_tl_8" custom="readingOrder {index:7;}">
                <Coords points="1468,1831 2230,1858 2385,1784 2630,1843 2927,1762 3503,1762 3503,1666 2766,1685 2456,1617 1468,1688"/>
                <Baseline points="1486,1743 1575,1755 1665,1749 1755,1749 1844,1749 1934,1749 2023,1749 2113,1749 2202,1749 2292,1749 2381,1749 2471,1749 2560,1749 2650,1749 2740,1749 2829,1743 2919,1743 3008,1743 3098,1743 3187,1743 3277,1743 3366,1743 3456,1749 3510,1743"/>
                <TextEquiv>
                    <Unicode>Sie treten selbst das Heiligste mit Füssen.</Unicode>
                </TextEquiv>
            </TextLine>
            <TextLine id="tr_2_tl_9" custom="readingOrder {index:8;}">
                <Coords points="889,1809 939,1831 1038,1821 1075,1849 1146,1815 1220,1865 1264,1852 1267,1694 1196,1694 1183,1679 1162,1688 1075,1663 1031,1660 1004,1676 976,1657 892,1682"/>
                <Baseline points="907,1755 913,1755 1002,1755 1092,1755 1181,1755 1271,1749"/>
                <TextEquiv>
                    <Unicode>Fabius:</Unicode>
                </TextEquiv>
            </TextLine>
            <TextLine id="tr_2_tl_10" custom="readingOrder {index:9;}">
                <Coords points="1456,2004 2394,2023 2695,1958 2967,2013 3110,1933 3382,2001 3519,1970 3519,1831 1456,1849"/>
                <Baseline points="1474,1928 1558,1928 1647,1928 1737,1928 1826,1922 1916,1922 2005,1922 2095,1922 2184,1928 2274,1922 2363,1922 2453,1922 2543,1922 2632,1922 2722,1922 2811,1922 2901,1922 2990,1922 3080,1922 3169,1922 3259,1916 3348,1916 3438,1916 3528,1916"/>
                <TextEquiv>
                    <Unicode>Noch fass' ichs nicht. Wie Servius den Hass</Unicode>
                </TextEquiv>
            </TextLine>
            <TextLine id="tr_2_tl_11" custom="readingOrder {index:10;}">
                <Coords points="908,2010 954,2007 1019,2035 1041,2016 1143,2057 1245,2051 1341,2001 1341,1824 1174,1868 1115,1849 1059,1886 1016,1858 908,1849"/>
                <Baseline points="925,1928 1014,1934 1104,1934 1193,1934 1283,1934 1349,1928"/>
                <TextEquiv>
                    <Unicode>Gabinius:</Unicode>
                </TextEquiv>
            </TextLine>
            <TextLine id="tr_2_tl_12" custom="readingOrder {index:11;}">
                <Coords points="1468,2174 1992,2187 2509,2109 3234,2165 3234,2044 3039,2010 1468,2023"/>
                <Baseline points="1486,2107 1540,2107 1629,2101 1719,2107 1808,2101 1898,2101 1987,2101 2077,2101 2166,2101 2256,2101 2346,2101 2435,2101 2525,2101 2614,2095 2704,2095 2793,2095 2883,2095 2972,2095 3062,2095 3151,2089 3241,2083"/>
                <TextEquiv>
                    <Unicode>Der Unglückselgen zu erregen wusste -</Unicode>
                </TextEquiv>
            </TextLine>
            <TextLine id="tr_2_tl_13" custom="readingOrder {index:12;}">
                <Coords points="1462,2360 3327,2320 3413,2308 3413,2187 1462,2218"/>
                <Baseline points="1480,2274 1540,2280 1629,2274 1719,2280 1808,2280 1898,2280 1987,2280 2077,2280 2166,2280 2256,2274 2346,2274 2435,2280 2525,2274 2614,2274 2704,2274 2793,2274 2883,2268 2972,2268 3062,2268 3151,2268 3241,2268 3331,2268 3420,2268"/>
                <TextEquiv>
                    <Unicode>Wer könnt auch das Unglaubliche verstehn?</Unicode>
                </TextEquiv>
            </TextLine>
        </TextRegion>
        <TextRegion id="tr_3" custom="readingOrder {index:1;}">
            <Coords points="895,2391 3384,2391 3384,3890 895,3890"/>
            <TextLine id="tr_3_tl_1" custom="readingOrder {index:0;}">
                <Coords points="1453,2503 2150,2552 2964,2475 3296,2537 3317,2379 1456,2407"/>
                <Baseline points="1474,2459 1534,2459 1623,2459 1713,2459 1802,2459 1892,2459 1981,2459 2071,2459 2160,2459 2250,2459 2340,2459 2429,2453 2519,2453 2608,2447 2698,2453 2787,2453 2877,2447 2966,2447 3056,2447 3145,2447 3235,2447 3325,2441"/>
                <TextEquiv>
                    <Unicode>Hat er sie ja durch eine That verletzt?</Unicode>
                </TextEquiv>
            </TextLine>
            <TextLine id="tr_3_tl_2" custom="readingOrder {index:1;}">
                <Coords points="2435,2574 2568,2586 2744,2549 2772,2574 2890,2559 2983,2590 2983,2478 2905,2472 2865,2497 2689,2487 2620,2509 2596,2487 2435,2484"/>
                <Baseline points="2453,2548 2543,2543 2632,2543 2722,2537 2811,2543 2901,2543 2990,2543"/>
                <TextEquiv>
                    <Unicode>(arges Thun)</Unicode>
                </TextEquiv>
            </TextLine>
            <TextLine id="tr_3_tl_3" custom="readingOrder {index:2;}">
                <Coords points="1450,2667 2803,2720 3348,2676 3376,2559 1450,2577"/>
                <Baseline points="1468,2638 1504,2638 1593,2638 1683,2632 1772,2638 1862,2638 1952,2638 2041,2638 2131,2638 2220,2632 2310,2632 2399,2638 2489,2638 2578,2638 2668,2632 2757,2632 2847,2632 2937,2626 3026,2632 3116,2632 3205,2632 3295,2626 3384,2632"/>
                <TextEquiv>
                    <Unicode>Sie je durch Stolz an ihrer Ehr gekränkt</Unicode>
                </TextEquiv>
            </TextLine>
            <TextLine id="tr_3_tl_4" custom="readingOrder {index:3;}">
                <Coords points="1468,2871 1849,2915 2088,2840 3011,2871 3107,2844 3107,2707 2881,2751 2754,2695 2432,2766 2283,2707 1775,2769 1468,2729"/>
                <Baseline points="1486,2805 1575,2811 1665,2817 1755,2811 1844,2811 1934,2811 2023,2811 2113,2811 2202,2805 2292,2811 2381,2811 2471,2805 2560,2811 2650,2811 2740,2811 2829,2811 2919,2811 3008,2811 3098,2811 3110,2811"/>
                <TextEquiv>
                    <Unicode>Sie je beleidigt,die Verblendeten,</Unicode>
                </TextEquiv>
            </TextLine>
            <TextLine id="tr_3_tl_5" custom="readingOrder {index:4;}">
                <Coords points="1450,3039 2484,3076 2828,2995 3228,3017 3231,2884 2283,2946 1453,2874"/>
                <Baseline points="1468,2990 1534,2996 1623,2996 1713,2996 1802,2996 1892,2990 1981,2990 2071,2990 2160,2990 2250,2990 2340,2990 2429,2984 2519,2984 2608,2984 2698,2984 2787,2984 2877,2984 2966,2978 3056,2978 3145,2978 3235,2978"/>
                <TextEquiv>
                    <Unicode>Mit einem einzigen unbedachten Worte?</Unicode>
                </TextEquiv>
            </TextLine>
            <TextLine id="tr_3_tl_6" custom="readingOrder {index:5;}">
                <Coords points="1450,3237 1642,3212 1787,3246 1818,3218 1874,3252 2026,3203 2224,3252 2224,3073 2088,3042 1914,3116 1809,3057 1561,3116 1450,3094"/>
                <Baseline points="1468,3163 1558,3163 1647,3163 1737,3163 1826,3163 1916,3157 2005,3163 2095,3163 2184,3157 2232,3163"/>
                <TextEquiv>
                    <Unicode>Er that es nie!</Unicode>
                </TextEquiv>
            </TextLine>
            <TextLine id="tr_3_tl_7" custom="readingOrder {index:6;}">
                <Coords points="889,3212 1007,3224 1035,3249 1090,3218 1124,3252 1183,3262 1205,3243 1264,3234 1264,3091 1211,3110 1112,3054 1075,3054 1044,3076 886,3039"/>
                <Baseline points="907,3163 996,3169 1086,3169 1176,3169 1265,3169 1271,3169"/>
                <TextEquiv>
                    <Unicode>Fabius:</Unicode>
                </TextEquiv>
            </TextLine>
            <TextLine id="tr_3_tl_8" custom="readingOrder {index:7;}">
                <Coords points="2116,3417 2168,3435 2264,3382 2590,3444 2763,3398 2859,3420 2967,3358 3215,3367 3215,3206 2747,3231 2568,3286 2119,3255"/>
                <Baseline points="2137,3336 2149,3331 2238,3336 2328,3336 2417,3336 2507,3336 2596,3336 2686,3336 2775,3336 2865,3336 2954,3336 3044,3331 3134,3331 3223,3331"/>
                <TextEquiv>
                    <Unicode>So sagt mir doch, warum</Unicode>
                </TextEquiv>
            </TextLine>
            <TextLine id="tr_3_tl_9" custom="readingOrder {index:8;}">
                <Coords points="877,3373 963,3373 1134,3451 1227,3441 1344,3475 1347,3280 1304,3271 1279,3293 1242,3271 1202,3293 1134,3268 1081,3283 1035,3246 982,3274 945,3252 911,3271 877,3262"/>
                <Baseline points="895,3342 984,3348 1074,3342 1164,3342 1253,3342 1343,3336 1355,3342"/>
                <TextEquiv>
                    <Unicode>Gabinius:</Unicode>
                </TextEquiv>
            </TextLine>
            <TextLine id="tr_3_tl_10" custom="readingOrder {index:9;}">
                <Coords points="1456,3547 2128,3612 2930,3534 3228,3575 3286,3562 3286,3407 2971,3463 2816,3389 2611,3457 1456,3444"/>
                <Baseline points="1474,3510 1564,3522 1653,3522 1743,3522 1832,3522 1922,3516 2011,3516 2101,3516 2190,3516 2280,3516 2369,3516 2459,3510 2548,3510 2638,3516 2728,3510 2817,3510 2907,3510 2996,3510 3086,3510 3175,3510 3265,3510 3295,3510"/>
                <TextEquiv>
                    <Unicode>Sie wider den Ehrwürdgen sich erheben?</Unicode>
                </TextEquiv>
            </TextLine>
            <TextLine id="tr_3_tl_11" custom="readingOrder {index:10;}">
                <Coords points="1450,3773 3101,3770 3367,3742 3367,3618 3141,3547 2936,3630 1450,3640"/>
                <Baseline points="1468,3695 1558,3701 1647,3701 1737,3707 1826,3701 1916,3701 2005,3701 2095,3701 2184,3695 2274,3695 2363,3695 2453,3695 2543,3701 2632,3701 2722,3695 2811,3695 2901,3695 2990,3695 3080,3695 3169,3689 3259,3695 3348,3695 3372,3701"/>
                <TextEquiv>
                    <Unicode>Sagt mir, was sie zu einem Frevel treibt,</Unicode>
                </TextEquiv>
            </TextLine>
            <TextLine id="tr_3_tl_12" custom="readingOrder {index:11;}">
                <Coords points="1450,3921 2899,3897 3187,3977 3336,3928 3336,3801 1450,3779"/>
                <Baseline points="1468,3874 1552,3880 1641,3874 1731,3880 1820,3880 1910,3880 1999,3880 2089,3880 2178,3874 2268,3874 2357,3874 2447,3874 2537,3874 2626,3874 2716,3874 2805,3874 2895,3874 2984,3874 3074,3868 3163,3868 3253,3868 3342,3868"/>
                <TextEquiv>
                    <Unicode>Der unerhört ist auf der ganzen Erde -?</Unicode>
                </TextEquiv>
            </TextLine>
        </TextRegion>
        <TextRegion id="tr_1" custom="readingOrder {index:2;}">
            <Coords points="1468,3997 4041,3997 4041,5131 1468,5131"/>
            <TextLine id="tr_1_tl_1" custom="readingOrder {index:0;}">
                <Coords points="1450,4129 3853,4098 3940,4076 3940,3934 1450,3996"/>
                <Baseline points="1468,4059 1528,4059 1617,4059 1707,4059 1796,4059 1886,4059 1975,4053 2065,4059 2155,4053 2244,4059 2334,4053 2423,4053 2513,4053 2602,4053 2692,4053 2781,4053 2871,4053 2960,4053 3050,4053 3139,4053 3229,4047 3319,4047 3408,4053 3498,4053 3587,4053 3677,4047 3766,4053 3856,4047 3945,4047"/>
                <TextEquiv>
                    <Unicode>Doch nein - der zorn treibt mich zu weit. Gabs denn</Unicode>
                </TextEquiv>
            </TextLine>
            <TextLine id="tr_1_tl_2" custom="readingOrder {index:1;}">
                <Coords points="1450,4290 2323,4253 2738,4302 3104,4234 3063,4163 2813,4135 1450,4172"/>
                <Baseline points="1468,4232 1498,4232 1587,4232 1677,4232 1766,4232 1856,4232 1946,4232 2035,4232 2125,4232 2214,4232 2304,4232 2393,4226 2483,4226 2572,4232 2662,4226 2751,4226 2841,4226 2931,4226 3020,4220 3110,4220"/>
                <TextEquiv>
                    <Unicode>Nicht immer solche, denen die Natur</Unicode>
                </TextEquiv>
            </TextLine>
            <TextLine id="tr_1_tl_3" custom="readingOrder {index:2;}">
                <Coords points="1462,4482 3370,4470 3321,4309 2311,4355 1989,4271 1462,4299"/>
                <Baseline points="1480,4411 1569,4411 1659,4411 1749,4411 1838,4411 1928,4411 2017,4411 2107,4405 2196,4405 2286,4405 2375,4405 2465,4405 2554,4405 2644,4405 2734,4405 2823,4405 2913,4405 3002,4405 3092,4405 3181,4405 3271,4411 3360,4411 3378,4411"/>
                <TextEquiv>
                    <Unicode>Das sehnde Aug der geistigen Vollendung,</Unicode>
                </TextEquiv>
            </TextLine>
            <TextLine id="tr_1_tl_4" custom="readingOrder {index:3;}">
                <Coords points="1456,4646 3293,4631 3562,4587 3562,4479 1456,4516"/>
                <Baseline points="1474,4578 1510,4584 1599,4584 1689,4584 1778,4584 1868,4584 1958,4584 2047,4578 2137,4578 2226,4578 2316,4578 2405,4584 2495,4578 2584,4578 2674,4578 2763,4578 2853,4578 2942,4578 3032,4578 3122,4578 3211,4578 3301,4578 3390,4578 3480,4572 3569,4572"/>
                <TextEquiv>
                    <Unicode>Der Menschenzierden göttlichste,versagt hat?</Unicode>
                </TextEquiv>
            </TextLine>
            <TextLine id="tr_1_tl_5" custom="readingOrder {index:4;}">
                <Coords points="3751,4727 3782,4724 3822,4767 3869,4739 3884,4752 3912,4742 3934,4758 4008,4717 4030,4717 4033,4578 3965,4575 3903,4600 3878,4578 3825,4603 3813,4590 3798,4600 3779,4581 3754,4581"/>
                <Baseline points="3772,4650 3862,4644 3951,4644 4041,4638"/>
                <TextEquiv>
                    <Unicode>dessus</Unicode>
                </TextEquiv>
            </TextLine>
            <TextLine id="tr_1_tl_6" custom="readingOrder {index:5;}">
                <Coords points="1462,4829 3073,4779 3073,4714 2995,4696 2484,4711 2360,4625 1462,4649"/>
                <Baseline points="1480,4757 1558,4763 1647,4763 1737,4763 1826,4763 1916,4763 2005,4763 2095,4763 2184,4763 2274,4763 2363,4757 2453,4757 2543,4757 2632,4757 2722,4757 2811,4757 2901,4757 2990,4757 3080,4751"/>
                <TextEquiv>
                    <Unicode>Versagt hat jenes Auge, das allein</Unicode>
                </TextEquiv>
            </TextLine>
            <TextLine id="tr_1_tl_7" custom="readingOrder {index:6;}">
                <Coords points="1462,4987 3293,4975 3265,4866 2261,4891 2044,4795 1914,4851 1462,4826"/>
                <Baseline points="1480,4942 1510,4942 1599,4942 1689,4942 1778,4942 1868,4942 1958,4942 2047,4942 2137,4936 2226,4936 2316,4936 2405,4936 2495,4936 2584,4936 2674,4936 2763,4936 2853,4936 2942,4936 3032,4936 3122,4936 3211,4936 3301,4936"/>
                <TextEquiv>
                    <Unicode>Die Güte und die Grossmut eines andern</Unicode>
                </TextEquiv>
            </TextLine>
            <TextLine id="tr_1_tl_8" custom="readingOrder {index:7;}">
                <Coords points="1462,5164 3293,5182 3293,5052 3135,5009 2224,5071 2094,4993 1462,4987"/>
                <Baseline points="1480,5109 1569,5115 1659,5121 1749,5121 1838,5115 1928,5115 2017,5115 2107,5115 2196,5115 2286,5115 2375,5115 2465,5115 2554,5115 2644,5115 2734,5115 2823,5115 2913,5115 3002,5115 3092,5115 3181,5115 3271,5109 3301,5109"/>
                <TextEquiv>
                    <Unicode>So ganz erkennen kann, dass im Erkenien</Unicode>
                </TextEquiv>
            </TextLine>
        </TextRegion>
    </Page>
</PcGts>
