8136 5112
1414 1058 3725 1422 Der alte Servius hat von allem Runden
1264 1275 3865 1565 Mich dünkt, man hörtche seußen bishieher
1231 1499 3314 1789 So unermaßlich trübe, ist sein Sinn.
1128 1638 3935 1954 Talgunius Ein großer Volkshauf liegt vor dem
3104 1793 3703 2083 Salast
1238 1951 2528 2285 Undwartetunser.
2325 2142 3453 2414 Und bleibt Servius
1282 2237 1723 2480 Fargu.
1407 2366 2832 2623 So thatlos im Palast?
2087 2513 3545 2766 Was weiss man jetzt?
1301 2715 3545 3053 Ich glaube, er berät mit ein’gen sich
1326 2855 3916 3134 Daß ja kein Bürgerblut vergoßen werde,
1444 3023 3949 3328 Undwas man schon im solchen Fällen thub¬
1429 3207 3744 3523 Das ganze ist jetzt leer u. ohne Folgen;
1374 3384 3986 3670 Wir sind die Herrn und du bist des herrschen
1378 3556 3843 3887 Zeig dich dem Volke ring Sum überall.
2230 3758 2979 3975 Alle ab.
1605 3839 3931 4206 Fabius, u meingt von viel Volk¬
2494 4118 3023 4350 könnt.
4085 944 6084 1315 Fabius (im Sprechen, nach allen Seiten)
4148 1117 6510 1440 Er ist von eurer Liebe tief ergriffen,
4203 1304 6998 1690 Doch bittet er euch eins! Konts nicht zum letzten,
4192 1499 6359 1819 Herr unabweislichen Notwendigkeit
4155 1672 6796 2006 Desblutgen Kriegs; müßt ihr unkampfe nicht
4129 1874 6785 2156 Das gute Recht des Reichsvertheidgen, dann
4166 2054 6837 2329 Laßt eure Waffenruhn. Er selbst will jetzt,
4144 2215 6569 2546 Noch einmal Luciens tarquiniussprechen
4177 2421 6444 2689 bevor es bis zum Äußersten gediehen
4148 2546 7076 2917 Egerius. Wie, er will ihm Zugeständniße wochen?
4140 2708 7094 3023 Mareus. Der Patricierführer Zugeständniße.
4137 2884 6686 3277 thientos. Wie?! Er wollte dem Adel,
4162 3126 6690 3398 diesem Sack von hochnäsigen Tagedieben,
4188 3376 4666 3560 diesen.
4232 3442 6936 3703 Alle. Nein nein, keine Zugeständniße.
4240 3633 6635 3872 Fabius. Niemals, ihr Getreuen, zu
4203 3821 5669 4104 euere Ungunsten.
4934 3968 6264 4291 Sie ziehen vorüber.
