8088 5048
4186 751 4427 1028 24
4194 991 7044 1337 Tarqu. Nun, meine Gattin, will ich durch die Stadt¬
1300 1080 3689 1457 Und auf die lange Dauer ihres Glücks¬
4226 1232 6683 1505 Zu meinem Bruder Arunswill ich gehn
1244 1349 3897 1630 D. a. J. bringt meiner Schwester Gruß und
4251 1389 6904 1654 Und dort mir huldgen lassen - Du bewirthe
3079 1489 3909 1738 Dank von ein
4214 1553 7441 1858 Die Bürger guter Botschaft in dem S unterdessen -.
1337 1618 3616 1991 Ich werde selbst in kurzer Zeit sie sehn.
4194 1762 6964 1987 Bald eilt das ganze Volk in diese Hallen
1260 1842 3950 2163 (Zu Targu. Der mit stieren Aug auf d Bacher
4214 1951 6691 2212 Und hüldigt dir als Königin von Rom¬
1288 2039 3921 2284 sah, in den im anderen Sklave aus dem Stein¬
4251 2095 6827 2384 (Tullia geht lang som ins Haus, Targ: ruft.)
1373 2232 2709 2493 krug Wein einschenkt)
4170 2256 6823 2569 Ihr Senaloren, auf! Nehmt eure Schwerter
1333 2380 4010 2609 Befiehl, daß man die Sklavenweich beschenkt,
4218 2452 6944 2761 Es drängt die Zeit noch ist es nicht vollendet.
1357 2557 3769 2846 Sie sind die ersten, die mir huldigten.
4351 2621 6727 2886 (d. Senatoren Kommen aus d. Galle; von
1308 2733 4018 3042 (Nunnt d) Becher & führt ihn zum Mund. Tarqu. fährt
4194 2802 6731 3042 d. andern Seite Clandius & Falassius.)
1312 2910 3909 3131 mit der Handhin, als wollt er ihr das Trink¬
4214 2970 5708 3211 Targu. Woweiltet ihr
1284 3095 4022 3339 gefäss entreißen, läßt aber den Arm sieken
5218 3151 6779 3412 Wir schauten rings umher,
4198 3147 4391 3440 Cl
1369 3307 4014 3568 Während Tulliatrinkl, sieht er starr auf sie
4166 3331 6667 3640 Wie sich die Stimmung ließe unterm Volk¬
1397 3480 2340 3689 Banger Stille.)
4251 3516 4981 3701 Tarar Und
1385 3604 3347 3881 Fallia (reicht d Becher u. Sklaven.)
4616 3648 6763 3946 Nun, von den Klebehern ist nicht einer
4194 3681 4455 3861 Cl.
1477 3789 3986 4086 Solch ein Genuss ward mir von keinem trank¬
4138 3845 6827 4146 Auf Deiner Seite; doch der ganze Adel
1850 3978 3532 4210 (Weiße Sklaven ins Haus¬
4255 4026 6767 4287 Hauchzt dir in Jubel zu, ja sie bewaffnen sich
1445 4142 3942 4439 Ich folg'euchselbst! (Zu Tage, der ganz verloren,
4194 4142 7028 4491 Um, Fall es Not thut, dir im Kampfzuhelfen.
1505 4327 4018 4624 dasteht:) Und mein Gemahl! Du schweigst?
