8056 4888
4055 859 5769 1250 Talassius. Wohl, wohl, was weiter?
1124 1006 3269 1344 Nicht lange mehr in freien tüsten athenen.
5280 1087 6567 1356 Arun r, der vielweise,
4128 1173 4645 1323 Claudins
1083 1234 3204 1527 Doch um dir meine Ansicht mitzutheilen.
4132 1323 6392 1584 der stets nur über Sergamenten brütet
1409 1401 1795 1531 Denner
1071 1356 3758 1673 Es ist auch der Schein des Rechts, nicht Überzeugung
4165 1453 6648 1747 Und fast davot das schön Weib vergißt,
1120 1510 3640 1763 Mit dem du deiner Worte Schwall um Kleidest.
4112 1600 6608 1885 Das er sein nennen nach, - er ist der erste,
1095 1685 3583 1995 Denn, bester Freund, gewechs gabs Augenblicke
4132 1783 6730 2064 der unsern Zwecken dienen soll. Er wird
1075 1836 3428 2121 In Deinem Leben auch, wo du im Geist
4149 1958 6111 2174 Dem König des Senates Willen künden
2264 2011 2614 2150 Präsident
155 1946 3424 2247 es ist unrichtig ich unter den das Dasein eines seinen Mannes bedacht
4165 2097 6669 2378 Und Grund und Ursach’ nahende Empörung,
1136 2178 3579 2467 Und dir trotz allem nicht verhehlen konntest -
199 2231 1038 2353 Plebeiern nur arme
212 2300 1067 2455 vorzustellen. (Monsieur)
4083 2284 6192 2569 die sich nur wenden lässt, wenn Servin
199 2402 1132 2536 gedrückt waren sie allesam
1160 2329 3794 2654 Auch soll ein Mensch muß leben und hat Anspruch
6994 2410 7336 2610 (Vorplagt)
4153 2426 6522 2711 der Annahm würdigt jegliche Bedingung,
220 2483 936 2663 aber nicht arm.
1087 2508 3395 2768 Auf Freude und Gemuß wie jeder andre.
4132 2573 6441 2891 Du ihm der Senatoren Mehrheit stellt.
1099 2683 3375 2927 Salassius / mitmutig/ und dieser Worte zweck?
4124 2744 6815 3021 des König weiß uns ab. Wir tragen nochmals
2948 2781 3803 3041 Es werde klar
1120 2887 1685 3062 Claudins.
4132 2923 5842 3172 Mit aller Ruhe unsre Bitte vor.
7373 2968 7862 3135 Rein beim Fettan
7043 2931 7247 3127 vom
1168 2964 3253 3310 Und offen zwischen uns. Derselben Weg
5517 3009 6111 3204 (sie nicht gewährt)
7060 3110 7255 3265 nicht
7373 3074 7715 3192 Rode sein.
2716 3139 3005 3277 Absist
4136 3098 6392 3379 Zum zweiten Male wird uns nicht gehört;
1144 3098 3371 3395 Beträtest du und ich. (die Triebau das
395 3216 969 3477 etrad hasst auch
6994 3212 7231 3465 v̄ je
4132 3261 6616 3562 des Königs Will' ist, nicht xxx willfahren.
1148 3302 3884 3615 Zum Handeln dich trieb, ist Verschwendungssucht
533 3399 949 3632 Sprache
4108 3428 6424 3693 Da streue wir rasch davon die kunde aus
1168 3481 3900 3778 Ist Holz, ist Übermut — neus, wie du willst.
493 3562 916 3819 9 Absicht
6958 3558 7589 3790 klingt schlecht.
4173 3615 6253 3892 Oder sehr kläglichen Notwendigkeit
1156 3656 3933 3921 Was mich treibt, ist zumeist die Freude am Neuen,
6958 3733 7915 3949 der zum stoff flackert?
4149 3758 6848 4063 der Zundstoff Flackert lüstig weite und weiter,
1156 3835 3884 4108 die tust am Usturz, Thatendrang und Wildheit
403 3794 607 4083 noch
7304 3884 7959 4035 Endlich englieder eine Neigereich¬
6970 3900 7296 4088 Durch unseren
7304 3994 7947 4165 nach notwendig nicht nur
7015 3998 7190 4088 Sie sich
4161 3929 6656 4238 Ur Aufruhr wächstses könig fen die Parteien
7015 4075 7202 4197 upon.
1197 3990 3550 4311 Das Ziel, das wir verfolgen, ist das gleiche.
4083 4116 6502 4413 ja die Jahre ists, die siegt und triumphirt,
603 4161 814 4360 Sir Johan
1225 4181 3579 4450 Ein neuer könig hohl in Rom regieren,
4145 4238 6718 4552 Und kein 6 Targin ein Swird königl. heiß
252 4275 1160 4458 hier tritt nicht zuvor: die Art der Augen
3953 4316 7182 4686 H. Empönung, zum spalt kamen rückstieg auf xyz nicht erreicht, darlängst ersehnte sind
277 4385 1173 4519 wung, die eben die Unzufriedenheit erwekt
289 4320 3241 4572 Ein zwischen den beiden letzten um. Und dieser König sei Torrquinius,
6453 4409 7882 4592 A Arthur Schnitzler, Sarga. Superbus
281 4511 1152 4653 geschobener Vers müsste dies.
1681 4491 3721 4702 ein Freund der Masse, ein Ratricierfürstl,
252 4535 1620 4731 Elma: Kein Freund der Masse, ein „Hitricierfurch“
