8056 5384
4080 724 4267 964 be
4462 814 4877 1106 19/4
5564 940 5760 1110 vie
4438 960 6736 1322 D.j. Mild ist die Luft; mitwohler ist mir stets
4446 1216 5145 1452 den freien Schwester
4413 1326 6211 1651 D.J. Wir ist im Trine immer lebflas
4470 1460 6638 1769 drum lass uns beiter in die Garten gehe.
4430 1708 4987 1973 hier läßt
4413 1839 5511 2135 D. A. Ein wurgges dift.
4474 1952 7749 2323 D. G. Mir, Schwester, ists im Knimiaar wohler „Willsich fahr mit
4462 2184 5467 2436 last uns den Gertan
4507 2339 5572 2644 die Garten wordeln.
5389 2449 6744 2729 Garne, liebe Schwester.
4442 2591 4747 2843 D. J.
4430 2660 6158 2941 d.ä. Ein rugges Duft! Er kommt
4409 2750 7138 3165 D. h. (auf a. Parte weißes) Von jenen Blüm vor, Komtarr
4434 2973 6439 3270 die ich aus Griechenland erhielt
4474 3165 5833 3433 Wir wollen näher gehe.
4495 3274 6817 3555 doch da wir um im Freien sind, so hoff ich,
4466 3445 7435 3754 Wohl, die nicht länger schwessen sein; wird fröhlich, offen,
4958 3681 5186 3807 seit
4462 3616 6150 3962 Wie ich vor wenig Tagen ist sind
4552 3893 5479 4112 Sie wurden erst nur
4560 3897 7147 4287 In diesen Säwte dort vor einig Tagen erst
4539 4108 6854 4421 In weiche Erde eingepflangt - de weißt ja¬
4499 4295 6244 4629 Mim Gott liebt die kleinesen
