4536 5928
1707 735 2267 988 Zu Seite 4.
2551 836 2765 980 agt?
2955 751 3543 1011 solche, denen
926 929 3924 1198 1) Wir haben uns beide an diesem Worte gestossen,nun aber hat
922 1128 3900 1396 mich Schiller eines besseren belehrt. Im „Dametrius“ heisst es:
941 1307 2827 1583 Wer aber soll gerecht sein auf der Erde
937 1478 3784 1762 Wenn es ein grosses, tapfres Volk nicht ist, ) Dies spricht
3033 1688 3780 1933 Dem. selbst.
933 1719 2889 1874 Das frei in höchster Machtvollkommenheit
933 1824 3142 2115 Nur sich allein braucht Rechenschaft zu geben)
949 2061 2034 2314 Und unbeschränkt - - -
957 2236 2959 2465 Der schönen Menschlichkeit gehorchen kann.
941 2395 4075 2605 An anderer Stelle sagt der König zu Demetrius, da er ihm väterlich
953 2578 2442 2800 rät, seine MutterMarfa zu ehren:
964 2734 2979 2971 Kwin bessres Pfand für eure Menschlichkeit
964 2920 2644 3146 Hat euer Volk, als eure Kindesliebe.
964 3049 4048 3375 Ich wäredafür zur Vervollständigung das Adj. „grossen“ in diesem
980 3294 3846 3496 Vers zu streichen und schönen vor Menschlichkeit zu setzen.
968 3453 4075 3659 Die beiden angeführten Stellen aus Schillers wunderbarem Fragment
984 3655 4040 3842 sind, an und für sich sehr schön, zufällig, wie geschaffen für Dein
980 3889 1342 4029 Drama.-
988 3959 3780 4188 Ausserdem als Beispiele für den Gebrauch dieses Wortes vgl.
988 4200 2115 4387 Wallst. Tod I.6.S. 115.
1559 4313 2069 4453 II.7.S.135
999 4348 2843 4554 Maria Stuart I.6. (Mortimer und Maria)
1983 4511 2353 4597 Tantesen
1011 4484 4013 4713 „Die Schaubühne als eine moralische Anstalt betrachtet (1784) v.
1011 4624 4103 4814 Schiller:S.43: Menschlichkeit und Duldung fangen an, der herrschen-
1003 4744 2882 4888 de Geist unserer Zeit zu werden.-
1851 4771 3807 4954 - Wenn sein erhab'nes Herz vergessen hat
1003 4845 1742 5055 Don Carlos I.2.
1754 4904 3298 5067 Für Menschlichkeit zu schlagen.
999 5020 2446 5230 Ferner: Schiler, „Wilhelm Tell“
1804 5090 2730 5273 Gedichte Seite 266.
3177 5172 3352 5464 ten
1019 5254 2061 5495 Genug der Beispiele.-
