8168 4936
4097 809 6804 1202 (Wie in Gedanken) Auf Romas Thron um neuer herrscher?
1154 1008 3085 1287 den Scheren und Waffenlosen überfielen.
6643 989 6903 1292 Ihr
4074 1088 4594 1296 Claudins
1121 1154 3302 1438 doch so -! Wir geben ihm die Waffen in die Herrn
2971 1292 3312 1424 (upisen)
4093 1249 4594 1438 Somit?
1145 1325 3250 1623 Wir, sagen ihm - Thät ihr, wie wir auch heißen
4121 1273 6472 1651 Fullia. Nach dünkt die Zeit nicht allzufür.
7078 1471 7982 1680 König über...   vie auch sch
1159 1514 3288 1746 Um nehmt die Vorschläg an, die wir dictiren
4126 1523 6165 1784 (W. o.) Tarquinius der König über Rom. -
577 1538 942 1779 In stark.
7083 1609 7977 1850 früher Herscher über die
1154 1651 3056 1921 Und lasset uns, die adligen Geschlechter
421 1651 942 1878 Ohnein! Im
4126 1689 6439 1982 Wie glaubt ihr selbst, sagt offen, Clandius.
4164 1840 7967 2101 Wird Servius zur Annahm sich bequemen. Cland. Nicht nachs zu entscheiden
331 1788 3307 2096 stunde des Clausgerichts Frei wolten, ungehindert, wie 6 vor Zeiten,
7333 1907 7991 2072 doch insglücktes -
1159 1982 3080 2209 In des Jarquinus Priscus Tagen war
4116 1973 6936 2290 Claudius. Im schlimmsten Fall hebt, ja des Peilauskehr,
5673 2011 7400 2266 lebste xyz tennis targkomius lebtum ist.
7102 2086 8005 2328 Edwa: Der wackere T.
1197 2082 3610 2394 dann sollt auch ihr, ganz frei und ungehindert
4135 2186 7234 2474 der tapfe Geld Targuiniub dte Krone Eintzelt, des Provinz wegen Sichts
7116 2271 8010 2437 Elwa:reht doch, neunter, als
4906 2323 5431 2460 mich nicht
1164 2304 3222 2560 Hinfort das große, mächtige Rom regieren
4168 2314 6534 2593 Steht noch zum neuesten dem jungen Haupt
7111 2394 7807 2564 jungen Haupte wol¬
1240 2422 3265 2716 Wie ihr beherrschlet bis zum heutgen Tag.
4159 2456 6605 2796 des kräftgen Manns nicht minder trefflich an
1211 2616 3231 2886 Ist das Empörung? - Also der Senat.
4206 2668 6600 2938 Als einem abgelebten Greis - Nein, nein.
1221 2796 2129 3023 Tullia. Und ihr?
4187 2810 6468 3118 Ich sagte damit von der Zukunft nichts, -
1131 2914 3653 3198 Claudines. Zum mindsten ähnlich, wenn nicht gleich.
4159 2905 6681 3213 6 kann alles anders werden, als man denkt.
1169 3071 3501 3364 Tullia Und wenn der König Servius Tullius
7097 2981 7471 3383 Gort.
6714 3033 7021 3321 stehr
4097 3132 6349 3440 Der König lek'e lange, lange lange.
1216 3288 3312 3539 Euch abschlägig bescheidet? Nun? Was dann?
4149 3302 6922 3582 das letzte sagter, uns vorige anschließend, wie er bemerkt, dass
1211 3421 3799 3667 Candins. Wir sind bereit zum Frieden Wenn der König
4216 3492 5900 3733 Nruns aus dem Hause hervortritt.)
1235 3572 3473 3880 Ihn von sich weiß - es ist nicht unse Schuld.
4239 3615 6780 3922 Tullia. Ich sey auch, stets wohl für jetzt! (Sie geht.)
1173 3747 3624 4012 Tullio. Erklärt euch deutlicher, ich bitt auch drunn¬
4206 3809 6515 4093 Arnus. Seid mir gegrüßt, vieledor Claudius.
1211 3913 3993 4206 Claudius. Braufs denn mehr Klarheit noch als dieses Was
6666 3832 7840 4225 Timmer diese frage
4230 3988 6444 4287 Was bringt ihr Gunstges? Euch und eurer kunde
1244 4102 2522 4386 Q/o kann nicht Friedrich sein?
6449 4121 7811 4372 Muhr denn zwar etwas bringen
4216 4154 5484 4466 Sein alle Götter hold.
2181 4211 3719 4499 Beim Pupite! Hierrauß
6643 4253 7650 4509 Was führt auch für
1235 4291 1590 4471 Tullia.
5290 4244 6241 4589 Ich wünschte Facht,
4253 4367 4741 4618 Claudius.
6666 4395 7901 4604 wäre ich ganz am Platze
1263 4419 3468 4727 Ich selbst gestehe. Sist klar wie tageslicht.
