8104 5384
726 784 4266 1052 Sibstle In diese Asche suchs, die nur leistetes auf sprichts unkauftet
775 951 3509 1242 Toyn. Und also wird kein Sterblicher erfahren.-
823 1149 3526 1440 Sihlle. Nur das, der feben wird zu jener Zeit¬
453 1052 652 1506 4.
828 1347 2421 1677 Zeigen. Ists weil bis dahin?
467 1470 678 1642 Or
2087 1453 3236 1726 Lohs die Tage Elie¬
2479 1484 4160 1770 auf und auch xyz findern mich im Lauf
836 1541 1189 1827 F.T.K.
1382 1629 2162 1814 Sie ström hin,
854 1625 4160 1950 kagn. Das muß die Mensch und kann nicht gebieten.
502 1629 700 1783 A
506 1765 713 1955 The
823 1840 3641 2126 Südselle Dorbgreiz' er kein Wesen, für stört ja¬
1149 1990 3060 2303 So from most, wo 6 noch so fern
537 1933 744 2192 2
2417 2135 2716 2280 Ernstag
863 2206 2884 2474 Aus Ufer: Tod - und wünschke weiter -
2826 2223 3333 2461 maisler
533 2157 735 2470 j/3
885 2342 3262 2589 Wie wird die Stadt, die ich regen einem Stad
916 2391 3416 2765 Wenn ich bedenke! Daß die Stadt voll Lebe
880 2694 1968 2985 voll aufgeregt
911 2716 4068 3091 die jetzt voll erfüllt vom aufgeregten Leben
903 2928 4138 3297 zum Aufschweig draigt, troht in-Rampfür Anfuhr
889 3095 4099 3399 daß diese Stadt einst Schubt und Staub - zu Hüle
872 3297 4055 3584 Wirk du noch in jener Zeit auf Erden worden?
872 3403 4116 3764 Sibzle: dies werd ich Ich lebe, wenn du längst vergeschreibt
858 3584 4270 3962 dazum Vergessen – vor aus der sterblichen Gedächtni¬
1105 3764 4165 4143 Der löscht - dahin mein Namt ved man Stufe.
1092 3984 3535 4306 Sibglle - aufzustreben lehrst du mich.
4398 665 7053 973 Da mir so wen Zukunft doch gehört,
4416 880 6194 1171 So willich ganz ihm ist nach
4429 977 6582 1347 so soll wäre Erben diese 6 geprjn Jopst
4407 1180 6679 1501 Erfüllen und in wollen/Zugensollt
4398 1418 5384 1704 die Gegenwart
4407 1510 6731 1814 Sowil ich ganz, wie einen davon, mich
4380 1660 6855 1994 der Gegenwart ergeben. Sicht der Fællas
5085 1849 5574 2008 to miss
4411 1827 7172 2153 Unmittel Spivi - für künstige Zeit ein verspiel
4425 2003 7062 2355 Ist jede Tong - und ein geb. Seit den andern
5851 2184 6164 2303 auch
4442 2131 7634 2439 Und stirbt am Zeu daran. Mein ist dies ein heft,
4416 2285 7841 2633 das ich gleichsam mit Händen fassen kann und frl.
4447 2474 7515 2791 Nicht mehr als dies, wie bist für alles andre. —
4460 2664 7123 3011 Und daß ich den für alles, was da kommt
4464 2747 7634 3152 In meinem Zuern wohl klar um deutlich
5574 2989 7057 3249 klares Wisses find
4460 3126 7128 3460 nicht zweifelhaftes Schwanken hinein hin¬
5283 3337 5657 3482 Means
4499 3315 7603 3597 Sowilft ich sehre, war mir selbstbestemt ist. - Wie
4477 3447 7559 3852 Vorhand das Weib? Sie wird wohl wiederkeh¬
4486 3641 7528 4011 Um ihren golden Lohn. - Dassein befür laß Ich
5750 3896 5908 4086 —
