8120 5384
4400 599 7234 971 Sie - sterben? - Jetzo blühliche Leben, Schön,
814 678 4046 1163 Erblicken zukunft (Erwill aufschlagen)
4404 840 6889 1107 Und wunderbar berückend steht sie da¬
4400 862 7921 1308 Aus ich soll der Liebesgöttin glich an Reiz und Schuheit
984 988 2922 1303 (4. Hältiende und fährlgrük)
6342 1093 7825 1330 Caß wagte, es nicht, daß Wvß zu
429 1054 634 1356 b.
2165 1159 3617 1395 Wa, wie wird mir nun:
7300 1225 7873 1417 sprechen,
4422 1216 6128 1496 Aufs Buchweise stehtsdrucke
442 1286 678 1535 C. A
4452 1286 7514 1680 Und hier sich geschrieben, wie sie hingehn wird - 2!
897 1312 3713 1618 Mit einer Mal sollnicht auf beyn kann,
477 1474 674 1645 Art
923 1474 3604 1828 die noch in reiten Nebelherrn schwebend
4929 1531 5983 1789 hie bese frei ichs
512 1640 691 1789 Ar
4466 1662 7304 1999 Es zweyft mich - hinzuschaue – ich muß, ich muhs -
897 1697 2419 1994 Die langsam erst in
490 1758 722 1977 4
962 1723 3919 2148 Selbsturch nicht sind und spät erst sich gestalten.
4562 1863 6390 2169 Scheu hinein blickend) schreit auf.
2187 1994 2484 2139 blig
4522 1876 7895 2248 Aka, Mord – es bließ sehr soll – wohnsinge trägen.
910 1959 3451 2283 Mit einem kehr sehr soll ich hinüber
520 1946 765 2204 G
905 2126 3429 2449 Zur Unbekannt zweifelhafte schaune
4514 2183 6224 2524 Stützt weg. Still Saufe.
551 2274 744 2480 3/4
905 2309 3635 2664 das sich vielleicht entstehen soll erstattend
4527 2353 6189 2659 die jüngere tullia kommt.
918 2458 3718 2821 Und ach - doch unabwendbar vor uns zeigt
4536 2476 6766 2773 Tullia. Mein königlicher Gatte
888 2567 4260 3018 Nein, ziehen zwege nicht targunnus - Teilgekeit,
4531 2659 6373 3009 Fargu. (schrickt zusammen.)
3521 2795 3897 2979 Mrt
6534 2747 7405 3035 Du bist bleich
4601 2930 5078 3127 Cullia
4601 2817 8004 3320 Tergn. Ja - Diese to Sist wohl zur Krönung alles eins bereit
932 2869 4203 3324 Er sei gewagt - was sein wird, will ich wissen.
4588 3149 7116 3460 Tullia? Ja dies zukünden, kam ich her¬
1133 3132 4304 3495 Erschlagt auf J hält sich, da er einen kamen
6731 3245 7951 3534 Otellia, Reich mir
1028 3311 3538 3608 sieht, die Aus zu und stürzt weg
582 3276 774 3503 J
4632 3381 5148 3600 Targn.
1058 3429 4221 3761 Nein mir. - ich wenig es nicht. Die jügere stillig¬
4566 3508 5738 3788 Die Hände a tullia.
4641 3516 7593 3949 Tullia (befremde 1,) erst sie ihm: "Torsumicus P!
1015 3635 4247 3958 So war das Wort, das ich gesehen die Freyleri
997 3770 3674 4164 Diese Stgeliebte – Weg ichs doch? Wie wir
