8232 5160
1151 702 3467 1060 Chwertes, Sargus-Tullius, ja ehe!
2222 881 2613 1020 dysen
1334 841 3724 1199 Ihr wortes, der xxx Aufruhr hat erregt,
1263 1016 3795 1350 Die Schuld der blutigen Wirreiste wort ihr
1425 1259 1756 1543 Ihr
1823 1411 3228 1688 (Erwird überlaubt.)
1364 1573 3407 1908 Volk. Hinweg von dieser Stätte!
2424 1729 3596 2002 Du entwechst sie!
1398 1806 1894 1999 Andw.
1357 1948 2779 2201 Claad. (zurückweichend.)
1418 2053 3920 2417 Weh ruh ich! Ehr seidenes Volkes
2887 2215 3528 2515 Flui!
1573 2323 3535 2728 Servius stürzt zusammen.
1722 2640 3876 3153 Der Vorhang fällt.
4706 1107 6810 1523 Vierter Aufzug.
5250 1330 5969 1634 Erste Seene.
4754 1560 6297 1908 Das Jure der Curie.
4767 1850 6516 2124 Marcus a Egerius koman.
4284 2019 6921 2289 Egerius Nein - wie ihr sehl. Sist noch leer im Saal.
4274 2211 6935 2505 Marcus. Und sagt es kam die ganze Nacht nicht
4288 2390 5078 2671 zum Kampf?
4288 2519 6894 2856 Egerius. An keinem Ort. Zwar durchstreiften,
4295 2681 6952 3042 wie ihr ja wißt, die Bürger bewaffnet die Prasten,
4311 2920 6898 3197 auch einzelne Schweren der Patriciet Koute
4308 3069 7002 3363 man erblicken - aber es blieb stil. - die Nachtwar
4318 3329 4889 3575 unblutig.
4315 3440 6999 3727 Marcas Egerius, ich wünschte sehnlich, daß es
4325 3629 5773 3916 zur Entscheidung komme.
4308 3768 6965 4095 Egermo. Im ganzen Volk ist so ein Gähren und
4352 4055 4953 4268 Drangen.
4338 4106 6891 4403 Marcus Und sagt! Wie könnte, daß alles
4365 4268 7083 4595 so stillblieb bei dieser Unruh im Turm?
