4376 5816
3608 568 3783 780 20
1577 770 1741 978 G.C.F.P
1365 783 3406 1047 Ich bin's. Mich zwingen dringende Geschäfte
787 940 1259 1101 Claudius:
1358 1016 3112 1231 Von unaufschiebbar hoher Wichtigkeit,
1371 1204 3215 1399 Die Schwelle dieses Hauses zu betreten,
1389 1382 3232 1607 Und seine Ruh auf kurze Zeit zu stören,
1416 1570 1796 1782 (scharf)
821 1624 1190 1816 Tullia:
1378 1689 3331 1932 Vielleicht dieselben dringenden Geschäfte
1399 1888 3140 2141 Von unaufschiebbar hoher Wichtigkeit
1399 2076 3574 2302 Die euch zugleich - euch und noch andre mehr -
1392 2110 1549 2226 G.F.P.
1406 2257 3345 2480 Des Staat es Ruh zu stören zwingen - - Oh
1402 2462 3584 2654 Erwidert nichts; ich kenn' den Stand der Dinge,
1416 2633 3458 2828 Wie jetzt die meisten schon in unsrer Stadt
858 2715 1303 2856 Claudius :
1416 2791 3146 3013 Ihn kennen, und in kurzem jeder. Doch
1419 2979 3632 3177 Ganz richtig ist's. Der jetz'ge Stand der Dinge
787 2962 1180 3198 Claudine
1419 3129 3259 3355 Führt mich zu eurem edlen Gatten Aruns
1036 3256 1224 3516 20/8
1433 3307 3099 3547 Und des Senats Gesandt er trete ich
1440 3499 3482 3728 Vor ihn. Wenn ihr mich heute sprechen hört,
787 3499 1043 3718 Classe
1443 3632 3379 3882 So höret ihr nicht mich, nein: die Partei.
1443 3830 3403 4042 Seid ihr von denen, die zum vKönig halten?
889 3988 1238 4107 Tullia:
1450 4018 3194 4251 Wie der Senat zum König halt, so hält
893 4152 1354 4337 Claudius:
1460 4207 3304 4473 Auch Claudius zu ihm,mit ganzer Seele.
1467 4378 3393 4620 Mit ganzer Seele-! Drum empört ihr euch.
913 4405 1272 4644 Tullia:
899 4559 3649 4785 Claudius: „Empört ihr euch!" - Wie könnt ihr's also nennen?
1481 4716 3482 4942 Empörung wär's, wenn wir ohn' jede Warnung,
1481 4891 3290 5130 Ohn' jedes Zeichen eines nahen sturms,
1488 5068 3485 5308 Bisher in tück'sohem Hinterhalt verborgen,
1501 5250 3280 5534 Mit einem Mal gewappnet und geschirmt
