8200 5288
2195 563 2991 887 das glaubt' ich. -
758 628 1108 931 Targu
766 814 3221 1112 Ich Wie hieß doch der jener der A mich tödten wollte.
762 1004 2818 1286 Claud. Sein Nacht Mereus - selten sein
511 935 671 1225 P.
532 1164 697 1377 P.
792 1177 2312 1472 Und xxx Ich Anke ja anders geht.
2238 1286 3355 1554 Stich dünkt, die kauft:
537 1338 727 1515 Pr
796 1381 1169 1619 Claud.
809 1511 3177 1744 das Wagnis jenes Tollen nicht vergessen,
822 1645 3060 1926 der mit gezücktem Schwert auf Dich drang
567 1636 749 1844 .
805 1840 2225 2125 Sarqu. Ja. ich gesteht mit
879 1983 2671 2286 der gegen seinen König sich vorg in
589 2134 758 2320 Sr
879 2156 2368 2450 der wider dir mit das Schwert
913 2303 2991 2606 den du zum mindesten verachten solltest.
827 2446 3273 2762 Tarpa. Er fühnte sein beginnen mit den Tod.
926 2667 2822 2961 Im Nokke wird sich rings die kunde treffen.
931 2788 3238 3099 das erste Opfer senk für unsere Freiheit -
844 2931 4099 3268 Claud. Ogan, gerichte noch mehr sind todgereist. auch mehr
939 3169 2147 3446 Es darf nicht wich nicht ver¬
615 3203 822 3376 E
2580 3199 2896 3424 Ballen
1082 3273 3164 3593 Vergebens darf es nicht gleichen sein
918 3424 3770 3779 Claud. Ganz recht, mein König! Solche Stimmenwerde
931 3610 3329 3922 Auch wenige sich erheben Ich gesteht es.
5355 355 7476 740 doch ehe sich zur That der Wunsch gestalte
4242 515 4558 775 dehr
4221 554 7710 965 Jedoch durchat wird ein Wer längst der Stimmen Schwalt verrauscht sein
4268 762 7532 1112 Faren. Glaubst du? Hilff Deinem Volk so will für Ehrnsschwach!
4268 944 6536 1333 Abend. Schrach ist die Mensch, Pfarrt macht auf
4636 1156 5749 1428 Starrmacht sie die Mede
4316 1182 6991 1632 Wir müssen diesem Urkkele Eifl entziehen, in dem
4294 1511 5567 1762 Die That der Freiheit sich
7722 1515 7896 1788 h
4407 1602 6935 1944 se frage mich: we t Wir müssen diesem Volk
4619 1680 4978 1801 Ouisste
4355 1792 6774 2112 die Luft anziehe, in dem die Thal der Freiheit
4394 1926 7571 2251 Emporisproht Emporbliche und zur Blüth entsprossen kann.
4381 2125 6935 2389 Dann war der Reine. Und damit das sich ihr König
4372 2316 6839 2580 Und dies - beim Himmel - ist nicht allgeschwer.
4350 2454 6493 2801 Die Sprännei ist das Niedersechaupt
4372 2593 6831 2926 Jedessen Anblick alles Leben starrt.
4346 2792 7021 3052 Targn. O glaube ich nicht, daß ich den Bürgerkornag,
4376 2918 7342 3281 Ist mein Ge xxx hiernte hielt’ ich jedenfalls geraten,
4428 3125 5770 3389 Wenn mein Geleits
4515 3125 6991 3589 doch soll sich mein Geleit nicht allzuseht
4528 3407 7043 3835 Je Ruh und Sicherheit um Frieden träumen
