8104 4952
2453 834 3560 1085 Oich vermute nichts.
1238 838 1753 1116 Claudius.
152 1027 3125 1238 Ich hat nur den Targenein. Nur Wissen ist dem Sonnenlichtvergleichter
166 1197 1269 1318 i. seine Worte, ganz anders gedacht
170 1193 3179 1417 nach dieser Enthüllung xxx und die Vermutung gleicht der Dämmerung.
184 1318 1327 1511 Gaux anders! Viel, feuviger,
130 1408 1242 1569 gröszer! - Seine Liebe
148 1345 3654 1637 Schweren wir in ihrer genen Fargn. Gebbändet von dem Übermass des Lichts
1287 1520 3188 1744 Steh ich entzweiter mit mir da als je¬
184 1569 1224 1731 Grösze nach diesen Berichten
143 1659 1246 1829 des Claudins, hören, sehen
1251 1668 3448 1946 Claudius. Ertzweif? Ist hier zu wählen? O ich könnte
166 1749 637 1856 mitfühlen
161 1758 1229 1982 Ferner ist dieses selfsoure
166 1820 3287 2071 trümerische unentwicklte Dir manchen neuen, der in solchem Fall
175 2000 1116 2103 diteur des Turquiniens,
170 2049 1116 2161 sehr, dünkt mir herv
170 1986 3497 2246 gehoben und an wenig be- Nicht einen Augenblick zu zaudern wußte.
152 2184 1251 2287 gründet, oder vielmehr er¬
152 2121 3762 2363 kleine. Ebenso vorlöst es  aus Sarga. Wieseltsam sichs im Geiste mir verbindet.
170 2309 1300 2462 mit dem & ungewissen Claus." -
1251 2291 3296 2587 Das Unbestimmte schweifte sonst mein Drang
327 2412 924 2592 Ziel u. Plan u.
1255 2430 3704 2758 Du Ich wollte wohl, doch unklar war wie Wollen
511 2484 1125 2650 n'a unklar
408 2623 1067 2905 Anhäufig
1139 2636 3591 2901 Und meine Thaten - nichts! — Dr gibst nur Ziele
1260 2775 3704 3058 Sie ward ein Mensch auf Erden groß, der nicht
1170 2950 3251 3260 + Ein Ziel gehabt, aus noch so fern gewesen.
1300 3139 2982 3399 Die König sammt ander Seite tullias
1282 3278 3623 3574 Ist meines Sehnsuchter Fülle and Verlangen (Go:)
1139 3444 3206 3766 19/6 Farga. Jetzt erst fühlich mich selbst.
2663 3565 3650 3843 dechtritt auch Tullia
1206 3659 1668 3883 Claudius.
1264 3762 3399 4022 Als das entgegen, was du bist und denke.
1264 3946 3946 4170 Der Mann, der Rom beherrscht, umarmt dies Weib.
1282 4103 3623 4394 Todes auch sie lässt dich nicht dran vergessen;
1300 4255 2959 4564 Sei überzeugt - doch siehe, Tabius
4188 668 6340 1036 Nacht hier.- Orie ich ihn und als die Sein'gen
4654 928 4811 1045 pr.
4156 901 6475 1193 Verlachen kann, Ihr Geist, ein Schatten bald
4775 1090 4977 1229 Grösse
4170 1072 6044 1354 Vergängnertage, schmeichelt sich vielleicht
4107 1220 6430 1475 Noch jetzt mit bildern einer schönen Zukunft
4103 1439 6327 1672 Was seid ihr? Meine Sklaven, wie ihr auch
6797 1511 7914 1744 Wollen, Willi, Gedanken u. nicht
4089 1538 6591 1838 des eig neu Willers noch nicht ganz beraubt sei
6820 1663 7882 1802 als wollen wille gedanken!
6797 1735 7918 1924 So wil Busen, Plan, Plöves
4134 1699 6228 1968 Oarllet und! Hegt freieste Gedanken,
6802 1865 7344 2058 planen i spt
4170 1861 6277 2130 das mächtigste läßt euere Besen planen,
4156 2040 6313 2282 Erfüllt die Brust mit kühnstem Thatendrang;
4201 2166 6582 2462 Sehr edel ist ein schönes Wollen; auf Nicht-können,
6753 2089 7864 2385 Von Wollan u. nicht wollen
6788 2318 7918 2457 können ist. mit könneren ist -
4098 2327 6398 2636 Das ist des Wollens kläglich trauerkleid.
6779 2421 7618 2578 allanviel die Rede.
4165 2502 6412 2789 Forgu. Ich bitte dies, daß uns von hinnen gehn.
4242 2663 6309 2959 da kommen Menschen; jetzt vermag ich nicht,
4228 2870 6044 3071 Mich unter ihnen zubewegen. Rome.-
4255 2986 6681 3291 (Beide ab; Fabiis kommt ihnen entgegen; stummer
4170 3179 6712 3457 Grüß und Erkennen. Fabrus sich Ihnen ein wenig
4174 3336 6856 3623 nach. Getreins kommt von der entgegengesetzten Seite.)
4161 3520 5703 3802 Gabinum. Treff ich auch endlich.
5309 3645 6573 3887 bringt der Auger trost?
4206 3735 4591 3937 Fabius.
4183 3807 7138 4121 Galenius. Wenn ihr nicht Rettung bringt und Heil — ich steh
4219 3982 7699 4295 Ich steh East mutlos da, nur selbst kann mehr vertrauen.
4206 4174 6237 4461 Fabius. Sowandte keiner sich zu uns?
