8216 4984
1475 925 3503 1190 Was dächtet ihr, wenn ihr zum Tod verwundet
1422 1084 3523 1339 Hier auf dem Boden längt, wenn auch das Blut
1432 1233 3986 1461 Aus eurer Wund entströmt’ und ich auch sagte!
1402 1412 3433 1637 6 ist nur das Blut! - Omen Gabinius
1412 1574 3287 1793 In unserm Blut liegt alle Lebenskraft,-
1422 1720 3519 1982 Es fließt dahin - und unser Leben schwindet.
1428 1892 3542 2134 Fabius Mein König, wenn der Adel auch verlässt,
1435 2045 3851 2257 das Volk hängt treu an dem geliebten Herrscher¬
1425 2257 3894 2472 Serviers. Und wenn es mich auch wirklich liebt – ich glaube,
1432 2383 4003 2631 Dass es mich liebt - kann seine Macht nur helfen:
1425 2545 3923 2747 Wozu sich selber täuschen? Mur ein Schlaftrunk
1438 2727 3953 2939 Ist Selbstbetrug, und durch den Lärm des Lebens
1385 2866 3867 3135 den Mirklichkeit sind wir gar bald erwacht.
1461 3012 3585 3234 das Volkist gut - doch fürchtet es den Adel
1425 3161 3983 3463 Um komt“ zum Kampf, - gewiss, der Udel siegt.
1415 3363 3851 3658 Gabie. Darf ich in also düsterer Zeit ein offens
1428 3552 3953 3784 Und wahres Wort zu sprechen nach erkühnen?
1408 3682 3841 3960 serv. Jhr wißt, daß ich nur Heucheln verachte¬
1342 3854 4000 4119 Gabin. nun deu - Verzweifeln ist nicht königlich
1408 4013 4013 4261 Fabius. Stuft uwe treuen alle in die Waffens
1395 4192 4056 4477 serv. In meinem Rom ein Bürgerkrieg! Weswef!
4099 756 5285 1094 binn. Hier nicht ein Mann.
5057 987 6349 1239 6 ist Claudius, wenn mich
4116 1070 4301 1263 abm
4109 1170 6137 1478 die Dunkelheit nicht täuscht. - Er ists.
4971 1349 5816 1567 Claudiers kommt.
5617 1501 6183 1743 Ich grüße
4109 1528 4596 1756 Condins.
4119 1707 6333 1922 den König Servius Tullius. – Mit Stummer
4112 1842 6664 2051 Undbittern Gram erfüllt mich die Verwirrung,
4119 2002 6571 2233 In der ich - höchst beklagerswerte Wascheit,
4122 2171 6541 2419 die jetzge trübe, dunkle Zeit muss sehn.
4136 2336 6339 2568 Es kündet euch, mein König des Senat
4142 2479 6147 2740 Daß er ob eines stolzgesagten Nein
4136 2638 6594 2939 Sich sehr gekränkt und selbst verspottet fühlt.
4132 2833 5186 3062 Servius, Verspottet.
4136 2956 6495 3234 Claudius. Ein offenkund'ger Hohe, so sagen sie,
4132 3138 6724 3367 Sie dieses Nein, das Servius Tullius den Senatoren
4142 3304 6107 3576 es die Senatoren ins Gesicht geworfen.
4159 3496 5922 3778 servius. Ich verhöhne den Smat¬
5534 3652 6058 3861 Und der
4149 3708 4543 3877 Cauchis.
4146 3807 6458 4083 agt das im Namen unsres ganzen Adels.
4152 3957 6518 4265 servius. den ganzen Adel habe ich gekränkt,
4155 4185 5362 4417 verhöhnt, verspotteten!
