4440 5848
3632 621 3823 781 30
1415 758 3836 988 stecken? Sonst sind sie für gewöhnlich höchstens zu
1412 1007 3836 1182 zwei oder drei durch die Stadt gegangen - und jetzt
1440 1185 3827 1364 Und jetzt sieht man oft ein ganzes Häuflein beisam-
883 1150 1271 1373 Egeriins:
1431 1361 3097 1536 men.- Ja, das hat etwas zu bedeuten!
1427 1513 2004 1740 Nun, Marcus?
883 1558 1268 1727 Quintus:
1440 1670 3929 1877 Nun, ich sag' euch, wenn das was zu bedeuten hat, so be-
876 1698 1236 1918 Marcus:
1440 1896 3874 2065 deutet's sicherlich nichts gutes.Denn für uns Plebe-
1456 2014 3387 2237 jer stecken die Senatoren nicht zusammen!
1440 2199 3773 2396 Nicht wahr, Marcus, die Sache ist gefährlich?! Sehr
895 2240 1290 2453 Quintus:
1443 2415 3922 2565 gefährlichuss He doch, Caius,Caiu,Cajus! (läuft einem
1450 2600 3849 2753 Bürger nach und zieht ihn nach vorn zu den übrigen)
1456 2794 3792 2941 Habt ihr schon gehört, Caius? Wir Plebejer sind in
1462 2899 3874 3084 höchst gefährlicher Lage! Sagt ich euch nicht schon
1469 3119 3910 3279 vorgestern: Caius, es geht was vor,wir müssen uns hü-
1472 3272 3878 3483 ten? - Nun, fragt einmal Marcus. Er sagt auch, es sei
1462 3463 3792 3648 nicht geheuer und Egerius bemerkt sehr richtig, es
1478 3667 2218 3843 stünde schlimm.
1478 3779 3922 4005 Lasst mich in Frieden damit. (zu den andern und ihm)
911 3823 1220 4056 Caius:
1482 4024 3900 4219 Ihr kommt doch morgen im Andenken an des Tarquinius
1472 4206 4034 4403 Priscus ruhmreiche Siege zu den Tarquinischen Spielen?
1485 4356 3992 4553 O diese Kinderseele! Lieber Caius,morgen werden keine
937 4375 1319 4579 Quintus:
1501 4489 3448 4763 Spiele gefeiert. Glaubt mir,bester Caius.
1504 4719 3773 4907 Seht, dort bleiben wieder ein'ge Senatoren stehn.
927 4798 1338 4942 Egerius:
1504 4894 2514 5101 Talassius - Seite
930 4971 1297 5104 Marcus:
1494 5037 3878 5248 Dort steht auch der finstre Hustius neben ihm. Den
956 5088 1341 5289 Egerius:
1494 5248 3792 5499 hab' ich nie ein Wort sprechen sehen. Auch jetzt
