<?xml version="1.0" encoding="UTF-8" standalone="yes"?>
<PcGts xmlns="http://schema.primaresearch.org/PAGE/gts/pagecontent/2013-07-15" xmlns:xsi="http://www.w3.org/2001/XMLSchema-instance" xsi:schemaLocation="http://schema.primaresearch.org/PAGE/gts/pagecontent/2013-07-15 http://schema.primaresearch.org/PAGE/gts/pagecontent/2013-07-15/pagecontent.xsd">
    <Metadata>
        <Creator>prov=READ-COOP:name=TrHtr:version=2.1.0:model_id=51170:date=28_07_2023_17:02</Creator>
        <Created>2023-05-10T11:39:08.739+02:00</Created>
        <LastChange>2023-07-28T17:02:09.533+02:00</LastChange>
        <TranskribusMetadata docId="1428168" pageId="55389751" pageNr="69" tsid="131365773" status="IN_PROGRESS" userId="64420" imgUrl="https://files.transkribus.eu/Get?id=QTHKXPCRLCYVFEJVSBRFKKFW&amp;fileType=view" xmlUrl="https://files.transkribus.eu/Get?id=VWWPYWIHGTTMLKURIKJBGXDZ" imageId="44664640"/>
    </Metadata>
    <Page imageFilename="1428168_0069.jpg" imageWidth="8136" imageHeight="5176">
        <ReadingOrder>
            <OrderedGroup id="ro_1711818275887" caption="Regions reading order">
                <RegionRefIndexed index="0" regionRef="tr_1"/>
                <RegionRefIndexed index="1" regionRef="tr_2"/>
            </OrderedGroup>
        </ReadingOrder>
        <TextRegion id="tr_1" custom="readingOrder {index:0;}">
            <Coords points="399,666 4095,666 4095,4051 399,4051"/>
            <TextLine id="tr_1_tl_1" custom="readingOrder {index:0;}">
                <Coords points="372,1009 1169,1044 2737,814 3087,888 3655,740 3663,628 2221,637 2005,740 1671,632 1091,792 394,671"/>
                <Baseline points="399,949 441,943 531,937 620,931 710,925 799,925 889,913 979,913 1068,907 1158,907 1247,907 1337,901 1426,895 1516,889 1605,877 1695,871 1785,871 1874,859 1964,859 2053,853 2143,847 2232,841 2322,835 2411,823 2501,817 2590,811 2680,799 2770,794 2859,788 2949,782 3038,770 3128,758 3217,752 3307,746 3396,740 3486,728 3576,722 3665,716"/>
                <TextEquiv>
                    <Unicode>Wie das anstand jene Zeitentstand, in der hinleben.</Unicode>
                </TextEquiv>
            </TextLine>
            <TextLine id="tr_1_tl_2" custom="readingOrder {index:1;}">
                <Coords points="1498,1061 1814,1165 2663,979 3706,961 3724,736 3321,775 3087,892 2620,836 1511,905"/>
                <Baseline points="1522,1038 1576,1038 1665,1032 1755,1032 1844,1026 1934,1020 2023,1014 2113,1014 2202,1002 2292,996 2382,985 2471,979 2561,973 2650,967 2740,955 2829,949 2919,943 3008,931 3098,919 3187,913 3277,901 3367,889 3456,883 3546,871 3635,853 3725,847"/>
                <TextEquiv>
                    <Unicode>Wie ihre Zeit zu dem ward, was sie ist</Unicode>
                </TextEquiv>
            </TextLine>
            <TextLine id="tr_1_tl_3" custom="readingOrder {index:2;}">
                <Coords points="407,1295 931,1381 1888,1199 2598,1251 3693,1113 3815,922 416,1191"/>
                <Baseline points="435,1277 477,1271 567,1265 656,1259 746,1253 835,1253 925,1247 1014,1241 1104,1235 1194,1235 1283,1229 1373,1223 1462,1217 1540,1211 1576,1211 1665,1205 1755,1205 1844,1194 1934,1188 2023,1176 2113,1170 2202,1164 2292,1158 2382,1152 2471,1152 2561,1146 2650,1134 2740,1122 2829,1116 2919,1110 3008,1104 3098,1098 3187,1086 3277,1080 3367,1068 3456,1068 3546,1062 3635,1056 3725,1044 3814,1038"/>
                <TextEquiv>
                    <Unicode>Winjene Zeit, die Sie mögert ihr vergessen — Gegenwart</Unicode>
                </TextEquiv>
            </TextLine>
            <TextLine id="tr_1_tl_4" custom="readingOrder {index:3;}">
                <Coords points="472,1134 554,1160 580,1147 645,1160 719,1130 745,1147 762,1134 810,1147 831,961 788,961 736,992 714,974 701,983 675,953 641,970 632,957 559,957 533,983 494,974"/>
                <Baseline points="501,1116 561,1110 650,1092 740,1086 829,1080"/>
                <TextEquiv>
                    <Unicode>Dies</Unicode>
                </TextEquiv>
            </TextLine>
            <TextLine id="tr_1_tl_5" custom="readingOrder {index:4;}">
                <Coords points="1481,1412 1840,1381 2035,1468 2672,1316 2858,1399 3014,1299 3204,1390 3403,1295 3542,1355 3611,1338 3629,1087 2853,1143 2598,1251 2490,1169 2382,1238 1494,1234"/>
                <Baseline points="1504,1373 1570,1373 1659,1367 1749,1373 1838,1361 1928,1355 2017,1349 2107,1343 2196,1331 2286,1319 2376,1319 2465,1319 2555,1313 2644,1307 2734,1301 2823,1295 2913,1283 3002,1283 3092,1271 3182,1265 3271,1253 3361,1247 3450,1247 3540,1235 3629,1229"/>
                <TextEquiv>
                    <Unicode>Sei der Gedanke blindisch Unterxx</Unicode>
                </TextEquiv>
            </TextLine>
            <TextLine id="tr_1_tl_6" custom="readingOrder {index:5;}">
                <Coords points="645,1641 931,1697 2247,1516 2494,1593 2650,1481 3018,1554 3572,1429 3585,1256 3226,1373 2529,1325 2035,1468 658,1468"/>
                <Baseline points="674,1605 716,1605 805,1599 895,1593 985,1582 1074,1576 1164,1576 1253,1570 1343,1564 1432,1558 1522,1558 1611,1546 1701,1540 1791,1534 1880,1528 1970,1522 2059,1510 2149,1498 2238,1492 2328,1486 2417,1480 2507,1474 2596,1468 2686,1468 2776,1456 2865,1450 2955,1438 3044,1432 3134,1432 3223,1426 3313,1414 3402,1408 3492,1396 3582,1396"/>
                <TextEquiv>
                    <Unicode>Vergessen abge ihr das icht die Gegenwart</Unicode>
                </TextEquiv>
            </TextLine>
            <TextLine id="tr_1_tl_7" custom="readingOrder {index:6;}">
                <Coords points="533,1541 606,1550 671,1498 766,1468 823,1498 875,1446 918,1438 987,1464 1005,1238 909,1295 875,1273 836,1308 810,1290 706,1351 641,1290 598,1312 550,1286"/>
                <Baseline points="561,1444 638,1438 728,1432 817,1432 907,1420 996,1408"/>
                <TextEquiv>
                    <Unicode>Wie sie</Unicode>
                </TextEquiv>
            </TextLine>
            <TextLine id="tr_1_tl_8" custom="readingOrder {index:7;}">
                <Coords points="1468,1503 1490,1507 1572,1464 1632,1485 1671,1455 1680,1464 1741,1433 1762,1438 1762,1399 1732,1386 1689,1403 1671,1386 1645,1407 1624,1394 1615,1403 1606,1386 1559,1416 1533,1403 1503,1416 1472,1412"/>
                <Baseline points="1498,1444 1504,1444 1593,1438 1683,1432 1773,1426"/>
                <TextEquiv>
                    <Unicode>sollen.</Unicode>
                </TextEquiv>
            </TextLine>
            <TextLine id="tr_1_tl_9" custom="readingOrder {index:8;}">
                <Coords points="611,1797 1044,1758 1186,1840 1429,1728 2230,1745 3027,1650 3031,1567 2745,1580 2637,1485 2490,1598 2252,1516 1637,1559 1477,1650 1394,1580 1039,1615 953,1693 624,1619"/>
                <Baseline points="638,1779 710,1773 799,1761 889,1749 979,1737 1068,1731 1158,1731 1247,1725 1337,1725 1426,1719 1516,1713 1605,1707 1695,1701 1785,1701 1874,1695 1964,1683 2053,1677 2143,1671 2232,1665 2322,1653 2411,1647 2501,1641 2590,1635 2680,1629 2770,1623 2859,1617 2949,1617 3038,1605"/>
                <TextEquiv>
                    <Unicode>Sei der Gedanke blinde xxx</Unicode>
                </TextEquiv>
            </TextLine>
            <TextLine id="tr_1_tl_10" custom="readingOrder {index:9;}">
                <Coords points="2477,1732 2524,1754 2555,1736 2620,1741 2706,1719 2724,1741 2754,1715 2767,1728 2797,1719 2827,1689 2892,1697 2901,1624 2784,1650 2758,1628 2654,1671 2628,1658 2585,1667 2568,1650 2511,1689 2481,1680"/>
                <Baseline points="2501,1725 2549,1719 2638,1713 2728,1695 2817,1689 2907,1683"/>
                <TextEquiv>
                    <Unicode>Mordes</Unicode>
                </TextEquiv>
            </TextLine>
            <TextLine id="tr_1_tl_11" custom="readingOrder {index:10;}">
                <Coords points="598,1940 3845,1767 3901,1580 3408,1516 2836,1736 611,1797"/>
                <Baseline points="620,1934 680,1934 770,1928 859,1916 949,1910 1038,1898 1128,1892 1217,1892 1307,1886 1396,1886 1486,1880 1576,1868 1665,1862 1755,1856 1844,1844 1934,1838 2023,1832 2113,1820 2202,1814 2292,1808 2382,1808 2471,1796 2561,1796 2650,1796 2740,1785 2829,1773 2919,1773 3008,1761 3098,1749 3187,1737 3277,1731 3367,1725 3456,1725 3546,1713 3635,1713 3725,1707 3814,1701 3904,1713"/>
                <TextEquiv>
                    <Unicode>Sie sollen im Vergang des sei morgen Vergesseheit verschiede¬</Unicode>
                </TextEquiv>
            </TextLine>
            <TextLine id="tr_1_tl_12" custom="readingOrder {index:11;}">
                <Coords points="684,2100 1095,2191 2724,1966 2931,2065 3113,1948 3923,1923 3936,1762 688,1992"/>
                <Baseline points="710,2083 716,2083 805,2077 895,2071 985,2059 1074,2059 1164,2053 1253,2047 1343,2047 1432,2041 1522,2035 1611,2029 1701,2017 1791,2011 1880,2011 1970,2005 2059,1993 2149,1988 2238,1982 2328,1976 2417,1970 2507,1964 2596,1958 2686,1958 2776,1946 2865,1940 2955,1934 3044,1928 3134,1916 3223,1910 3313,1904 3402,1898 3492,1892 3582,1886 3671,1880 3761,1880 3850,1886 3940,1886"/>
                <TextEquiv>
                    <Unicode>Dies schwiedehie aus ihrem die Gegenwart gehödt den Velken in</Unicode>
                </TextEquiv>
            </TextLine>
            <TextLine id="tr_1_tl_13" custom="readingOrder {index:12;}">
                <Coords points="667,2278 1684,2221 1819,2312 2104,2178 2754,2130 3139,2195 3347,2152 3360,1979 671,2156"/>
                <Baseline points="692,2262 764,2256 853,2250 943,2244 1032,2238 1122,2232 1211,2226 1301,2214 1391,2208 1480,2202 1570,2202 1659,2196 1749,2190 1838,2185 1928,2179 2017,2167 2107,2161 2196,2155 2286,2149 2376,2149 2465,2143 2555,2137 2644,2131 2734,2119 2823,2119 2913,2107 3002,2101 3092,2095 3182,2089 3271,2083 3361,2077"/>
                <TextEquiv>
                    <Unicode>Dies das fliche Kurwenge sein das Vergog</Unicode>
                </TextEquiv>
            </TextLine>
            <TextLine id="tr_1_tl_14" custom="readingOrder {index:13;}">
                <Coords points="827,2429 1178,2537 1606,2377 1936,2472 2178,2321 3598,2256 3693,2113 831,2321"/>
                <Baseline points="853,2411 919,2405 1008,2405 1098,2399 1188,2393 1277,2388 1367,2376 1456,2376 1546,2370 1635,2352 1725,2358 1814,2352 1904,2346 1993,2334 2083,2328 2173,2322 2262,2310 2352,2304 2441,2304 2531,2298 2620,2292 2710,2286 2799,2286 2889,2274 2979,2268 3068,2250 3158,2250 3247,2244 3337,2238 3426,2226 3516,2214 3605,2208 3695,2208"/>
                <TextEquiv>
                    <Unicode>Ern jetzt u das angeJahl eingest ihr ganzes denken</Unicode>
                </TextEquiv>
            </TextLine>
            <TextLine id="tr_1_tl_15" custom="readingOrder {index:14;}">
                <Coords points="2031,2425 2100,2451 2382,2412 2442,2446 2529,2399 2559,2425 2620,2399 2628,2299 2485,2338 2446,2304 2407,2308 2317,2351 2182,2317 2083,2364 2039,2360"/>
                <Baseline points="2053,2423 2095,2429 2185,2417 2274,2399 2364,2393 2453,2376 2543,2376 2632,2370"/>
                <TextEquiv>
                    <Unicode>Geweis des</Unicode>
                </TextEquiv>
            </TextLine>
            <TextLine id="tr_1_tl_16" custom="readingOrder {index:15;}">
                <Coords points="745,2602 1451,2641 2117,2511 2282,2594 3022,2442 3278,2542 3529,2403 3758,2442 3771,2278 2910,2373 2758,2295 2607,2425 1550,2420 1178,2537 753,2464"/>
                <Baseline points="770,2573 817,2573 907,2573 996,2573 1086,2573 1176,2567 1265,2555 1355,2549 1444,2543 1534,2543 1623,2531 1713,2531 1802,2525 1892,2519 1982,2513 2071,2501 2161,2495 2250,2489 2340,2489 2429,2483 2519,2477 2608,2465 2698,2465 2787,2453 2877,2447 2967,2435 3056,2429 3146,2423 3235,2417 3325,2411 3414,2405 3504,2399 3593,2393 3683,2388 3773,2388"/>
                <TextEquiv>
                    <Unicode>Und in den Georgen xxx des bestehenden</Unicode>
                </TextEquiv>
            </TextLine>
            <TextLine id="tr_1_tl_17" custom="readingOrder {index:16;}">
                <Coords points="1316,2477 1347,2485 1377,2468 1407,2503 1468,2485 1490,2498 1520,2477 1546,2481 1554,2494 1572,2481 1598,2485 1615,2386 1490,2390 1468,2407 1442,2407 1429,2394 1394,2420 1377,2403 1364,2412 1329,2407"/>
                <Baseline points="1343,2465 1355,2459 1444,2447 1534,2423 1623,2417"/>
                <TextEquiv>
                    <Unicode>egen</Unicode>
                </TextEquiv>
            </TextLine>
            <TextLine id="tr_1_tl_18" custom="readingOrder {index:17;}">
                <Coords points="645,2776 1277,2840 1507,2737 1585,2793 1866,2693 2659,2667 2698,2472 2282,2594 2143,2507 1987,2589 1745,2546 1619,2633 1195,2602 1026,2693 862,2598 650,2732"/>
                <Baseline points="674,2764 728,2764 817,2758 907,2752 996,2752 1086,2746 1176,2734 1265,2734 1355,2728 1444,2716 1534,2704 1623,2692 1713,2692 1802,2680 1892,2674 1982,2668 2071,2662 2161,2656 2250,2650 2340,2644 2429,2638 2519,2626 2608,2614 2698,2608"/>
                <TextEquiv>
                    <Unicode>Beregtesuch der Gedank. Soll</Unicode>
                </TextEquiv>
            </TextLine>
            <TextLine id="tr_1_tl_19" custom="readingOrder {index:18;}">
                <Coords points="650,2944 3672,2780 3945,2706 3966,2477 654,2875"/>
                <Baseline points="674,2925 734,2925 823,2925 913,2919 1002,2907 1092,2901 1182,2895 1271,2889 1361,2877 1450,2871 1540,2871 1629,2859 1719,2853 1808,2847 1898,2841 1988,2835 2077,2835 2167,2823 2256,2817 2346,2805 2435,2805 2525,2799 2614,2787 2704,2782 2793,2770 2883,2764 2973,2758 3062,2758 3152,2746 3241,2734 3331,2728 3420,2716 3510,2716 3599,2704 3689,2698 3779,2692 3868,2680 3958,2680"/>
                <TextEquiv>
                    <Unicode>kriegt bewegt sich Soll des Stienden, des leicht begriffesest</Unicode>
                </TextEquiv>
            </TextLine>
            <TextLine id="tr_1_tl_20" custom="readingOrder {index:19;}">
                <Coords points="723,3135 1762,3031 2156,3109 3360,2914 3945,2988 3966,2706 1936,2936 1801,2862 1541,2983 918,2931 727,3048"/>
                <Baseline points="746,3104 835,3092 925,3098 1014,3074 1104,3080 1194,3062 1283,3056 1373,3050 1462,3044 1552,3032 1641,3026 1731,3020 1820,3014 1910,3014 1999,3002 2089,2996 2179,2985 2268,2979 2358,2973 2447,2967 2537,2961 2626,2955 2716,2943 2805,2937 2895,2925 2985,2919 3074,2913 3164,2913 3253,2907 3343,2895 3432,2889 3522,2889 3611,2883 3701,2877 3790,2877 3880,2871 3970,2859"/>
                <TextEquiv>
                    <Unicode>Dch des Seienden sei hier, des Jetzt des leichtbegrüb¬</Unicode>
                </TextEquiv>
            </TextLine>
            <TextLine id="tr_1_tl_21" custom="readingOrder {index:20;}">
                <Coords points="2983,3200 3027,3196 3196,3070 3239,3105 3282,3074 3330,3074 3347,2944 3317,2949 3282,2923 3191,2957 3161,2940 3126,2957 3074,2931 3048,2949 3009,2944"/>
                <Baseline points="3020,3086 3074,3086 3164,3074 3253,3062 3343,3056"/>
                <TextEquiv>
                    <Unicode>Geht</Unicode>
                </TextEquiv>
            </TextLine>
            <TextLine id="tr_1_tl_22" custom="readingOrder {index:21;}">
                <Coords points="2650,3170 2685,3178 2702,3165 2711,3174 2754,3170 2767,3183 2776,3174 2784,3183 2793,3174 2814,3178 2840,3161 2866,3170 2884,3040 2862,3035 2845,3044 2819,3022 2802,3040 2741,3040 2715,3066 2702,3057 2689,3066 2663,3057"/>
                <Baseline points="2674,3170 2704,3158 2793,3152 2883,3140"/>
                <TextEquiv>
                    <Unicode>Will</Unicode>
                </TextEquiv>
            </TextLine>
            <TextLine id="tr_1_tl_23" custom="readingOrder {index:22;}">
                <Coords points="779,3425 3421,3295 3828,3239 3832,3157 3191,3070 2901,3213 2537,3131 2005,3239 797,3204"/>
                <Baseline points="805,3402 889,3402 979,3396 1068,3396 1158,3390 1247,3379 1337,3367 1426,3355 1516,3349 1605,3343 1695,3337 1785,3331 1874,3325 1964,3319 2053,3319 2143,3307 2232,3295 2322,3289 2411,3283 2501,3277 2590,3271 2680,3265 2770,3265 2859,3259 2949,3253 3038,3241 3128,3229 3217,3223 3307,3217 3396,3211 3486,3211 3576,3211 3665,3205 3755,3205 3844,3187"/>
                <TextEquiv>
                    <Unicode>der h auf das bei die rührstets der Sinn des Volkes. -</Unicode>
                </TextEquiv>
            </TextLine>
            <TextLine id="tr_1_tl_24" custom="readingOrder {index:23;}">
                <Coords points="615,3642 1541,3538 1745,3607 1936,3507 2091,3598 2559,3460 2858,3512 3157,3429 3170,3265 2511,3408 2187,3312 2065,3403 1637,3360 1438,3468 1269,3382 996,3481 628,3460"/>
                <Baseline points="638,3611 662,3617 752,3593 841,3582 931,3582 1020,3576 1110,3564 1199,3558 1289,3546 1379,3540 1468,3528 1558,3522 1647,3516 1737,3510 1826,3510 1916,3498 2005,3498 2095,3486 2185,3480 2274,3468 2364,3462 2453,3456 2543,3450 2632,3444 2722,3438 2811,3432 2901,3426 2990,3414 3080,3408 3170,3402"/>
                <TextEquiv>
                    <Unicode>Tal. Und werden sie auch Servus vergessen</Unicode>
                </TextEquiv>
            </TextLine>
            <TextLine id="tr_1_tl_25" custom="readingOrder {index:24;}">
                <Coords points="624,3845 1377,3728 1490,3806 1736,3693 2022,3767 2156,3659 2321,3754 2641,3629 3100,3620 3118,3434 2091,3598 1948,3512 1749,3607 1576,3533 1031,3577 637,3680"/>
                <Baseline points="656,3779 698,3779 788,3773 877,3761 967,3749 1056,3737 1146,3731 1235,3719 1325,3713 1414,3701 1504,3701 1593,3695 1683,3683 1773,3677 1862,3671 1952,3665 2041,3659 2131,3653 2220,3653 2310,3641 2399,3635 2489,3623 2579,3623 2668,3617 2758,3605 2847,3593 2937,3582 3026,3576 3116,3570"/>
                <TextEquiv>
                    <Unicode>Cl. Wir selbsterleben von Zeiten noch!</Unicode>
                </TextEquiv>
            </TextLine>
            <TextLine id="tr_1_tl_26" custom="readingOrder {index:25;}">
                <Coords points="840,3988 4036,3763 4092,3564 853,3823"/>
                <Baseline points="871,3910 961,3910 1050,3904 1140,3904 1229,3898 1319,3892 1408,3886 1498,3874 1588,3868 1677,3856 1767,3850 1856,3850 1946,3838 2035,3832 2125,3826 2214,3820 2304,3808 2393,3802 2483,3796 2573,3790 2662,3784 2752,3773 2841,3761 2931,3755 3020,3749 3110,3743 3199,3737 3289,3737 3379,3731 3468,3725 3558,3713 3647,3707 3737,3701 3826,3695 3916,3689 4005,3689 4095,3689"/>
                <TextEquiv>
                    <Unicode>Er muß, nicht sterben! Sübst werd’ ich ihn todt</Unicode>
                </TextEquiv>
            </TextLine>
            <TextLine id="tr_1_tl_27" custom="readingOrder {index:26;}">
                <Coords points="1948,4062 2052,4070 2078,4092 2143,4066 2191,4075 2273,4053 2377,4101 2394,3888 2338,3867 2278,3919 2256,3910 2195,3949 2130,3923 2078,3958 2022,3936 1957,3962"/>
                <Baseline points="1976,4041 2029,4035 2119,4035 2208,4023 2298,4011 2388,4011"/>
                <TextEquiv>
                    <Unicode>meinem</Unicode>
                </TextEquiv>
            </TextLine>
        </TextRegion>
        <TextRegion id="tr_2" custom="readingOrder {index:1;}">
            <Coords points="4310,564 7969,564 7969,3777 4310,3777"/>
            <TextLine id="tr_2_tl_1" custom="readingOrder {index:0;}">
                <Coords points="4365,732 5317,771 5672,680 5811,797 5975,684 7292,701 7300,442 6642,437 6235,559 5421,411 5122,559 4832,481 4369,589"/>
                <Baseline points="4393,710 4441,710 4531,698 4620,692 4710,686 4799,686 4889,680 4978,680 5068,680 5158,680 5247,674 5337,674 5426,674 5516,674 5605,674 5695,668 5784,674 5874,668 5964,668 6053,662 6143,656 6232,650 6322,650 6411,644 6501,638 6590,632 6680,632 6769,626 6859,626 6949,626 7038,620 7128,614 7217,620 7307,614"/>
                <TextEquiv>
                    <Unicode>Mit diesem Dolch will ich das Werk vollenden.</Unicode>
                </TextEquiv>
            </TextLine>
            <TextLine id="tr_2_tl_2" custom="readingOrder {index:1;}">
                <Coords points="4378,927 4512,879 4629,944 4741,892 5135,927 5209,883 5274,918 5599,844 5685,870 5694,684 5317,771 5109,706 4941,766 4763,706 4646,753 4386,732"/>
                <Baseline points="4405,865 4441,865 4531,859 4620,859 4710,847 4799,847 4889,841 4978,841 5068,835 5158,835 5247,835 5337,829 5426,823 5516,817 5605,811 5695,811"/>
                <TextEquiv>
                    <Unicode>komt mit vor, I</Unicode>
                </TextEquiv>
            </TextLine>
            <TextLine id="tr_2_tl_3" custom="readingOrder {index:2;}">
                <Coords points="4373,1057 4672,1044 4780,1126 5196,1035 5993,1022 6058,996 6071,736 5304,935 5205,883 5062,970 4837,883 4373,979"/>
                <Baseline points="4399,1020 4459,1020 4549,1026 4638,1032 4728,1026 4817,1014 4907,1014 4996,1014 5086,1008 5176,1008 5265,1008 5355,1002 5444,1002 5534,991 5623,985 5713,979 5802,979 5892,973 5981,973 6071,979"/>
                <TextEquiv>
                    <Unicode>Talassius, kommt mit mir.</Unicode>
                </TextEquiv>
            </TextLine>
            <TextLine id="tr_2_tl_4" custom="readingOrder {index:3;}">
                <Coords points="4287,1134 4300,1134 4317,1156 4326,1156 4334,1147 4343,1152 4352,1143 4382,1139 4443,1108 4460,1126 4482,1130 4499,1048 4469,1035 4451,1044 4421,1018 4395,1022 4386,1009 4356,1018 4313,1005"/>
                <Baseline points="4310,1122 4316,1128 4405,1110 4495,1086"/>
                <TextEquiv>
                    <Unicode>2/10</Unicode>
                </TextEquiv>
            </TextLine>
            <TextLine id="tr_2_tl_5" custom="readingOrder {index:4;}">
                <Coords points="4339,1234 5850,1178 6049,1256 6183,1165 6400,1199 6408,1000 5789,1009 5646,1095 5200,1035 4343,1147"/>
                <Baseline points="4364,1217 4447,1211 4537,1205 4626,1199 4716,1194 4805,1188 4895,1182 4984,1182 5074,1182 5164,1182 5253,1176 5343,1170 5432,1170 5522,1164 5611,1158 5701,1158 5790,1158 5880,1152 5970,1152 6059,1146 6149,1146 6238,1146 6328,1146 6417,1146"/>
                <TextEquiv>
                    <Unicode>Salassius Und wer Andtet ihn?</Unicode>
                </TextEquiv>
            </TextLine>
            <TextLine id="tr_2_tl_6" custom="readingOrder {index:5;}">
                <Coords points="4295,1477 6231,1312 7491,1386 7599,1143 6859,1195 6703,1082 6049,1256 4304,1221"/>
                <Baseline points="4322,1367 4381,1367 4471,1361 4561,1361 4650,1349 4740,1343 4829,1337 4919,1343 5008,1343 5098,1349 5187,1337 5277,1331 5367,1331 5456,1319 5546,1319 5635,1313 5725,1313 5814,1313 5904,1319 5993,1319 6083,1313 6172,1313 6262,1307 6352,1307 6441,1301 6531,1295 6620,1295 6710,1295 6799,1289 6889,1289 6978,1277 7068,1277 7158,1277 7247,1271 7337,1265 7426,1259 7516,1265 7605,1265"/>
                <TextEquiv>
                    <Unicode>A. Ich will das Werk vollenden! Wagliches wohl,</Unicode>
                </TextEquiv>
            </TextLine>
            <TextLine id="tr_2_tl_7" custom="readingOrder {index:6;}">
                <Coords points="4352,1563 4824,1615 5451,1516 5564,1615 6196,1498 6763,1589 6898,1481 7088,1524 7097,1312 6768,1412 6240,1312 5356,1429 4767,1360 4616,1485 4352,1472"/>
                <Baseline points="4376,1534 4417,1534 4507,1528 4596,1522 4686,1516 4776,1510 4865,1510 4955,1510 5044,1510 5134,1510 5223,1504 5313,1498 5402,1492 5492,1486 5581,1486 5671,1480 5761,1480 5850,1486 5940,1486 6029,1480 6119,1480 6208,1474 6298,1468 6387,1462 6477,1450 6567,1450 6656,1450 6746,1444 6835,1444 6925,1438 7014,1432 7104,1420"/>
                <TextEquiv>
                    <Unicode>den dolch zu sehen, der für die That bestimmt ist?</Unicode>
                </TextEquiv>
            </TextLine>
            <TextLine id="tr_2_tl_8" custom="readingOrder {index:7;}">
                <Coords points="4412,1771 4546,1736 4616,1767 4694,1706 4750,1749 4854,1684 4928,1728 4984,1684 5044,1723 5105,1680 5226,1745 5387,1693 5391,1537 5296,1520 5140,1550 5096,1520 4997,1598 4967,1572 4824,1615 4707,1559 4421,1567"/>
                <Baseline points="4441,1677 4501,1671 4590,1677 4680,1671 4770,1665 4859,1665 4949,1659 5038,1659 5128,1659 5217,1653 5307,1653 5396,1653"/>
                <TextEquiv>
                    <Unicode>Er zeigt ihn./.</Unicode>
                </TextEquiv>
            </TextLine>
            <TextLine id="tr_2_tl_9" custom="readingOrder {index:8;}">
                <Coords points="4373,1862 6655,1914 6824,1771 7144,1862 7313,1771 7478,1875 7599,1832 7603,1641 6486,1628 6088,1758 5625,1632 4373,1788"/>
                <Baseline points="4399,1850 4477,1844 4567,1838 4656,1832 4746,1826 4835,1826 4925,1820 5014,1820 5104,1814 5193,1814 5283,1808 5373,1808 5462,1808 5552,1802 5641,1802 5731,1796 5820,1791 5910,1791 5999,1791 6089,1791 6178,1785 6268,1785 6358,1785 6447,1785 6537,1779 6626,1767 6716,1767 6805,1767 6895,1767 6984,1761 7074,1761 7164,1761 7253,1755 7343,1755 7432,1749 7522,1749 7611,1755"/>
                <TextEquiv>
                    <Unicode>Falses. Und jetzt - Die Strafen aufs Dachstreift Er darf</Unicode>
                </TextEquiv>
            </TextLine>
            <TextLine id="tr_2_tl_10" custom="readingOrder {index:9;}">
                <Coords points="7772,1931 7820,1936 7842,1953 7855,1944 7881,1961 7907,1944 7941,1974 7963,1974 7963,1832 7933,1832 7924,1823 7915,1832 7889,1814 7868,1832 7829,1845 7816,1836 7772,1832"/>
                <Baseline points="7796,1910 7886,1910 7969,1910"/>
                <TextEquiv>
                    <Unicode>zu</Unicode>
                </TextEquiv>
            </TextLine>
            <TextLine id="tr_2_tl_11" custom="readingOrder {index:10;}">
                <Coords points="4382,2039 4772,2126 5161,1996 7378,2022 7426,1775 7149,1858 6824,1771 6655,1914 5720,1823 4386,1923"/>
                <Baseline points="4405,2017 4477,2017 4567,2017 4656,2011 4746,2005 4835,1999 4925,1993 5014,1999 5104,1993 5193,1988 5283,1982 5373,1982 5462,1982 5552,1982 5641,1976 5731,1970 5820,1964 5910,1958 5999,1958 6089,1958 6178,1958 6268,1958 6358,1958 6447,1952 6537,1946 6626,1940 6716,1934 6805,1928 6895,1928 6984,1928 7074,1922 7164,1922 7253,1928 7343,1928 7432,1922"/>
                <TextEquiv>
                    <Unicode>Uns nicht entkommen! Folgt mir nach? (Beide al.)</Unicode>
                </TextEquiv>
            </TextLine>
            <TextLine id="tr_2_tl_12" custom="readingOrder {index:11;}">
                <Coords points="4980,2243 5274,2260 5456,2169 5880,2208 6179,2139 6582,2226 6690,2169 6699,2026 6465,2074 6266,1992 5768,2104 5620,2013 4984,2026"/>
                <Baseline points="5002,2167 5092,2167 5181,2161 5271,2155 5361,2155 5450,2155 5540,2149 5629,2143 5719,2143 5808,2143 5898,2137 5987,2131 6077,2131 6167,2131 6256,2125 6346,2125 6435,2119 6525,2113 6614,2107 6704,2107"/>
                <TextEquiv>
                    <Unicode>Es selbst nun das Gespräch</Unicode>
                </TextEquiv>
            </TextLine>
            <TextLine id="tr_2_tl_13" custom="readingOrder {index:12;}">
                <Coords points="5023,2420 7673,2304 7777,2269 7785,2113 5027,2247"/>
                <Baseline points="5050,2328 5104,2322 5193,2322 5283,2316 5373,2316 5462,2310 5552,2310 5641,2310 5731,2304 5820,2298 5910,2298 5999,2298 6089,2298 6178,2298 6268,2292 6358,2286 6447,2280 6537,2280 6626,2280 6716,2280 6805,2274 6895,2268 6984,2268 7074,2262 7164,2256 7253,2256 7343,2250 7432,2244 7522,2244 7611,2238 7701,2232 7790,2232"/>
                <TextEquiv>
                    <Unicode>zwischen Servius u Fabius u Gebinius.) (Siehe vor.)</Unicode>
                </TextEquiv>
            </TextLine>
            <TextLine id="tr_2_tl_14" custom="readingOrder {index:13;}">
                <Coords points="4620,2589 4763,2611 5127,2498 5270,2498 5404,2585 5512,2507 5599,2550 5694,2485 5897,2542 6032,2503 6040,2312 5867,2338 5768,2420 5659,2416 5555,2330 5222,2446 4988,2347 4854,2360 4624,2468"/>
                <Baseline points="4644,2507 4704,2501 4793,2495 4883,2495 4973,2495 5062,2489 5152,2489 5241,2489 5331,2483 5420,2477 5510,2477 5599,2477 5689,2471 5778,2465 5868,2465 5958,2465 6047,2465"/>
                <TextEquiv>
                    <Unicode>Als diese abgehen wollen</Unicode>
                </TextEquiv>
            </TextLine>
            <TextLine id="tr_2_tl_15" custom="readingOrder {index:14;}">
                <Coords points="4451,2706 5261,2663 5612,2780 5975,2641 7023,2611 7192,2698 7820,2624 7824,2425 6924,2347 6027,2585 5694,2485 5408,2585 4456,2546"/>
                <Baseline points="4477,2668 4519,2674 4608,2668 4698,2668 4787,2668 4877,2662 4967,2656 5056,2656 5146,2656 5235,2650 5325,2650 5414,2644 5504,2638 5593,2638 5683,2632 5773,2632 5862,2626 5952,2626 6041,2626 6131,2620 6220,2620 6310,2614 6399,2608 6489,2602 6578,2602 6668,2596 6758,2596 6847,2590 6937,2590 7026,2585 7116,2585 7205,2579 7295,2579 7384,2579 7474,2573 7564,2573 7653,2573 7743,2573 7832,2573"/>
                <TextEquiv>
                    <Unicode>kaum sind sie abgegangen, als Clandius über die Bühre eilt.</Unicode>
                </TextEquiv>
            </TextLine>
            <TextLine id="tr_2_tl_16" custom="readingOrder {index:15;}">
                <Coords points="4443,2866 7608,2823 7742,2620 6244,2633 5620,2771 4447,2706"/>
                <Baseline points="4465,2841 4525,2841 4614,2835 4704,2829 4793,2829 4883,2823 4973,2823 5062,2817 5152,2817 5241,2817 5331,2811 5420,2811 5510,2805 5599,2805 5689,2799 5778,2793 5868,2793 5958,2787 6047,2782 6137,2782 6226,2776 6316,2776 6405,2770 6495,2770 6584,2764 6674,2764 6764,2758 6853,2752 6943,2752 7032,2758 7122,2752 7211,2746 7301,2746 7390,2740 7480,2740 7569,2734 7659,2734 7749,2734"/>
                <TextEquiv>
                    <Unicode>Talaseurs ihm nach, aber in der Stelle stehen bleiben</Unicode>
                </TextEquiv>
            </TextLine>
            <TextLine id="tr_2_tl_17" custom="readingOrder {index:16;}">
                <Coords points="4317,3057 5984,2957 6326,3053 7378,2914 7664,3005 7790,2767 4321,2914"/>
                <Baseline points="4346,3014 4393,3002 4483,2996 4573,2990 4662,2985 4752,2985 4841,2979 4931,2979 5020,2973 5110,2973 5199,2973 5289,2973 5378,2967 5468,2967 5558,2961 5647,2961 5737,2955 5826,2955 5916,2955 6005,2949 6095,2949 6184,2949 6274,2943 6364,2937 6453,2931 6543,2931 6632,2925 6722,2919 6811,2919 6901,2919 6990,2913 7080,2907 7169,2907 7259,2901 7349,2901 7438,2901 7528,2901 7617,2901 7707,2901 7796,2907"/>
                <TextEquiv>
                    <Unicode>sich zuvor dem Verschwindende nachsehend. Angestvolle kurze</Unicode>
                </TextEquiv>
            </TextLine>
            <TextLine id="tr_2_tl_18" custom="readingOrder {index:17;}">
                <Coords points="4334,3170 7227,3152 7647,3074 7651,2940 4339,3074"/>
                <Baseline points="4358,3158 4435,3158 4525,3152 4614,3152 4704,3146 4793,3146 4883,3146 4973,3140 5062,3128 5152,3128 5241,3122 5331,3122 5420,3122 5510,3122 5599,3116 5689,3116 5778,3110 5868,3110 5958,3104 6047,3104 6137,3098 6226,3098 6316,3092 6405,3092 6495,3086 6584,3086 6674,3086 6764,3080 6853,3074 6943,3074 7032,3074 7122,3068 7211,3062 7301,3062 7390,3056 7480,3044 7569,3044 7659,3050"/>
                <TextEquiv>
                    <Unicode>Kruse. Schreibes Serviis hiezu den Senna Clandus</Unicode>
                </TextEquiv>
            </TextLine>
            <TextLine id="tr_2_tl_19" custom="readingOrder {index:18;}">
                <Coords points="4352,3360 6473,3364 6811,3260 7829,3356 7833,3178 7638,3070 7071,3174 6846,3074 6404,3200 4356,3230"/>
                <Baseline points="4381,3319 4441,3319 4531,3313 4620,3313 4710,3307 4799,3307 4889,3307 4978,3301 5068,3301 5158,3295 5247,3295 5337,3289 5426,3289 5516,3289 5605,3289 5695,3283 5784,3283 5874,3277 5964,3277 6053,3271 6143,3265 6232,3265 6322,3259 6411,3259 6501,3259 6590,3259 6680,3253 6769,3253 6859,3253 6949,3247 7038,3241 7128,3235 7217,3235 7307,3229 7396,3229 7486,3229 7575,3223 7665,3229 7755,3235 7844,3235"/>
                <TextEquiv>
                    <Unicode>erscheint zu erst wieder. Servais auf Fabers und Gabryxx</Unicode>
                </TextEquiv>
            </TextLine>
            <TextLine id="tr_2_tl_20" custom="readingOrder {index:19;}">
                <Coords points="4408,3603 4447,3616 4486,3585 4529,3603 4698,3555 4741,3581 4802,3572 4889,3499 4984,3520 4992,3343 4915,3386 4867,3338 4811,3360 4772,3321 4741,3343 4702,3325 4585,3416 4417,3451"/>
                <Baseline points="4435,3498 4459,3498 4549,3492 4638,3486 4728,3480 4817,3474 4907,3474 4996,3480"/>
                <TextEquiv>
                    <Unicode>gestützt.</Unicode>
                </TextEquiv>
            </TextLine>
            <TextLine id="tr_2_tl_21" custom="readingOrder {index:20;}">
                <Coords points="4473,3737 7547,3624 7725,3594 7733,3347 6928,3369 6811,3269 5997,3499 4482,3529"/>
                <Baseline points="4501,3635 4513,3635 4602,3641 4692,3641 4781,3641 4871,3641 4961,3635 5050,3635 5140,3629 5229,3629 5319,3623 5408,3623 5498,3623 5587,3617 5677,3611 5767,3611 5856,3605 5946,3605 6035,3599 6125,3599 6214,3599 6304,3599 6393,3599 6483,3599 6572,3593 6662,3593 6752,3582 6841,3582 6931,3576 7020,3570 7110,3564 7199,3558 7289,3558 7378,3558 7468,3546 7558,3540 7647,3534 7737,3546"/>
                <TextEquiv>
                    <Unicode>Herbens. Wähmir schwerbe- wesweh, ich bin zu Tod</Unicode>
                </TextEquiv>
            </TextLine>
            <TextLine id="tr_2_tl_22" custom="readingOrder {index:21;}">
                <Coords points="6413,3815 6473,3819 6530,3763 6660,3802 6746,3767 6902,3797 7188,3741 7426,3841 7439,3607 7322,3577 7248,3611 7188,3572 7015,3633 6906,3585 6724,3693 6625,3650 6417,3689"/>
                <Baseline points="6435,3767 6459,3767 6549,3761 6638,3755 6728,3743 6817,3737 6907,3737 6996,3731 7086,3725 7175,3725 7265,3725 7355,3719 7444,3725"/>
                <TextEquiv>
                    <Unicode>verwirkt.</Unicode>
                </TextEquiv>
            </TextLine>
        </TextRegion>
    </Page>
</PcGts>
