8008 5400
4279 566 7225 971 Und meine Augen kann schon nicht. Nicht als
749 783 4134 1264 Jargu. (aufathmen.) Ja sie sie waren – der bethebte Ver¬
4266 873 6463 1205 Ich diese Zeilenlos und nicht als ich
4326 971 6693 1290 Dies wunderbarn Weib nun wieder sa¬
3197 1022 3393 1256 for
426 1098 622 1367 xx
4304 1158 6740 1541 Jch vollt an Worte alles fasste können,
800 1162 4083 1528 daselbst ein sehnsucht zu sie brückend Weib. Dich kon
439 1299 685 1541 C. L.
4360 1311 6603 1677 Was mich bedräget - um ihr so durch¬
728 1422 2303 1771 Rein Menschen Sterblichen
456 1494 656 1656 Or
4321 1537 5773 1831 te die Brägstissen weht.
749 1584 3027 1916 Tillia: Michdrukt. togumus
4372 1575 7004 2018 kamz war  um mich die Luft zukunftzen Zeit¬
502 1652 690 1805 Ar
771 1699 3368 2124 Die letzten Zage schon lassen dich nicht ruhe
4385 1652 7825 2193 Weg Vorwärts den Weg – mein (de will chwisse)
494 1784 698 1980 Die
536 1861 3432 2282 G. Und aufgeregterscheint, mir noch den Geist¬
4577 1903 7421 2265 Auswärgehs um! Ja mein, mein einigen Ende
873 2005 3798 2418 Erst faste Dich, dann tritt von zu den Mannen,
4334 2124 7148 2491 Wie diesen Wensch, dan acht sein "daß geht die
843 2180 4215 2542 Denn Deine Klücke zeuge von Verstört sind verstödt edwirr.
4372 2269 7059 2691 Wie dieser Ertehrte den jetzt Ein Volk
545 2337 711 2533 Sr
856 2350 3866 2806 Gewissen -? Man König! Spruch - Ihts das Gewiss-
4407 2427 7566 2848 Zum Raht der König, wir Ihre schon ernte,
890 2537 3857 2882 Und uns gleich klarer in ein Wort zu faften
4449 2623 6816 3010 Wie dieser Erdensohn - dahin schweide wird.
911 2742 3708 3091 Ist keidliche Nütlosigkeit, 1/2 Sorgu mir
4415 2755 7004 3210 Wie ich - den geht zur Kranz Rom erwartet,
877 2840 3500 3210 Roms Rög. Die den König Remo bedruckt.
4470 2827 7102 3295 Wie ich nicht von der Erde scheidet werde.
3321 2980 4023 3197 Oellia,
4517 3087 7591 3440 Wog ichs? Mein geges Lebensglück kann dunkel
903 3116 2337 3415 Paxqu (bitter lächeler)
898 3159 3925 3576 Ich bin ward zum Mann -! Sorg durch Senatoren
4453 3317 6212 3696 durch diese Schattensweiter
592 3346 766 3534 9
962 3380 3159 3768 dass sich ihr Reg nicht - du selbst -
1541 3466 3921 3891 Erumarmt sie heft) ich Leb wohl!
4445 3602 7514 4028 Was ichs - Er Einmächtgen Schätte wir geboren
3402 3666 4062 3925 (Ab)
903 3704 3304 4045 Tullia. Anb wohl um werde fest -
2427 3857 3649 4185 Wohnfungen Büge
979 4019 1767 4292 Sargu
