4456 5880
3618 652 3779 829 34.
1370 852 3212 1039 Wer dächte unsres grossen Königs nicht!
806 921 1124 1072 Caius:
1360 1049 3278 1232 Wer wäre unter euch, dem nicht sein Vater
810 1042 1203 1308 Egerius:
1377 1167 3363 1422 Von jenen stolzen sieggekrönten Schlachten
1367 1393 2950 1609 Des mächtigen Tarquinius erzählt?
1377 1550 3441 1812 Wer von euch allen sehnte sich nicht selbst,
872 1616 1075 1793 17/6
1367 1753 3055 1957 Solch ruhmverklärte Tage zu erleben
1367 1911 3497 2091 Und selbst zu kämpfen in der wilden Schlacht.
1390 2137 1898 2340 (für sich)
823 2140 1255 2298 Claudius:
1367 2255 3327 2478 Beim Mars! In einem Zuge so viel Wahrheit
1386 2429 3123 2658 Hört ich schon lang nicht:- (zum volk)
2547 2560 3599 2710 Dieser Mann hat Recht.
1373 2760 3700 2920 Ein krieg'risch Volk voll strebsam kühnen Ehrgeiz
1383 2861 3605 3061 Seh ich vor mir - und rings um mich ist's still
1386 3084 3369 3251 Und schläfrig von des Friedens Ueberfluss.
1426 3261 3468 3468 's ist wahr - für so viel streben wenig That
1396 3441 3527 3599 Und für dies Schlummern allzuviel des Wollens
1403 3641 3389 3776 Doch tröstet euch! In des Tarquinius Stamme
1390 3802 3055 3979 Lebt jene ew'ge Kampfesfreudigkeit,
1390 4008 3576 4215 Wenn auch Tarquinius längst schon hingegangen.
1409 4166 3261 4359 Ein neuer aus dem mächtigen Geschlechte
1426 4290 1908 4434 (Besteigt)
1409 4343 3445 4520 Kommt auf den Thron des vielgewalt'gen Rom.
1416 4523 3107 4674 Denn Lucius Tarquinius wird regieren.
839 4703 3474 4897 Tarquinius: Mich freut es wen'ger, eben nur zu herrschen,
1403 4838 3205 5024 Als künftighin dein König, Rom, zu sein.
1439 5008 2848 5234 (Beifällige Bewegung im Volke)
1413 5192 3871 5480 findet ihr ihn so geheimnisvoll? Den nenne mir einer
865 5192 1272 5428 Quintus:
