4424 5784
1855 545 2415 731 Zu Seite 6.
787 731 3777 939 1) Diese Anknüpfung lässt einen falschen Sinn zu. „Ererbt“ -von
2883 853 3087 968 C.H.F.P.
920 953 3484 1158 wem, doch nicht von Serv.Tull., der sie ihnen verliehen.
909 1106 3079 1247 Ich glaube diesen Vers solltest Du so ändern:
1117 1269 3391 1517 Sehn, dass er frei sich regt auf eig'ner Scholle.
3183 5049 3406 5302 können
3064 5201 3732 5457 euern Händen.
2797 5194 3024 5476 neh 1
1514 5216 2686 5439 Das Wohl des Staats liegt.
