8200 5160
4841 617 6659 917 Jarquinius und die Senatoren
4198 792 6719 1102 kommen. Fabius u. innig. andere gehen abgesondert; zu
4204 964 6772 1254 toden schauend. Claudius-Palassius im Gespräch
4217 1162 5653 1416 scheinen diese zu verhöhnen.
4290 1221 6732 1548 Tarquinius (gast auf den erhöhten Ktz, der dem
4267 1436 6824 1680 lieig zukommt ist erblickt die Verhandlung mit
4336 1627 6607 1888 Epricht.) Ist dies der ganze römische Staat!
4247 1792 5900 2066 die Senatoren (nicht alle) Wir sind.
5217 1868 6758 2122 So will ich denn ein letztes Mal
4250 1960 4670 2155 Sargu
4280 2109 6653 2346 Euch Grund und Ursach der Geschähnisse,
4264 2214 6273 2521 Wie ihr sie in den letzten Tagen saht,
4237 2392 6844 2670 Mit kurzen Worten klar vor Augen legen
4224 2554 6884 2831 & Fabius Wozu dies Spiel? Wer kennt die Ursach nicht!
4280 2719 6877 3010 Ein Senator (neben Fabius, zu diesem) Seid ihr bei Sinnen.
4293 2888 6897 3165 Targu (des anfangs mit millem Blick auf Fabius
4280 3023 6801 3366 geschaut, gefasst, überlegen.) Wie spracht ihr weihe,
5943 3184 6953 3429 Tabiu 6! Fürwahr,
4293 3382 6303 3650 Wozu erklären? Ihr versteht mich wohl.
4363 3534 6587 3821 Ich blicke rings im Kreis herum und siehe,
4363 3673 6452 4023 In allen Augenlese ich Verständnis
4356 3878 6534 4184 Und mehr als das ich lese billigung.
4330 4046 6032 4336 Ihr übeln Senatoren edel an
4330 4155 6692 4511 Geburt, an Geist erhaben, und daß also
