4392 5816
1647 825 2555 971 Talassius.Claudius
2742 920 3342 1051 Mesopotamien.
1387 1028 2460 1136 (missmutig umhergehend)
800 1028 1308 1254 Talassius:
3453 1038 3716 1222 isten
2818 1076 3269 1298 tehrt. Die
1368 1200 2799 1333 Denkt ihr noch lang zu zögern?
3186 1197 3726 1419 wird zu helpen.
2710 1368 3263 1482 Stille nur!
806 1358 1250 1504 Claudius :
3355 1387 3688 1561 den So
1016 1482 1209 1641 sant
1377 1533 3504 1698 Versteht mich doch, bevor ihr mich verurteilt.
1355 1723 3497 1828 Glaubt mir, ein schnelles Handeln wär auch mir
1381 1888 3361 2063 Weit lieber als dies langsam schleichende.
1362 2038 3275 2225 Doch etwas ist, dem wir uns alle beugen.-
1374 2247 3843 2387 Ist'snicht das Recht, so ist's der Schein des Rechts.
1352 2406 3907 2561 Hier braucht's nicht Recht und brauchts nicht Schein
806 2415 1289 2574 Talassius:
3259 2501 3799 2647 des Rechts
1368 2571 3145 2758 Wär alles meinem Willen nach geschehn
1368 2764 3174 2933 Ich hätte jetzt dem König frei gesagt,
1374 2942 3497 3104 Wie sich's verhält und wie die Sachen stehen.
1374 3069 3421 3285 Dass ihr ein Narr wärt, ja! Mein bester, sagt
800 2986 1250 3304 Claudius:
1368 3282 3256 3459 Mir doch einmal,wie ihr geredet hättet!
1368 3424 3421 3624 So sagt ich's ihm: Mein König! per Senat 1)
812 3469 1301 3637 Talassius:
1365 3628 3256 3856 Empört sich wider euch. Die edelsten 2)
1365 3821 3113 4005 Der edelsten Geschlechter stehen auf
1387 4021 3659 4151 Und dulden nicht mehr, dass ihr sie zurücksetzt.
1387 4189 3275 4345 Die Plebs - das niedre, das gemeine Volk
1387 4354 3624 4510 Schwingt sich mehr auf von einem Tag zum andern
1390 4504 3390 4669 Und legt die faulen Hände in den Schoss,3)
1381 4678 3259 4891 Als wär es frei, gleich Adligen geboren.
1381 4872 3808 5081 Es leistet uns nicht Frohndienst mehr; die Schuldner
1384 4992 3482 5272 Die im Gefängnis schmachten sollten,leben 4)
1403 5230 2958 5437 In Ruh und Frieden ihre Tage hin
