8104 5032
4219 1189 5851 1485 Egerius (schüttelt den Kopf.)
1599 1296 2254 1505 allevorten -
4232 1360 6556 1666 Quintas Ich, wenn ich ganz offen
1595 1478 3910 1736 Marcus. Egerius, ihr fühlet nur und
4219 1552 6550 1837 reden soll, meine lieben Freunde,
1538 1612 4047 1898 denket nicht! Oder glaubt ihr, ein fremdes
4215 1716 6445 2019 habe trage diese Idee schon seit
1589 1753 4071 2082 Volk ziehe vor die thore Roms? Egerius,
4185 1904 6741 2210 längrer Zeit im Sinn; - aber ihr wißtja
1538 1982 3926 2237 es geht nicht ins freie Feld, aufs weite
4198 2123 6687 2381 man darf nicht alles sagen, was einem
1595 2150 3893 2452 Schlachtgefild hinaus, - gegen den
4168 2254 6550 2546 durch den Kopf fährt, – es gibt gewisse
1562 2321 4000 2603 Adel sind wir zu den Waffen ge¬
4205 2449 6718 2724 Verpflichtungen, stillschweigen der Gesetze
1585 2509 4071 2731 rufen worden, - in den Manereinsom¬
4172 2663 4978 2875 des Iuere.
1585 2680 3732 2993 Stadt wird Blät fließen. (Stille.)
4219 2791 6623 3083 Mercus - Ganz recht, besser Onintus.
1599 2875 2734 3134 Egerius. Mevius -
5371 2972 6348 3204 Gehe weiter.)
1599 3036 3379 3292 Marcus. Glaubts getrost!
4780 3140 5821 3433 Vorübergehende.
1619 3191 4057 3510 Egerius. Wie könntet ihrs nur wissen.
4333 3245 4736 3453 gins
4229 3329 6583 3591 1 Bürger Und es sollte wirklich im
1438 3355 4135 3644 Marcus. Pist mehr als Vermutung. Einer
4242 3517 5599 3701 Innere des Staates -?
1552 3533 4088 3812 der Boten, die heut Nachts in den Häusern
4202 3651 6865 4004 1. Bürger. Wie ich auch sagte! (Vorüber.)
1602 3732 4098 4044 herumgesandt wurden, ist gut mit
5277 3839 5911 4037 Andre.
1555 3893 4084 4155 mir befreundet. Er weiss, wie die Sachen
4299 4034 6912 4289 Zweiterb. Holb verrostet lags in meiner
1562 4071 4037 4343 stehe; denn er ist stets im nähern Ge¬
4313 4158 6728 4501 Ecke, mein gutes Schwert. Es lechzte
1548 4249 4125 4575 Etolge des Königs. Und ihr dachtet nicht
4276 4390 6791 4662 nach Blut. Wie oft hat es mein Vater.
1548 4400 4030 4739 Daran, daß es gegen die Patricier gehen
3137 4581 3913 4732 könnte.
