4408 5848
1409 846 3758 1024 sieht er stumm zu Boden und horcht auf das,was der
1416 996 2635 1210 stolze Talassius spricht.
856 1170 1170 1313 Caius:
1422 1173 2352 1406 Sie entfernen sich.
849 1350 1204 1574 Marcus:
1403 1344 3765 1549 Glaubt etwa einer von euch, die hätten da Heilsames
1403 1531 2333 1733 für uns gesprochen?
1422 1699 3786 1904 Ich sah einmal, wie einer auf uns einen Blick warf -
859 1693 1244 1929 Egerius:
856 1889 1244 2072 Quintus:
1416 1885 3780 2047 Ja ja - diesen Blick, eben was diesen Blick anlangt,
1422 2057 3401 2262 ich sag euch, das war ein verdammter Blick!
1403 2225 3905 2417 Aus diesen Augen sprach  bittrer Hass und Missgunst.
846 2240 1210 2402 Marcus:
849 2399 1229 2620 Quintus:
1397 2430 2514 2626 Was folgt aus alle dem?
1403 2589 2741 2809 Nun wohl, dass etwas vorgeht.
859 2607 1145 2803 Caius:
1416 2772 3295 2959 Und dass ich zum Staatsmann geboren bin,
852 2778 1232 2987 Quintus:
1403 2946 2732 3102 Hier naht Lucius Tarquinius.
849 2965 1179 3102 Marcus
852 3133 1235 3285 Quintus:
1391 3117 3758 3298 Lucius Tarquinius, der Geheimnisvolle, das wandelnde
1391 3298 3805 3509 Rätsel, der bekannte Unbekannte, jener Mensch, von dem
1378 3488 3609 3659 man nie weiss, was man hinter ihm vermuten soll.
1403 3621 3662 3864 Und Claudius, der Ungewisse,geht an seiner Seite.
843 3668 1229 3818 Egerius:
1391 3849 3472 4057 Er ist heute in der Laune uns stiss anzusehn.
831 3855 1192 4014 Marcus:
1391 3989 3793 4225 Schon hat sich sein Blick geändert, er verachtet uns
831 4023 1226 4169 Egerius:
1391 4200 2492 4409 mit seinen Stirnfalten,
1385 4362 2635 4558 Der Geheimnisvolle träumt.
837 4365 1226 4505 Quintus:
1385 4558 3578 4735 Der Ungewisse rüttelt ihn auf - da kommen sie.
821 4555 1276 4754 Eegerius:
1391 4717 3793 4866 (Lucius Tarquinius tritt auf, Claudius mit ihm. Die
1378 4888 2797 5112 übrigen nach den Seiten hin).
1385 5106 3559 5314 Freund, ich ermahn' dich, lass das Träumen sein,
576 4978 1273 5336 3/6 Claudius:
1378 5283 3553 5442 Das ziemt sich schlecht für künftige Regenten
