4392 5784
1674 676 3030 954 Zu Seite 5
773 901 2619 1183 1) Sie alle werden wie seit ewger Zeit
917 1078 2893 1312 So auch hinfort stets kommen und vergehn.
785 1276 4016 1473 2) Zu stark, wenn auch richtig, denn es wird missverstanden und klingt
921 1424 3698 1678 zu rauh und roh. Das Volk: auch das nicht. Der Bau'r. Dies
929 1610 3710 1835 letztere halte ich für das passendste und einzig passende.
942 1795 3891 2032 Ueberdies folgt gleich in der nächsten Zeile Plebejer, was eher
938 2052 1537 2221 stehen kann.
