4440 5816
1941 610 2566 779 Zu Seite 10.
801 726 3823 1001 1) Es ist unrichtig sich unter den plebejern nur Arme vorzustel-
926 967 3646 1196 len.' (Momsen) Gedrückt waren sie allesammt, aber nicht arm.
2739 4278 2931 4466 vend
1859 4289 2656 4519 ehr kläglichen No
1434 4428 3631 4729 Der Zündstoff flackert lustig weit und weiter,
1460 4632 3292 4846 Empörung,Zwiespalt flannen mächtig auf
1434 4805 3525 5015 Der Aufruhr wächst, es kämpfen die Parteien-
1449 5023 3424 5260 Die unsre ist's, die siegt und triumphirt, -
1445 5230 3349 5369 Es ist erreicht, das heiss ersehnte Ziel
