4488 5672
3645 347 3801 622 46
1380 596 3075 859 Das edle Römervolk beherrschen soll!
1383 813 3298 1024 Doch alles das beiseite.-Lasst uns nicht
1390 943 3930 1221 Jetzt mit des Staates Wohl und Weh beschäftigen für!
1387 1189 3140 1416 Für kurze Frist seid keine Senatoren!
1383 1354 2197 1584 (leise zu Aulus)
1390 1539 2346 1743 Aulus, es ist an dir!
2284 1685 3130 1915 Ihr Sklaven, nicht
833 1753 1160 1934 Aulus:
1387 1869 3276 2122 So träg und lässig! Wein in alle Becher!
1406 2090 2462 2300 Trinkt, Freunde, trinkt!
1422 2184 3833 2453 (zu Tarquinius, der alle Vorgänge mit Aufmerksamkeit
1419 2449 2135 2644 verfolgt hatte)
2372 2456 3801 2618 Ich bin heut lustig, wie ich's
1406 2650 3224 2848 Mein Leben lang nicht war. Tarquinius,
1409 2845 2216 3013 Weisst du woher?
2132 2942 3415 3191 Wie hätt' ich das erfahren?
865 3003 1406 3214 Tarquinius:
1432 3153 3185 3402 Das kommt von ihr, Tarquinius,von ihr.
875 3279 1173 3428 Aulus:
1426 3363 3642 3593 So trinkt doch,Freunde - Wein, ihr Sklaven, Wein!
885 3525 2592 3752 Tarquinius: Du sp richst--? Von wem -?
2472 3681 3658 3898 von einem süssen Mädchen!
878 3810 1212 3953 Aulus:
1452 3839 3029 4099 Hab' ich dir nie von ihr erzählt?
2929 4050 3370 4274 Ich denk,
881 4082 1432 4309 Tarquinius:
1448 4212 3315 4458 Du hast mehr als dies eine Mal geliebt.
1471 4368 4076 4611 (an der andern Seite des Aulus, diesem leise zuflüsternd)
894 4474 1351 4656 Claudi us:
1464 4585 3327 4789 Erzähle nur, man hört dergleichen gerne.
1468 4747 3292 5009 Auf diesen Mund hat meine Lucia heut
907 4802 1241 5035 Aulus:
1461 4957 3327 5220 Den ersten, inn'gen Liebeskuss gedrückt.
