4408 5784
1361 766 3239 939 Jedweder Bürger kann dem Staate nützen,
813 719 1282 942 Claudius:
3626 865 3820 1062 1. W
1355 939 3333 1091 Am meisten der, den der Regent begünstigt;
807 909 1244 1141 Servius:
3391 1056 3597 1215 A.A.S.
1232 1085 3145 1306 Und Lucius Tarquinius ist euch hold
1344 1273 3705 1438 Bedenkt das wohl, mein Freund. Auch strebt darnach,
1338 1440 3207 1649 Dass ihr den Samen edler Denkungsweise
1024 1440 1212 1640 dich
1379 1646 2772 1834 Den euer künft'ger König hegt
1355 1825 3430 2013 Durch edler Worte Frühlingsbauch zum Keimen
1370 2010 2200 2209 Und Blühn bringt.
2098 2165 3609 2362 Pflicht und Herz befiehlts mir.
807 2174 1259 2332 Claudius:
1373 2350 2907 2549 Doch bringt ihr neues vom Senat?
807 2368 1206 2544 Servius:
2837 2517 3471 2696 Nichts neues.
807 2511 1264 2711 Claudius:
1373 2684 3286 2852 Die Zeit ist ruhig - im gewohnten Gleise
1379 2901 3362 3054 Bewegt sich alles - stille ziehn die Tage,
1364 3042 3274 3239 Der eine wie der andre hin - und nichts,
1364 3224 3471 3438 So scheint es, will des Friedens Ruhe stören.
1391 3424 3016 3579 (zu Gabinius; auf Claudius weisend)
795 3421 1162 3614 Fabius."
1367 3597 3435 3767 Die Stirne dort ist eines Heuchlers Stirne.
1364 3723 3653 3925 Zwar dem, der nichts ahnt, kaum Verdacht erregend,
1379 3963 3292 4125 Doch sehr verdächtig ahnungsvollem Sinn.
1411 4137 3063 4313 (sprach mit Claudius und Talassius)
813 4134 1215 4286 Servius:
1379 4292 3362 4474 Es ist die Zeit, in der ich mich im Garten
1385 4439 3371 4644 Gern zu ergehen pflege. Macht das Alter 1)
1370 4635 3526 4826 Den Menschen doch zum Sklaven der Gewohnheit.
1373 4820 3019 5026 Kommt, Fabius und Gabinius, mit mir;
1379 5005 2420 5210 Ihr beide,lebet wohl!
1394 5163 3303 5392 (Er geht ab mit Fabius und Gabinius). 2)
