8168 5160
4265 440 6992 863 Servius (noch vor den Tufenstehen bliebend)
989 647 4013 1046 Fabius. O thut, hier steh ich! Diese Wellens
4269 757 4925 1038 Targuimus
3150 859 3748 1079 Sklave
4274 826 6361 1184 Ärge. Königtste, aus mit zu hildigen?
1217 965 4017 1420 Das Werkzeug deiner königlichen Will¬
4282 997 6882 1274 Kreins. Als Richter und als König stehichck.
7586 1172 7778 1368 bin
3191 1176 3659 1433 küd.
4554 1188 6618 1514 Und fonter doch zu Rechenschaft zu wißen.
1229 1270 3826 1673 Ich fürchte nicht, daß Romus Freiheitslast
4379 1262 7057 1681 Nicht ein allein und leicht den säuschen Volk¬
1302 1510 4078 1770 Mit und dahin sterbt. Mehr als sage denktam
4286 1522 6602 1864 dts ganzen Menschheit mußt du Kerl sehr
1339 1661 3830 1974 das sind von jener Schlange des stets von
4302 1636 6882 2043 Denn an der Welt Ermangut bist die Freyler.
1209 1819 4033 2165 Ein Haupt erwachst, wenn eines auch gefallen¬
4335 1864 6610 2161 glaab von diesem Thron. Er ist mein Sitz.
1156 1990 3968 2287 kann. Doch hecke bevorbrannte ihr das Haupt¬
4314 1966 7196 2332 Geilte diesen hinauf - Largu. schleud erschwag.)
7676 2149 7847 2352 be
1437 2202 2837 2491 Um diese Schlange prob!
4310 2182 6667 2438 Gabinius Pablas halten ihn in den Armen.)
2116 2361 3004 2593 (Lacrin dreißen)
4278 2373 6427 2731 lage. Hinweg, das ist den Skorvensitz
2560 2462 3586 2751 Häwelch ein Leben
4941 2536 6105 2768 Laven 1/Or to And.
1445 2479 2031 2743 Claudius
1477 2633 3398 2983 Erhebt sich draufs mit einem Mal.
4298 2670 6748 3008 Volk (von der Thür) La Plausserin; widwollen
1571 2808 3472 3089 Exmige Senatorenxx schon hinauf. Churiche
4290 2898 5584 3179 unsern König beschühen.
3126 2947 3549 3215 der Könz
1514 3000 1840 3280 Theil.
4302 3024 6239 3305 serv. (blickt mitt auf) Insjudicius!
1461 3150 2886 3455 Targu (auf sich weisend.)
5665 3093 6915 3411 Verlassen wärte kroel
4335 3203 7603 3614 Hierd ist der König nicht in Sicherheit. — Vergennus ist wünschlich
4298 3244 4937 3488 Geb. (Jn. Tab)
1530 3244 3663 3602 Hier, Senatoren, sehl ihr zuern König!
6882 3370 7501 3569 solchem Euch.
4290 3476 7525 3789 Tab. Achtete Thüre führt uns rasch in Wege Tag. Genuerftze März
1343 3480 3679 3761 Um ich verhängelt auch! Verlasst dathor.
7167 3569 7582 3777 zessin.
1424 3630 3936 3976 (Großer Tumilt. Der Senat hat sich zum größten
4310 3655 7582 4046 (Dudrei schnell durch ich thun ab, während alle Ich spotte dem¬
1412 3793 3871 4115 Theil auf seine Plätze begeben. Und einige
4330 3858 6980 4151 andern zu xyz größten Eingangsthin stehen bewegen.
1424 3928 4046 4286 steher beim Engang. Lerzus Tullius von Gabriws
4359 3997 7310 4396 Claudus (er hat einigen kommen froviendringenden).
1327 4127 3696 4493 begleitet herum. Volkslärmend des That
