4424 5832
1896 709 2509 931 Zu Seite 12.
1652 828 3015 1075 nicht gestanden, was sie beide
828 987 3791 1245 1) Nur bei ganz besonderem wird der Name s o gestellt, an die
953 1186 3869 1400 Spitze. Stünde das „nicht ich allein“ nicht hier, dann wäre es
968 1378 3780 1574 schön und nothwendig diese Stellung beizubehalten,in der
964 1530 3078 1788 Fassung muss es heissen: Nicht.... Tal.-
964 3004 1301 3326 assius:
787 3521 1216 3721 Claudius
1404 4530 3015 4763 Und werde reif zu unerhörter That!
3259 4689 3470 4885 stet.
1371 4722 3019 4951 Ihr kannt die Macht, die allem Sein
1389 4881 3314 5140 Wohl dass ihr sie zu Hilfe ruft und fest
1389 5033 3362 5295 Auf sie vertraut, der niemand widerstanden,
1371 5236 2793 5465 Und niemand widerstehen wird!
