4424 5800
3595 637 3760 821 36
1381 840 2397 1065 Verstand mich gleich.
2335 1005 2774 1227 Tullia -
821 1027 1365 1181 Tarquinius:
1390 1170 3104 1387 Ich spreche nicht von deiner Gattin.
826 1224 1276 1354 Claudius:
3053 1368 3437 1533 Tullia-
832 1398 1365 1576 Tarquinius:
1390 1498 3316 1674 Was ist mit ihr? Worin verstand sie dich?
1387 1674 2771 1937 Von Aruns Gattin red ich nur.
823 1712 1270 1888 Claudius :
2684 1842 3383 2099 Sprich, sprich.
832 1926 1365 2140 Tarquinius:
1387 2023 3497 2218 Nun, wenn's dein Wille ist, die Sach ist kurz.-
832 2110 1289 2300 Claudius:
1381 2265 3107 2443 Bei Aruns war ich des Senates wegen,
1387 2419 3356 2581 Wie du ja weisst) und sprach auch Tullia.
1392 2617 3275 2755 Sie fragte mich, ob Servius Tullius wohl,
1400 2776 3248 2928 Des Adels Wünsche all' erfüllen werde -
1400 2982 3310 3131 Und als ich da von deiner Zukunft sprach
1400 3158 2942 3286 Von deiner nahen Königswürde und
1392 3316 3018 3451 Stets aufgeregter unsre Rede ward,
1400 3481 3210 3643 Und endlich aller lästigen Fesseln bar
1400 3657 3188 3825 In wechselseit'gem innersten Verstehn
1398 3827 3443 4009 Sich rückhaltslos zun letzten Ziel bewegte,
1400 4020 3573 4231 Da war mirs klar und sie gestand mir's selbst,
1406 4188 3278 4375 Dass ihrer Sehnsucht vollster Inbegriff
1400 4375 3134 4532 Die Königswurde sei und deine Liebe.
1417 4515 3313 4738 Ja, mein Tarquinius, dass sie dich liebt,
1400 4748 3378 4935 Nun ist's jedweden Zweifels frei und klar
1403 4908 2189 5087 Wie Sonnenlicht
2091 5049 3681 5241 Ich hör's, doch fass' ich's nicht.
861 5106 1398 5271 Tarquinius:
1931 5252 2934 5409 Grösse, schmeichelt sich
