8136 5160
1780 586 3937 1054 landen Verreisung? Fürstel
1806 816 4085 1205 Viele schrießen Theil. Wir wollen ansem¬
1806 1085 2728 1379 König beschützen.
1727 1141 4066 1595 Sarum Dezauner Herrscher ist, sind sehl
1780 1432 2339 1689 ihr ihn!
1818 1576 4126 1802 Was kürner der auch, das es auch gewahrte
1689 1727 4111 2018 land. Oseltans Volk, der das Verl
2751 1863 3851 2120 gerugnen dankt.
1629 1999 4130 2381 Volkdringt herein, Senatoren dage¬
1810 2260 2630 2562 so zurück.
1927 2313 4089 2702 ad. Lastitches Volk umsmitt¬
1780 2630 3057 2895 Waffen zwingen:
1791 2638 4024 2981 das Volk wird hinausgedrängt,
1844 2895 3983 3197 Mercus hälf sest u dienst Salassins
1855 3065 3012 3325 in den Saalzurück
1859 3238 3155 3488 Talass. Em Ratender.
2513 3291 4115 3677 Entreiset ihm die Waffen
1878 3427 2222 3673 Herrn
1893 3552 4062 3839 Marcus. (bis vor Largu. stuzend) Ta.
2056 3726 3877 4024 bis sie rot von deinem Blute ist.
1844 3885 4149 4176 Conclus schlägt ihm des Schwert aus der
1874 4055 4191 4380 Hand) (Es selbst u einige Senatoren wollen
1882 4228 3042 4504 Marcus Tödten
4225 487 6870 907 Magn. Ogönnsche nicht den ehrensollen Tod
4236 790 6874 1130 Das Beil des Henkers soll ihn richten Last.
4304 1001 6628 1300 Das Volkherin die Strenge fürchte nicht.
4285 1149 6832 1470 Sie soll mich sehe u soll auch keine Armee.
7599 1168 7875 1353 bins
4398 1330 6515 1636 tärz kaufen, das jüngere Jullia
4296 1500 6303 1731 erscheint. Volk dringt-mitt.
4308 1538 7267 1889 dh. zulhie. Ich grüße doch, mein mächtiges bemahl.
4346 1795 7376 2131 Tamqu. (geht ihr entgegen, beide stehe bey den Stehen.)
4327 1991 6367 2282 Targu. Was kundet selber mir?
7678 2135 7856 2343 lle
4304 2158 6103 2479 Dg Jullin. Daß sie den Göttern
4308 2214 6764 2641 Test denkenall und ihnen Egfer bringen.
4493 2588 6518 2913 Marcus Krs geschah unseren König
4304 2762 6704 3133 Carctus (wecht auf Xxx) Ihr seht, er lebt.
4376 2978 6741 3284 Viel Wir wollen Kormstellius
4338 3197 4905 3499 sehen!
4289 3257 6167 3673 xxi dringt fester, mächtige.
4262 3492 6333 3805 landes. Dieses Volk ist Küse!
