4440 5864
3690 642 3843 779 11
1328 763 3386 1035 Das Ziel, das wir verfolgen, ist das gleiche:
1368 1016 3123 1263 Ein neuer König soll in Rom regieren,
1392 1177 2986 1403 Und dieser König sei Tarquinius, 1)
1010 1266 1212 1422 eben
1381 1373 3324 1572 Kein Freund der Masse, ein Patricierfürst.
1398 1556 2397 1803 Wohl, wohl, was weiter?
838 1570 1322 1784 Talassius:
2317 1666 3230 1876 Arun, der vielweise,
833 1760 1277 1905 Claudius :
1395 1914 3163 2064 Der stets nur über Pergamenten brütet
1392 2091 3290 2247 Und fast Davot das schöne Weib vergisst,
1403 2268 3335 2438 Das sein ernennen darf,- er ist der erste,
1395 2408 3263 2553 Der unsern Zwecken dienen soll. Er wird
1411 2596 3093 2749 Dem König des Senates Willen künden
1419 2765 3290 2940 Und Grund und Ursach' nahender Empörung,
1406 2946 3214 3091 Die sich nur wenden lässt, wenn Servius
1424 3163 3246 3311 Der Annahm' würdigt jegliche Bedingung,
1406 3292 3222 3480 Die ihm der Senatoren Mehrheit stellt.
1416 3486 3462 3658 Der König weist uns ab. Wir tragen nochmals
1424 3666 2902 3797 Mit aller Ruhe unsre Bitte vor.
1403 3835 3346 3999 Zum zweiten Male wird sie nicht gewährt;
1427 3994 3593 4179 Des Königs Will' ist, nicht uns zu willfahren.-
1435 4190 3298 4340 Da streun wir rasch davon die Kunde aus
1440 4348 3292 4534 - O der sehr kläglichen Notwendigkeit -
1443 4520 3596 4714 Der Zündstoff flackert lustig weit und weiter,
1443 4711 3263 4867 Empörung, Zwiespalt flammen mächtig auf
1449 4889 3502 5079 Der Aufruhr wächst, es kämpfen die Parteien -
1435 5047 3416 5284 Die unsre ist’s, die siegt und triumphirt,-
1459 5227 3303 5482 Es ist erreicht, das heiss ersehnte Ziel
