8168 5208
2705 508 3466 753 bleibtfre.
328 591 3807 1033 Tobius (ihren während) bleibt sein. - Rückt für umschweigt -
1733 871 3269 1168 Gebietet euere Worte.
433 1059 3055 1330 Und laßt auch schweigend wehre' zum Nachwerk!
1825 1160 3855 1492 zur Kampf? Zum Kampf und Oefuhr?
455 1273 1470 1567 Egerius. Ge Stimmen
490 1348 3536 1711 Labins. Zum Rachewerk! Gabinus, Gottesbote,
442 1628 1300 1860 dte Hr. Obmetsch
521 1680 3479 1974 die ihr den Willen istet kunde hohen Macht kundet,
451 1864 3182 2153 Wucht sie zum Rachewerk, zum kämpf, sein Tod:
490 1978 3965 2298 Für wen starb dieser Nr. Für für sein Nolk! O6 Och¬
429 2157 3877 2512 der Lieb und der Trin zu noch ist er gefallen;
547 2389 2670 2744 Und schied daher Und aussi ist, o stöme
604 2529 3230 2906 Er starb für Rom! Gabinus, wachet sie!
1720 2696 3396 2923 Und nr Gabinius! Wichel sie¬
613 2801 1055 3033 19/10
635 2893 3046 3182 Er starb für Romas Heil- sind sein Gedäften
665 3090 1842 3348 Er starck für seiner
656 3199 2801 3562 Ann ihre heilge Sflichteste, ihr zu rächen xx
591 3339 3947 3733 Gebinus. Was beruchts hinterste der Wort Weise durch das Wort¬
705 3562 2363 3877 durch eigner Heiligt
722 3694 3265 4026 Schon der Gedanke ist es, der sie heilig! —
726 3825 3571 4241 Wenn sie ihn liebten, der sie to Was seine Römer und
5155 424 5733 709 einsehl!
4481 547 7260 967 Seht, seht und seht! (Auf das Teichnam weise)
5492 705 7304 1059 Nehr sag ich Rom nicht.
7116 849 7781 1116 Stichdönkel
4468 932 5746 1199 vndt Mich stückt
4525 1155 4704 1278 Ains
4328 1107 6455 1396 Mich des Anblik wohl beredt geg.
4451 1247 7142 1554 Schaut alle schweig und diese Reichnam an
4494 1392 7886 1715 Und denkt dabei, was jede denkenamts¬
4508 1580 6897 1895 dann seid ihr zu dem Rachewerk gerecht
4267 1680 7785 2044 C. Egerius. Edler Semetor Fabrut ihre wollt ihr xxx fühle?
4280 1908 6735 2236 da   Sind Exercis. O fährt uns. Edle Männer
4494 2004 8000 2433 Exeries (zuch trage) Und wißt ihrsauch! Woh ein Opfe fiel — he
4525 2193 7838 2538 aus unsere Mitte eines. – Das Marcus Hauglich
4547 2372 7558 2722 Henkerbeil gefallen. Niel. Mercas Eel?
4556 2560 6363 2901 Viel (stehn sich nach A)
4289 2652 4464 2849 th
4586 2779 5904 3072 Stund (hint das Scane.)
4586 2783 7247 3225 Eige (nach der Seite weisend). Sehl. Hehl!
4582 2910 7868 3435 Stimme (hinter der Sache.) Und wollliche ich die zugelstraffen,
5895 3243 6569 3457 Regen.
4713 3256 7672 3685 ge ich böse (gehen nach der Seite, woher die Stunde)
4639 3580 7230 3886 viele. Tullia fährt mit ihre Zweigespann.
4508 3667 7755 4039 Erbias. Sie nimmt der Weg hieher? Wie bis es wurde
