<?xml version="1.0" encoding="UTF-8" standalone="yes"?>
<PcGts xmlns="http://schema.primaresearch.org/PAGE/gts/pagecontent/2013-07-15" xmlns:xsi="http://www.w3.org/2001/XMLSchema-instance" xsi:schemaLocation="http://schema.primaresearch.org/PAGE/gts/pagecontent/2013-07-15 http://schema.primaresearch.org/PAGE/gts/pagecontent/2013-07-15/pagecontent.xsd">
    <Metadata>
        <Creator>prov=READ-COOP:name=TrHtr:version=2.1.0:model_id=51170:date=28_07_2023_17:00</Creator>
        <Created>2023-05-10T11:39:02.767+02:00</Created>
        <LastChange>2023-07-28T17:00:26.139+02:00</LastChange>
        <TranskribusMetadata docId="1428168" pageId="55389505" pageNr="34" tsid="131365714" status="IN_PROGRESS" userId="64420" imgUrl="https://files.transkribus.eu/Get?id=TCNBMAFCWQDYCJIWKCMDYCIK&amp;fileType=view" xmlUrl="https://files.transkribus.eu/Get?id=NHNEZMUFVYARLNSRVIOLHBQU" imageId="44664394"/>
    </Metadata>
    <Page imageFilename="1428168_0034.jpg" imageWidth="8152" imageHeight="4968">
        <ReadingOrder>
            <OrderedGroup id="ro_1711818199624" caption="Regions reading order">
                <RegionRefIndexed index="0" regionRef="tr_2"/>
                <RegionRefIndexed index="1" regionRef="tr_1"/>
            </OrderedGroup>
        </ReadingOrder>
        <TextRegion id="tr_2" custom="readingOrder {index:0;}">
            <Coords points="501,1072 4000,1072 4000,3437 501,3437"/>
            <TextLine id="tr_2_tl_1" custom="readingOrder {index:0;}">
                <Coords points="914,1219 1247,1299 1748,1207 1841,1303 1965,1235 2085,1295 2282,1179 2943,1223 3356,1079 3028,946 2647,1063 2197,942 1724,1091 922,974"/>
                <Baseline points="937,1188 943,1188 1033,1194 1122,1200 1212,1206 1301,1200 1391,1194 1480,1194 1570,1194 1659,1194 1749,1188 1839,1182 1928,1182 2018,1176 2107,1170 2197,1170 2286,1164 2376,1158 2466,1152 2555,1152 2645,1146 2734,1146 2824,1140 2913,1134 3003,1134 3093,1128 3182,1122 3272,1122 3361,1128"/>
                <TextEquiv>
                    <Unicode>Tal. Ist seine Weigerung etwa unsre Schuld</Unicode>
                </TextEquiv>
            </TextLine>
            <TextLine id="tr_2_tl_2" custom="readingOrder {index:1;}">
                <Coords points="1002,1387 1444,1444 2013,1347 2302,1460 2727,1335 3637,1355 3966,1295 3970,1123 2157,1299 1684,1207 1007,1279"/>
                <Baseline points="1027,1355 1110,1355 1200,1361 1289,1361 1379,1361 1468,1361 1558,1361 1648,1361 1737,1355 1827,1355 1916,1349 2006,1343 2095,1337 2185,1337 2275,1331 2364,1331 2454,1325 2543,1319 2633,1319 2722,1313 2812,1307 2901,1301 2991,1295 3081,1295 3170,1289 3260,1283 3349,1283 3439,1277 3528,1271 3618,1277 3708,1271 3797,1259 3887,1253 3976,1253"/>
                <TextEquiv>
                    <Unicode>Senatoren Was nun geschieht, der König hatsschuldet</Unicode>
                </TextEquiv>
            </TextLine>
            <TextLine id="tr_2_tl_3" custom="readingOrder {index:2;}">
                <Coords points="982,1552 2206,1568 2526,1492 2719,1588 2983,1476 3224,1520 3232,1339 2598,1367 2510,1444 986,1416"/>
                <Baseline points="1003,1522 1086,1528 1176,1528 1265,1528 1355,1522 1445,1522 1534,1516 1624,1516 1713,1516 1803,1516 1892,1510 1982,1504 2071,1498 2161,1498 2251,1498 2340,1492 2430,1492 2519,1486 2609,1486 2698,1474 2788,1474 2878,1474 2967,1462 3057,1462 3146,1456 3236,1462"/>
                <TextEquiv>
                    <Unicode>Pal. Politik sind wir und besitzen Stolz</Unicode>
                </TextEquiv>
            </TextLine>
            <TextLine id="tr_2_tl_4" custom="readingOrder {index:3;}">
                <Coords points="970,1720 1604,1700 1776,1792 2113,1668 2390,1744 2895,1632 3753,1676 3942,1644 3950,1456 2242,1604 978,1552"/>
                <Baseline points="997,1701 1086,1695 1176,1689 1265,1689 1355,1683 1445,1683 1534,1677 1624,1677 1713,1677 1803,1677 1892,1671 1982,1671 2071,1665 2161,1659 2251,1659 2340,1654 2430,1654 2519,1648 2609,1648 2698,1636 2788,1636 2878,1630 2967,1630 3057,1624 3146,1618 3236,1618 3325,1612 3415,1612 3505,1606 3594,1606 3684,1594 3773,1588 3863,1582 3952,1576"/>
                <TextEquiv>
                    <Unicode>etales. Man spielt mit seinen Unterthanen nicht.</Unicode>
                </TextEquiv>
            </TextLine>
            <TextLine id="tr_2_tl_5" custom="readingOrder {index:4;}">
                <Coords points="473,1929 762,1993 1865,1853 2149,1941 2314,1841 2430,1933 3044,1788 3392,1837 3697,1760 3701,1656 2362,1748 2129,1672 1796,1813 1319,1696 481,1768"/>
                <Baseline points="501,1874 591,1863 680,1863 770,1863 859,1868 949,1874 1021,1868 1110,1857 1200,1851 1289,1851 1379,1851 1468,1851 1558,1845 1648,1845 1737,1845 1827,1839 1916,1833 2006,1827 2095,1821 2185,1821 2275,1815 2364,1815 2454,1815 2543,1809 2633,1803 2722,1803 2812,1803 2901,1797 2991,1791 3081,1785 3170,1785 3260,1779 3349,1773 3439,1767 3528,1761 3618,1755 3708,1749"/>
                <TextEquiv>
                    <Unicode>Histivs. 4 Sanator. Nun, die Klebeger freilich sind weit edler.</Unicode>
                </TextEquiv>
            </TextLine>
            <TextLine id="tr_2_tl_6" custom="readingOrder {index:5;}">
                <Coords points="918,2049 1664,2085 2370,1981 2542,2057 3028,1965 3224,2065 3729,1933 3733,1804 2438,1937 2298,1853 2153,1941 1432,1861 922,1961"/>
                <Baseline points="943,2030 961,2030 1050,2018 1140,2018 1230,2012 1319,2012 1409,2006 1498,2006 1588,2006 1677,2006 1767,2000 1857,1994 1946,1994 2036,1988 2125,1988 2215,1982 2304,1976 2394,1976 2484,1970 2573,1970 2663,1964 2752,1964 2842,1958 2931,1958 3021,1952 3110,1946 3200,1946 3290,1940 3379,1940 3469,1934 3558,1928 3648,1922 3737,1922"/>
                <TextEquiv>
                    <Unicode>Salossius. Sie sollen nur den theuern König helfen.</Unicode>
                </TextEquiv>
            </TextLine>
            <TextLine id="tr_2_tl_7" custom="readingOrder {index:6;}">
                <Coords points="1095,2210 1712,2181 2105,2278 2250,2165 2570,2214 2791,2137 2923,2206 3605,2117 3609,2005 2189,2005 1744,2097 1099,2041"/>
                <Baseline points="1116,2197 1200,2185 1289,2173 1379,2173 1468,2173 1558,2167 1648,2167 1737,2167 1827,2161 1916,2155 2006,2155 2095,2155 2185,2149 2275,2149 2364,2149 2454,2149 2543,2143 2633,2137 2722,2131 2812,2131 2901,2125 2991,2119 3081,2113 3170,2107 3260,2101 3349,2095 3439,2095 3528,2089 3618,2083"/>
                <TextEquiv>
                    <Unicode>19/2 Clandius. Ich gehe nun, ihr überlasst nur alles.</Unicode>
                </TextEquiv>
            </TextLine>
            <TextLine id="tr_2_tl_8" custom="readingOrder {index:7;}">
                <Coords points="1167,2418 2133,2322 2482,2414 2643,2310 3216,2326 3224,2173 2554,2222 2342,2161 2093,2282 1716,2181 1175,2254"/>
                <Baseline points="1194,2352 1259,2340 1349,2334 1439,2334 1528,2334 1618,2328 1707,2328 1797,2322 1886,2322 1976,2316 2066,2310 2155,2316 2245,2310 2334,2310 2424,2304 2513,2304 2603,2304 2692,2298 2782,2286 2872,2286 2961,2280 3051,2275 3140,2269 3230,2275"/>
                <TextEquiv>
                    <Unicode>Tal. Wir kenen dich genugsam</Unicode>
                </TextEquiv>
            </TextLine>
            <TextLine id="tr_2_tl_9" custom="readingOrder {index:8;}">
                <Coords points="2667,2506 2723,2534 2799,2498 2955,2510 3064,2446 3172,2518 3236,2486 3280,2498 3332,2458 3372,2466 3380,2306 3216,2374 3136,2322 3088,2358 3040,2318 2879,2350 2675,2310"/>
                <Baseline points="2687,2448 2758,2442 2848,2442 2937,2442 3027,2436 3116,2430 3206,2424 3296,2430 3385,2430"/>
                <TextEquiv>
                    <Unicode>Ihr sein nicht</Unicode>
                </TextEquiv>
            </TextLine>
            <TextLine id="tr_2_tl_10" custom="readingOrder {index:9;}">
                <Coords points="1131,2530 1195,2534 1219,2518 1247,2534 1279,2518 1323,2526 1347,2510 1359,2522 1428,2506 1476,2538 1508,2538 1516,2358 1460,2370 1416,2402 1375,2390 1339,2414 1299,2386 1239,2390 1179,2442 1135,2446"/>
                <Baseline points="1158,2513 1247,2507 1337,2501 1427,2501 1516,2501"/>
                <TextEquiv>
                    <Unicode>Claud.</Unicode>
                </TextEquiv>
            </TextLine>
            <TextLine id="tr_2_tl_11" custom="readingOrder {index:10;}">
                <Coords points="1199,2775 2193,2647 2438,2739 2727,2651 2835,2743 2923,2667 3597,2598 3601,2458 3220,2546 3060,2458 2707,2554 2133,2506 1784,2602 1472,2530 1207,2619"/>
                <Baseline points="1224,2681 1277,2669 1367,2669 1456,2663 1546,2663 1636,2657 1725,2651 1815,2651 1904,2651 1994,2651 2083,2645 2173,2639 2263,2639 2352,2633 2442,2633 2531,2627 2621,2615 2710,2615 2800,2609 2890,2609 2979,2609 3069,2603 3158,2603 3248,2597 3337,2603 3427,2591 3517,2579 3606,2573"/>
                <TextEquiv>
                    <Unicode>Gesonnen, alles ruhig hinzunehmen -?!</Unicode>
                </TextEquiv>
            </TextLine>
            <TextLine id="tr_2_tl_12" custom="readingOrder {index:11;}">
                <Coords points="1215,2851 1520,2827 1817,2879 2406,2799 2611,2835 2699,2791 2703,2699 2470,2743 2382,2675 2197,2727 2093,2659 1901,2735 1748,2675 1556,2739 1404,2695 1219,2763"/>
                <Baseline points="1242,2836 1277,2836 1367,2830 1456,2824 1546,2824 1636,2818 1725,2812 1815,2812 1904,2812 1994,2806 2083,2800 2173,2800 2263,2794 2352,2788 2442,2782 2531,2782 2621,2776 2710,2776"/>
                <TextEquiv>
                    <Unicode>Tal. Wir sind Patricier.</Unicode>
                </TextEquiv>
            </TextLine>
            <TextLine id="tr_2_tl_13" custom="readingOrder {index:12;}">
                <Coords points="2286,3072 2422,2987 2590,2959 2699,2999 2859,2947 2971,3008 3376,2923 3533,2947 3513,2791 3344,2811 3280,2767 3192,2815 3088,2767 2991,2819 2839,2783 2570,2839 2454,2791 2298,2815"/>
                <Baseline points="2310,2967 2376,2961 2466,2955 2555,2949 2645,2949 2734,2943 2824,2937 2913,2937 3003,2931 3093,2925 3182,2925 3272,2919 3361,2919 3451,2913 3540,2907"/>
                <TextEquiv>
                    <Unicode>Ja, von Adel sind wir.</Unicode>
                </TextEquiv>
            </TextLine>
            <TextLine id="tr_2_tl_14" custom="readingOrder {index:13;}">
                <Coords points="1171,3064 1243,3084 1291,3048 1331,3060 1395,3040 1424,3056 1484,3012 1532,3044 1556,3024 1596,3032 1604,2859 1391,2831 1307,2855 1223,2843 1179,2863"/>
                <Baseline points="1194,3003 1253,3003 1343,3003 1433,2997 1522,2991 1612,2991"/>
                <TextEquiv>
                    <Unicode>Spiele</Unicode>
                </TextEquiv>
            </TextLine>
            <TextLine id="tr_2_tl_15" custom="readingOrder {index:14;}">
                <Coords points="1179,3176 1740,3244 1925,3144 2366,3216 2530,3128 3048,3172 3613,3084 3617,2939 3304,3056 2835,2959 2193,3088 2069,2995 1720,2991 1183,3092"/>
                <Baseline points="1200,3164 1206,3164 1295,3158 1385,3152 1474,3152 1564,3140 1654,3140 1743,3134 1833,3128 1922,3128 2012,3134 2101,3128 2191,3128 2280,3128 2370,3122 2460,3116 2549,3110 2639,3105 2728,3105 2818,3099 2907,3105 2997,3099 3087,3093 3176,3087 3266,3087 3355,3087 3445,3081 3534,3081 3624,3087"/>
                <TextEquiv>
                    <Unicode>Claud. So freut auch, ihr edeln Herren alle</Unicode>
                </TextEquiv>
            </TextLine>
            <TextLine id="tr_2_tl_16" custom="readingOrder {index:15;}">
                <Coords points="1319,3336 1648,3429 1973,3320 2454,3489 2735,3469 3032,3441 3308,3268 3597,3348 3990,3272 3994,3140 3461,3092 2975,3212 2727,3116 1748,3236 1327,3156"/>
                <Baseline points="1343,3337 1403,3325 1492,3319 1582,3319 1671,3319 1761,3313 1851,3308 1940,3302 2030,3302 2119,3302 2209,3302 2298,3290 2388,3284 2478,3278 2567,3272 2657,3272 2746,3266 2836,3266 2925,3266 3015,3260 3105,3254 3194,3254 3284,3254 3373,3254 3463,3248 3552,3242 3642,3242 3731,3242 3821,3236 3911,3242 4000,3254"/>
                <TextEquiv>
                    <Unicode>Und jäubelt laut: Es wankt das Königtum’s</Unicode>
                </TextEquiv>
            </TextLine>
            <TextLine id="tr_2_tl_17" custom="readingOrder {index:16;}">
                <Coords points="3132,3521 3268,3545 3360,3509 3429,3517 3477,3481 3553,3529 3617,3517 3657,3545 3777,3473 3850,3513 3858,3336 3765,3356 3681,3308 3605,3356 3505,3292 3364,3336 3300,3284 3140,3344"/>
                <Baseline points="3158,3427 3236,3421 3325,3421 3415,3415 3505,3409 3594,3409 3684,3409 3773,3409 3863,3403"/>
                <TextEquiv>
                    <Unicode>(Geht ab.)</Unicode>
                </TextEquiv>
            </TextLine>
        </TextRegion>
        <TextRegion id="tr_1" custom="readingOrder {index:1;}">
            <Coords points="4185,1072 6962,1072 6962,4309 4185,4309"/>
            <TextLine id="tr_1_tl_1" custom="readingOrder {index:0;}">
                <Coords points="5037,1259 5365,1143 5514,1171 5951,1139 5951,958 5798,1027 5658,954 5558,1015 5474,962 5329,1015 5189,890 5045,878"/>
                <Baseline points="5063,1140 5153,1134 5242,1128 5332,1134 5421,1128 5511,1128 5600,1128 5690,1122 5780,1122 5869,1122 5959,1128"/>
                <TextEquiv>
                    <Unicode>Vierte Seene.</Unicode>
                </TextEquiv>
            </TextLine>
            <TextLine id="tr_1_tl_2" custom="readingOrder {index:1;}">
                <Coords points="5177,1359 5257,1379 5389,1327 5426,1335 5462,1311 5518,1327 5546,1307 5642,1351 5666,1331 5710,1351 5786,1311 5790,1199 5658,1215 5578,1171 5462,1219 5393,1179 5325,1231 5241,1179 5181,1191"/>
                <Baseline points="5200,1301 5260,1301 5350,1295 5439,1295 5529,1295 5618,1295 5708,1289 5797,1295"/>
                <TextEquiv>
                    <Unicode>Vord. Curie.</Unicode>
                </TextEquiv>
            </TextLine>
            <TextLine id="tr_1_tl_3" custom="readingOrder {index:2;}">
                <Coords points="5357,1508 5401,1504 5466,1556 5518,1516 5538,1528 5566,1500 5586,1516 5634,1476 5662,1476 5662,1363 5598,1355 5510,1399 5397,1355 5353,1359"/>
                <Baseline points="5374,1450 5463,1445 5553,1445 5642,1450 5672,1450"/>
                <TextEquiv>
                    <Unicode>Nacht.</Unicode>
                </TextEquiv>
            </TextLine>
            <TextLine id="tr_1_tl_4" custom="readingOrder {index:3;}">
                <Coords points="4162,1704 6560,1644 6616,1480 5638,1472 5510,1560 5229,1480 4908,1584 4399,1452 4166,1552"/>
                <Baseline points="4185,1648 4203,1642 4293,1654 4382,1659 4472,1654 4561,1648 4651,1648 4741,1642 4830,1636 4920,1630 5009,1624 5099,1624 5188,1630 5278,1630 5368,1624 5457,1624 5547,1618 5636,1618 5726,1612 5815,1612 5905,1612 5995,1612 6084,1612 6174,1612 6263,1606 6353,1594 6442,1588 6532,1588 6622,1588"/>
                <TextEquiv>
                    <Unicode>23/7 Servius (hinter d. Siene) Hier scheints nur allzustill!</Unicode>
                </TextEquiv>
            </TextLine>
            <TextLine id="tr_1_tl_5" custom="readingOrder {index:4;}">
                <Coords points="4916,1804 5899,1792 5959,1841 6348,1772 6729,1829 6761,1648 6031,1648 5827,1732 5638,1664 4920,1676"/>
                <Baseline points="4938,1797 4979,1797 5069,1797 5159,1803 5248,1797 5338,1791 5427,1785 5517,1785 5606,1779 5696,1773 5786,1773 5875,1773 5965,1773 6054,1767 6144,1767 6233,1761 6323,1761 6413,1755 6502,1749 6592,1749 6681,1755 6771,1761"/>
                <TextEquiv>
                    <Unicode>Kommt von Sklanen mit Fackeln begleitet;</Unicode>
                </TextEquiv>
            </TextLine>
            <TextLine id="tr_1_tl_6" custom="readingOrder {index:5;}">
                <Coords points="4892,1969 5157,2013 5229,1961 5325,2025 5506,1961 5686,2005 5843,1953 6360,1949 6364,1776 5770,1869 5626,1809 5149,1845 5041,1804 4892,1869"/>
                <Baseline points="4914,1958 4938,1952 5027,1958 5117,1958 5206,1958 5296,1958 5385,1952 5475,1952 5565,1946 5654,1946 5744,1940 5833,1940 5923,1934 6012,1934 6102,1928 6192,1928 6281,1922 6371,1922"/>
                <TextEquiv>
                    <Unicode>Fabius u Gabin. an seiner Seite.</Unicode>
                </TextEquiv>
            </TextLine>
            <TextLine id="tr_1_tl_7" custom="readingOrder {index:6;}">
                <Coords points="4239,2201 5630,2117 5774,2206 5975,2206 6155,2113 6276,2149 6280,1941 5381,1997 5281,2061 4960,1989 4243,2049"/>
                <Baseline points="4263,2143 4317,2137 4406,2137 4496,2131 4585,2131 4675,2125 4764,2119 4854,2119 4944,2119 5033,2119 5123,2119 5212,2119 5302,2113 5391,2113 5481,2107 5571,2107 5660,2107 5750,2107 5839,2107 5929,2101 6018,2101 6108,2095 6198,2089 6287,2095"/>
                <TextEquiv>
                    <Unicode>Servius. (zu d Sklaven.) Schließtauf der Por!</Unicode>
                </TextEquiv>
            </TextLine>
            <TextLine id="tr_1_tl_8" custom="readingOrder {index:7;}">
                <Coords points="4427,2330 5650,2362 6392,2282 6512,2354 6709,2318 6713,2153 4431,2197"/>
                <Baseline points="4448,2310 4484,2304 4573,2292 4663,2286 4753,2286 4842,2286 4932,2280 5021,2286 5111,2280 5200,2280 5290,2275 5380,2275 5469,2269 5559,2263 5648,2263 5738,2263 5827,2257 5917,2263 6006,2263 6096,2257 6186,2263 6275,2263 6365,2257 6454,2251 6544,2245 6633,2239 6723,2239"/>
                <TextEquiv>
                    <Unicode>(das Thor der Curie wird geöffnet. Zuen ist es nichts</Unicode>
                </TextEquiv>
            </TextLine>
            <TextLine id="tr_1_tl_9" custom="readingOrder {index:8;}">
                <Coords points="4315,2502 4403,2494 4499,2578 4555,2534 4587,2554 4688,2474 4772,2542 4808,2542 4916,2462 4920,2338 4804,2382 4583,2326 4515,2354 4483,2326 4431,2326 4387,2358 4319,2338"/>
                <Baseline points="4335,2472 4388,2466 4478,2460 4567,2460 4657,2460 4747,2454 4836,2454 4926,2454"/>
                <TextEquiv>
                    <Unicode>erleuchtet.)</Unicode>
                </TextEquiv>
            </TextLine>
            <TextLine id="tr_1_tl_10" custom="readingOrder {index:9;}">
                <Coords points="4263,2671 5778,2602 6135,2703 6284,2606 6953,2578 6953,2494 6701,2430 4503,2574 4267,2478"/>
                <Baseline points="4287,2615 4364,2621 4454,2621 4544,2627 4633,2621 4723,2621 4812,2621 4902,2615 4991,2609 5081,2609 5171,2603 5260,2603 5350,2597 5439,2597 5529,2591 5618,2585 5708,2585 5797,2585 5887,2585 5977,2585 6066,2585 6156,2579 6245,2579 6335,2573 6424,2573 6514,2573 6604,2573 6693,2567 6783,2567 6872,2567 6962,2573"/>
                <TextEquiv>
                    <Unicode>Serveno (nach e. baagen Stille) O’Fatus, ihr trecht das rechte Wort.!</Unicode>
                </TextEquiv>
            </TextLine>
            <TextLine id="tr_1_tl_11" custom="readingOrder {index:10;}">
                <Coords points="4251,2903 4984,2795 5325,2843 5710,2771 5831,2831 5987,2791 5991,2715 5578,2611 5490,2671 5337,2627 5121,2675 5029,2619 4752,2723 4259,2687"/>
                <Baseline points="4275,2788 4293,2788 4382,2788 4472,2788 4561,2788 4651,2782 4741,2782 4830,2782 4920,2776 5009,2770 5099,2764 5188,2764 5278,2758 5368,2758 5457,2758 5547,2758 5636,2752 5726,2752 5815,2746 5905,2746 5995,2746"/>
                <TextEquiv>
                    <Unicode>Eingörer sind 6! O Rom, &amp; Rom.</Unicode>
                </TextEquiv>
            </TextLine>
            <TextLine id="tr_1_tl_12" custom="readingOrder {index:11;}">
                <Coords points="5690,2975 5730,2987 5766,2951 5823,2975 5891,2927 5951,2927 6059,2995 6199,2943 6288,2947 6292,2795 6252,2799 6228,2775 6107,2811 6051,2795 5971,2851 5911,2815 5827,2831 5778,2799 5694,2795"/>
                <Baseline points="5714,2907 5803,2907 5893,2907 5983,2907 6072,2901 6162,2901 6251,2907 6299,2907"/>
                <TextEquiv>
                    <Unicode>Mein König</Unicode>
                </TextEquiv>
            </TextLine>
            <TextLine id="tr_1_tl_13" custom="readingOrder {index:12;}">
                <Coords points="4291,3003 4331,3012 4379,2999 4423,3012 4435,2999 4455,3020 4495,2999 4523,3016 4652,3008 4648,2875 4603,2883 4571,2867 4523,2879 4483,2859 4435,2887 4363,2831 4287,2823"/>
                <Baseline points="4311,2949 4400,2949 4490,2949 4579,2949 4663,2955"/>
                <TextEquiv>
                    <Unicode>Tabius.</Unicode>
                </TextEquiv>
            </TextLine>
            <TextLine id="tr_1_tl_14" custom="readingOrder {index:13;}">
                <Coords points="4243,3216 5746,3092 6031,3196 6248,3096 6452,3168 6809,3092 6813,2971 6625,2895 6047,3008 5289,2935 5141,3012 4251,3012"/>
                <Baseline points="4269,3122 4305,3122 4394,3116 4484,3116 4573,3116 4663,3110 4753,3110 4842,3105 4932,3105 5021,3105 5111,3099 5200,3093 5290,3093 5380,3093 5469,3093 5559,3087 5648,3087 5738,3081 5827,3075 5917,3081 6006,3075 6096,3075 6186,3075 6275,3081 6365,3075 6454,3075 6544,3063 6633,3063 6723,3069 6813,3081"/>
                <TextEquiv>
                    <Unicode>Gabinius. Euch lieb 1 das Volk; 16 stehl an eurer Seite.</Unicode>
                </TextEquiv>
            </TextLine>
            <TextLine id="tr_1_tl_15" custom="readingOrder {index:14;}">
                <Coords points="4267,3296 4664,3340 5089,3308 5221,3364 5341,3316 5430,3356 5598,3268 5674,3308 5678,3132 5622,3108 5462,3188 5349,3128 5109,3116 4896,3216 4732,3136 4271,3192"/>
                <Baseline points="4287,3290 4347,3284 4436,3284 4526,3278 4615,3272 4705,3272 4794,3272 4884,3266 4973,3266 5063,3272 5153,3266 5242,3260 5332,3260 5421,3254 5511,3254 5600,3248 5690,3242"/>
                <TextEquiv>
                    <Unicode>das Volk verlässt euch nicht!</Unicode>
                </TextEquiv>
            </TextLine>
            <TextLine id="tr_1_tl_16" custom="readingOrder {index:15;}">
                <Coords points="5823,3481 5919,3489 5999,3445 6095,3465 6224,3417 6380,3449 6600,3417 6604,3268 6524,3296 6416,3288 6384,3256 6268,3264 6155,3180 6027,3192 5991,3168 5943,3184 5875,3140 5831,3156"/>
                <Baseline points="5845,3409 5893,3415 5983,3415 6072,3409 6162,3409 6251,3409 6341,3409 6430,3403 6520,3397 6610,3403"/>
                <TextEquiv>
                    <Unicode>Ein neues Bild!</Unicode>
                </TextEquiv>
            </TextLine>
            <TextLine id="tr_1_tl_17" custom="readingOrder {index:16;}">
                <Coords points="4271,3513 4575,3497 4680,3541 4760,3469 5033,3541 5245,3449 5526,3513 5642,3477 5646,3300 5249,3392 5145,3316 4275,3304"/>
                <Baseline points="4293,3451 4311,3451 4400,3451 4490,3451 4579,3445 4669,3445 4759,3445 4848,3445 4938,3451 5027,3445 5117,3439 5206,3433 5296,3433 5385,3433 5475,3427 5565,3433 5654,3427"/>
                <TextEquiv>
                    <Unicode>Servius (hört nicht darauf.)</Unicode>
                </TextEquiv>
            </TextLine>
            <TextLine id="tr_1_tl_18" custom="readingOrder {index:17;}">
                <Coords points="4227,3709 4407,3757 4559,3661 5490,3613 5851,3717 6095,3593 6332,3625 6336,3429 5349,3561 4752,3473 4672,3549 4231,3541"/>
                <Baseline points="4251,3636 4281,3636 4370,3636 4460,3624 4550,3624 4639,3624 4729,3624 4818,3618 4908,3618 4997,3612 5087,3612 5176,3606 5266,3606 5356,3606 5445,3600 5535,3594 5624,3594 5714,3594 5803,3588 5893,3588 5983,3582 6072,3582 6162,3576 6251,3576 6341,3582"/>
                <TextEquiv>
                    <Unicode>Nicht wahr, ein neues und ein lustig Bild</Unicode>
                </TextEquiv>
            </TextLine>
            <TextLine id="tr_1_tl_19" custom="readingOrder {index:18;}">
                <Coords points="4239,3878 4415,3801 4603,3882 4960,3789 5578,3858 5895,3761 6360,3797 6428,3625 5851,3717 5706,3637 5189,3713 4543,3661 4411,3753 4243,3741"/>
                <Baseline points="4263,3791 4281,3797 4370,3791 4460,3791 4550,3785 4639,3791 4729,3791 4818,3785 4908,3785 4997,3779 5087,3773 5176,3767 5266,3767 5356,3761 5445,3761 5535,3755 5624,3755 5714,3749 5803,3749 5893,3749 5983,3743 6072,3743 6162,3743 6251,3743 6341,3737 6430,3755"/>
                <TextEquiv>
                    <Unicode>Ein König, der der Unterthanenwartel,</Unicode>
                </TextEquiv>
            </TextLine>
            <TextLine id="tr_1_tl_20" custom="readingOrder {index:19;}">
                <Coords points="4255,3982 5333,3942 5462,4010 5630,3922 6805,3998 6809,3757 4255,3870"/>
                <Baseline points="4275,3952 4305,3946 4394,3946 4484,3946 4573,3952 4663,3952 4753,3946 4842,3946 4932,3940 5021,3940 5111,3934 5200,3934 5290,3929 5380,3929 5469,3923 5559,3923 5648,3923 5738,3917 5827,3917 5917,3917 6006,3917 6096,3917 6186,3911 6275,3911 6365,3911 6454,3905 6544,3899 6633,3899 6723,3899 6813,3887"/>
                <TextEquiv>
                    <Unicode>den seine Untergebnen warten lassen! (Bristauf:)</Unicode>
                </TextEquiv>
            </TextLine>
            <TextLine id="tr_1_tl_21" custom="readingOrder {index:20;}">
                <Coords points="4227,4186 4680,4194 4824,4118 5257,4158 5434,4114 5530,4162 5871,4118 5875,3962 5726,4022 5610,3962 5069,4006 4944,3950 4872,3994 4571,3958 4415,4034 4363,3982 4235,4006"/>
                <Baseline points="4251,4120 4263,4126 4352,4126 4442,4126 4532,4126 4621,4126 4711,4120 4800,4114 4890,4108 4979,4102 5069,4102 5159,4096 5248,4096 5338,4096 5427,4090 5517,4090 5606,4084 5696,4084 5786,4084 5875,4084"/>
                <TextEquiv>
                    <Unicode>Gabinius. Nur Senatoren sind.</Unicode>
                </TextEquiv>
            </TextLine>
            <TextLine id="tr_1_tl_22" custom="readingOrder {index:21;}">
                <Coords points="5590,4331 5658,4291 6019,4315 6059,4275 6308,4323 6436,4263 6584,4307 6612,4299 6608,4094 6392,4106 6304,4162 6107,4086 5843,4154 5746,4102 5586,4130"/>
                <Baseline points="5612,4239 5702,4239 5792,4239 5881,4245 5971,4239 6060,4233 6150,4239 6239,4239 6329,4245 6418,4251 6508,4251 6598,4245 6622,4245"/>
                <TextEquiv>
                    <Unicode>Nur Senatoren</Unicode>
                </TextEquiv>
            </TextLine>
            <TextLine id="tr_1_tl_23" custom="readingOrder {index:22;}">
                <Coords points="4267,4403 4323,4419 4423,4371 4491,4387 4583,4355 4640,4375 4696,4359 4700,4174 4652,4166 4612,4202 4543,4166 4507,4182 4359,4170 4295,4210 4267,4206"/>
                <Baseline points="4287,4299 4347,4293 4436,4287 4526,4287 4615,4287 4705,4293"/>
                <TextEquiv>
                    <Unicode>Servius.</Unicode>
                </TextEquiv>
            </TextLine>
        </TextRegion>
    </Page>
</PcGts>
