4440 5608
1390 582 3407 811 Was dächtet ihr,wenn ihr zum Tod verwundet
1405 754 3401 977 Hier auf dem Boden lägt, wenn euch das Blut
1402 953 3537 1158 Aus eurer Wund' entströmt' und ich euch sagte
1443 1123 3291 1331 's ist nur das Blut! - O mein Gabinius,
1423 1286 3288 1503 In unserm Blut liegt alle Lebenskraft -
1426 1432 3552 1678 Es fliesst dahin - und unser Leben schwindet.
1432 1690 3282 1835 Mein König, wenn der Adel euch verlässt,
864 1705 1241 1889 Fabius:
1452 1794 3665 2049 Das Volk hängt treu an dem geliebten Herrscher.
1452 2008 3843 2207 Und wenn es mich auch wirklich liebt - ich glaub’s,
897 2017 1301 2248 Servius:
1464 2156 3766 2397 Dass es mich liebt - kann seine Macht mir helfen?
1467 2343 3647 2581 Wozu sich selber täuschen? Nur ein Schlaftrunk
1458 2533 3695 2721 Ist Selbstbetrug,und durch den Lärm des Lebens,
1479 2700 3534 2920 Der Wirklichkeit sind wir gar bald erwacht.
1476 2920 3597 3086 Das Volk ist gut - doch fürchtet es den Adel,
1497 3095 3701 3249 Und kommt's zum Kampf, - gewiss, der Adel siegt.
1506 3246 3401 3439 Darf ich in also düstrer Zeit ein offnes
924 3276 1393 3457 Gabinius:
1518 3418 3484 3603 Und wahres Wort zu sprechen mich erkühnen?
1518 3582 3493 3781 Ihr wisst, dass ich nur Heuchelei verachte.
950 3585 1348 3834 Servius:
1521 3784 3493 3974 Nun denn. Verzweifeln ist nicht königlich.
968 3861 1393 4018 Gabinius:
1524 3941 3237 4188 Ruft eure Treuen alle in die Waffen!
953 4051 1316 4200 Fabius:
1535 4125 3359 4366 In meinem Rom ein Bürgerkrieg! Weh, weh!
962 4185 1366 4363 Servius:
1530 4327 2504 4529 Hier naht ein Mann -
980 4357 1339 4535 Fabius:
2412 4363 3594 4636 's ist Claudius,wenn mich
974 4550 1443 4716 Gabinius:
1547 4660 3451 4859 Die Dunkelheit nicht täuscht.- Er ist’s.
1559 4871 2388 5099 (Claudius kommt).
