8120 5128
4279 526 4588 718 27.
4215 697 6869 1031 Nicht jede Fiber, sträut sich nicht dein Haar
1361 697 3006 1027 aber kaltlos unterm
4229 860 6813 1123 Und werden deine Augen nicht zu Glas?
4165 1031 7022 1347 Ha deeken! Jetzt! Sehn und wahnsinnig werden,
1112 1173 3859 1549 Servius (erblickt den Teichnam des Aruns und
4190 1208 7040 1532 Wer jetzt mehr fähig ist, war niemals Mensch,
1194 1425 3866 1716 Er stürzt wie wahnsinnig zur Seitenthür, als wollt
4176 1418 6240 1695 hat nie gefühlt, hat keinen je gekannt,
4172 1560 6727 1852 der lieb ihm war und der ihr selbst geliebt,
1187 1599 3891 1901 er wegen und sieht von der aus starr auf
4275 1706 6674 2047 Ist bar und ledig jeder Menschlichkeit
1254 1859 2278 2107 den Leichnam)
4225 1876 6713 2196 Hörl ist? Versteht ihnmich? Und habt ihr jetzt
1191 1951 3916 2296 Gab. Wir müssen ihn aus diesem Saal entfernen
4229 2051 6773 2395 Noch Kraft zum Denken? Oder ist auch auch
1237 2122 3671 2438 Tob. Wie ein Wahnsinger starrt er hin.
4264 2257 6717 2562 Gleich nur der Anpfe, starre Woche sinn näher!
3195 2278 3831 2527 Lasst uns
1233 2321 3120 2687 Gab (geht näher zum König)
4279 2409 6770 2747 Gab. (geht in die Halle, die sich von der
1333 2456 3980 2800 Jetzt denken, wie wir Rom zu er Rache rufen.
2974 2623 3305 2765 bruch
4240 2569 6638 2896 Thüre im Hintergründ nach rückwärts er¬
1105 2662 3376 3003 Servius (in furchtbaren Ausdruck)
4264 2783 5515 3035 streckt, und ruft.
1290 2811 4023 3102 Ha denken, sagst die.. - Meinst du, es ist jetzt
4332 2928 6894 3266 Ihr Bürger Roms! Versammelt auch! Esgelt
1368 2996 4034 3312 zum Denken Zeit, jetzt Zeit zum Überlegen?
4222 3085 6823 3380 Die Klagen eures Königs rächen! Aviel
1315 3145 4076 3540 Zu nichts ist jetzt die Zeit, als nur zum Wähnser
4247 3277 6596 3579 Und Tullia die ältre sind gemordet
1315 3305 4044 3660 Einzig zum Wohnsinn – Überlegen, denken¬
4243 3476 6102 3731 des König Roms ruft wehe!
1322 3529 3913 3895 In seinem solchen Augenblicke denken.
4243 3628 6837 3959 Serv. Tull. (erhebt sich u. wenig v. Telliastache) Wehr /wehr
1393 3682 4023 3987 Gedanken fassen in dem Haus des Todes?
4332 3803 6535 4090 (Klagerufe auf der Straße. Volk
1425 3859 3948 4201 Scheucht dieser Anblick dir nicht jeden Sie
4289 3998 5786 4332 ström. in den Saal.
1375 4030 4108 4350 Von hinren? Nacht bei diesem Anblick nicht
1226 4211 4023 4574 Dein Herz in Eis zusammen, graußt dir die
