4440 5832
2028 668 2260 832 Seite
1391 782 3867 971 (Sie sind bei der Türe angelangt.Fabius kommt schnell
1391 995 3876 1172 durch dieselbe ihnen entgegen; alle drei bleiben ste-
1360 1156 1669 1311 hen).
1354 1305 3391 1543 Ich störte euch in wichtiger Unterredung -
807 1301 1178 1515 Fabius:
1366 1502 3645 1740 Verzeiht, wenn ich nicht widersteh'nd der Neugier
1379 1675 3144 1895 Euch frag' - als Senatoren frage, was
1379 1870 3453 2062 Ihr für den Staat Heilsames jetzo ausdenkt -
1366 2056 3651 2266 Doch eines gleich zur Richtschnur eurer Antwort
1379 2241 3419 2374 Ich weiss von ungefähr, was euch beschäftigt
1385 2414 3586 2529 Drum bleibt - womöglich - bei der Wahrheit nur.
1373 2575 3496 2723 Ihr wisst von ungefähr, was uns beschäftigt -?
819 2556 1249 2754 Claudius:
1369 2757 3447 2927 Dann wisst ihr ja genug für jetzt, lebt wohl!
1366 2931 2158 3063 Talassius, kommt!
1379 3014 3703 3252 (Mit Talassius an Fabius vorüber, Fabius tritt vor,
1373 3267 3632 3407 nachdem er ihnen einige Augenblicke nachgesehen)
3172 3363 3561 3524 (Ziele!)
1385 3456 3317 3629 (noch nachsehend) Ich kenne: Deinen Plan!
801 3459 1156 3595 Fabius:
1354 3614 3178 3818 Abtrünn'ger Bürger und Senator Roms 2)
1391 3815 1966 4031 (vortretend)
1354 3963 3057 4192 O so ist alles wahr, und was ich mir
1354 4155 3150 4356 Zu glauben kaum getrauen wollte, steht
1360 4349 3592 4578 fast greifbar schon vor den entsetzten Blicken.
1385 4529 2124 4708 (kommt schnell)
807 4535 1246 4689 Gabinius:
1354 4674 2637 4927 Nun, nun, erfuhrt ihr neues?
2519 4872 3243 5076 Was wir ahnten
791 4788 1184 5033 Fabius:
1366 5039 3549 5227 Hat sich erfüllt. Dünkt euch die Nachricht neu?
1360 5206 3397 5413 So glaubt ihrs also Zeit, dem König selbst -
794 5196 1264 5394 Gabinius:
