8072 5544
4331 683 6062 958 Nie dies von craciren aber stets bedrag.
4327 865 6474 1220 Und Ich nicht lassen werde, bis es endlich
604 950 2241 1269 doch der Gedbeke, der aufgest. so oft
484 1109 3062 1429 Bof alte Sinn gefangen nums – dort denken: den gemein Sinn
4322 1109 4611 1384 Erfe
484 1211 4051 1593 u. An eine das doch nicht dem Geakeken nicht ihm nicht wehren Korn, wie
4380 1189 6062 1491 die dich mit neuen Kräften stets bedragen.
4411 1367 6190 1713 Und dich solang nicht auf lassen werden,
2445 1416 3350 1704 gern er wollte
4375 1606 4957 1819 bis endlich
4362 1668 6306 1961 d. a. Schwester, spricht nicht aus.
639 1664 1384 1952 Oh der Gedrucki¬
4349 1784 7597 2130 d.j. bis-alles sich erfüllt hat. – Sich nicht zu erloren
1513 1775 2569 2063 Ist noch mehr geliebt
590 1828 4060 2201 Dia. Die pooste gekunft! – Die gewaltze Hoffe Ernst die allerichte
639 1877 892 2134 d.j.
4362 1957 7309 2316 So xxx Du in das Leere siehst - O lieb Schwester.
674 2094 3084 2387 Im Amkreis der gewaltigen Stadt zu sein,
4340 2152 6346 2538 Es macht sich eines jeden Boes erfüllen,
697 2263 2197 2587 Von allen ehr fürchtsvoll,
4327 2343 6443 2640 Wermag da rechten über früh und spät?
670 2410 2609 2778 Die einzig herrschende - zu fürchtete
4366 2498 6541 2853 Getröstet kehre heim und Eige xyz glärt mir,
754 2636 1895 2946 2. Spokte nicht!
4380 2662 6412 2969 Waswenns Ficius Tagius eine Gatte,
728 2680 3772 3057 d.J. vormis erweicht Sjo. Wie? Spott, ich wenn ich seyn,
4402 2711 6954 3195 da ging es mir nicht anders! Nicht unter dacht ich selbst
710 2955 2157 3293 daß sie M. künftyn Rozyn
5454 3000 6421 3266 Und die glaubst mir,
701 3053 2742 3452 Hier steht die künfse Kögi um Romi¬
4398 3093 4717 3293 d. a.
643 3204 3359 3550 Da. Auflaubst, ich liebe meinen Vater nicht.
4420 3199 5356 3546 daß ich den Vater -
5374 3302 6252 3586 O die wünschaft ihm,
617 3430 2809 3696 — Dd.h. Vollkommen fass' ich Dein bewegtes Herz
4491 3483 4753 3652 D. J.
4464 3461 6461 3865 daß lege noch sein sogar auch sein Werk
1735 3523 3404 3883 Kund - jedoch doch bist du
732 3612 2108 3945 Schweiss, die bist ein gutes
4517 3683 5684 3958 & unsem Roma Glück
728 3767 2813 4038 die wirklich gute so öffends sein
1123 3816 1487 3963 Jasam
4540 3767 7060 4162 daß seine gesegnet Herrschaft meld nur sprechenh
861 3870 2836 4136 Wenn der geregte Geschwell wie bisherregt
808 3865 3333 4207 was — also wirft die Hoff¬
5795 3927 6528 4100 Gemd Riwensche
4553 3967 6741 4362 Noch lange, lange wahrts mochte, und sie wird geht,
3057 4034 3346 4145 die
812 3954 4185 4411 Auf die geraltze uhr nahe Zeit, Aufe auf und zweckgekrecht
6856 4065 7291 4322 Zschfätte
4464 4140 6621 4451 d. a. Wasühr — was jedes edle Mensch¬
794 4247 2667 4566 In Unruch den Sinne hin und her;
4420 4335 6252 4659 Gern deinen Gatten Arnd Hertjesprach
825 4371 3235 4761 Und angestroll suchst die, arm, sich zu flüchte
865 4575 3217 4970 Vor dem ao ligen Gedank Schönen.
