8072 4888
958 994 3580 1298 Tal. Was langsam sich zur That gestaltet, spracht ihr
1056 1197 2282 1443 In schnellen Worten aus.
1985 1345 3070 1627 Schnell folgt die That.
1031 1378 1541 1588 Claudius.
1067 1508 3103 1786 Schon pflanzt ich in Targuenius den keine
1056 1674 3240 1924 der bald erblichen soll. Sein heltsam Wesen,
1013 1837 3074 2119 Das sich bis jetzt noch selberunklar war
1056 1978 3472 2293 Will ich zur Klarheit stötzer Größe wandeln.
1642 2166 1823 2282 (up)
1074 2177 3088 2423 Wen er bis jetzt, traumhaft verschlossen bald,
1150 2354 3193 2593 Bald wieder frisch in lebenslust sich badend,
1179 2499 3240 2738 Ein kaum bewußtes Feuerin sich nährte
1157 2654 3367 2911 So soll er jetzt, ein Held vor uns erstehen
1924 2806 2954 2926 es sich umgärten, mit der frischen Kraft
1146 2813 3323 3027 Und sich umkleiden mit der ganzen Weise (?)
369 2889 749 3030 man
1121 2969 3287 3255 des kuhn erwachten, freien Thatendrangs.
380 3009 980 3186 ihn erwachen.
101 3164 980 3331 aber als ein küherr kau man
1005 3121 3909 3399 Talassus. Und ihr allein wohlt alles das vollbringen?
221 3265 875 3450 erwachen. Th.
1110 3312 3421 3598 Claudius. Talassiu 6, - nicht ich allein. Mit mir
159 3356 1031 3548 Nur bei ganz besonderem wird der
188 3486 1063 3598 Meine so gestellt, an die Spitze,
184 3540 1052 3634 Stunde das nicht ich allein nicht hier, denn
1121 3472 3421 3768 Verbündet sich der Zauber trunkner Liebe!
203 3605 969 3681 wäre es schön u. notwendig diesem
188 3667 1013 3768 stellung beizuhalten, in der
199 3721 1034 3891 fassung muß es heißen: Noch..
1128 3638 3508 3909 versteht mich wohl und hört auch meine Worte,
213 3804 423 3887 at: -
1128 3815 3786 4083 Schnell nicht ich sein, daß ihr mich gleich begreift —
1114 3974 3323 4209 Taquinius liebt nicht sein eigen Weib,
1168 4137 3681 4412 Er liebt wahnsinig, — doch die Glut verbergend.
94 4166 835 4390 ler liebt, liebt bis zur Trahusen
1164 4318 3595 4589 die ihn vorgehrt, - das seltsäu schöne Weib,
7348 618 7818 864 1. Aufg. 1. De
6477 557 6791 919 F.T.
4090 629 5497 980 Das seinem Bruder angehört.
5442 875 5923 1110 erliebt.
4032 897 4661 1150 6/5 Talassuis
4115 1023 6871 1280 Claudius. Onicht genug – erliebt und wird geliebt
4119 1197 6003 1450 Talassius. Von seines Bruders Weib
5876 1324 6676 1544 Sie haben’s sich
4133 1410 4636 1616 Claudivis.
4180 1537 6220 1776 Noch nicht gestanden, was sie beide fühlen,
4126 1660 6184 1873 Und drängen in das Juniße des Busens
4115 1837 6075 2116 Ihr überschwellend volles Herz zurück¬
4119 1967 6158 2267 Talassius, sie sollens sich gestehen: "
4137 2155 5826 2416 das sie abrückend zauberhafte Weib
6965 2325 7703 2492 wie wäre.
4148 2293 6249 2560 Soll an der Brust des geist geliebten liegen
5012 2474 5178 2611 (9.)
6976 2369 7898 2687 Im längerscheten
4173 2495 6231 2763 Und er in nie geegten Wortoumel
4166 2636 6404 2911 Sollruhn in ihrer glühenden Umarmung.]
4151 2803 5761 3117 Ich kenne Tullia; ihr stolzer Sinn,
4173 2969 6422 3262 Der nach dem Höchsten strebt, ihr kührer Mut,
4191 3106 6531 3403 Der nicht so bald zurückschreckt, ist auch wohl,
4184 3312 6097 3591 So gut als mir Talassius, bekonnt,
4831 3464 5269 3616 bundt sich auf
6368 3392 7779 3681 "gründet sich: ist ganz gut.
4217 3457 5920 3772 Und darauf gründe. Ich mein Plan.
5511 3623 6195 3891 Ich glaube
4209 3667 4734 3877 Talossius
4217 3822 5092 4083 Euch zu verstehn.
5103 3934 6538 4191 Was uns unmöglichist,
4198 4007 4687 4184 Aaudius
4206 4112 6437 4397 Wollbringe sie; dem heißen Sinnesrausche
6473 4249 7952 4535 Gelinge, was die Urglist nicht
4253 4289 6162 4614 Gelinge, was die Kisten nicht erreichen,
7703 4426 7905 4542 man
4976 4466 5439 4622 Tfe Sis Koun
5656 4444 6748 4632 Die Arglik nicht vernag.
