8120 5048
1408 1114 3296 1499 Einige (ganzleise) Ist er todt?
1393 1374 3998 1646 D. Bürger. Sie sagen bald ja, bald nein — wir
1487 1578 2201 1782 weisses?
1468 1680 3922 1963 Viele. Laßt uns zum Palast eilen. Wie
1476 1955 3265 2174 müssen ihn sehen und kann
1404 2057 4013 2359 Maréna. Mancher sich glücklich precht¬
1465 2227 3960 2586 wenn wir unsere König lebend
1434 2442 2329 2692 sehen. finden.
1416 2514 3643 2895 Alle. Zum Palast, zum Palest!
2193 2794 2722 3001 Alle ab.
1774 2892 4047 3194 Claudius a Falassius aus dem Hause.
1721 3111 4024 3416 Sie gehen langsam über die Straße
1416 3296 4058 3628 Claudius. Vollandet!- Nun talassins! Was
3035 3469 3866 3749 sagt ihr?
1416 3552 3160 3968 Talassius. Ihr kautetischn.
2492 3824 4100 4066 Wie dünkte auch sein Wesen¬
1457 3847 2061 4020 Chaudins
1484 4017 3039 4315 Tal. Es überraschte mich.
2197 4175 3790 4477 Was sofft ihr von ihm?
1310 4224 1714 4466 Claud.
4239 808 4451 1065 23
4239 1065 7274 1434 Talassius. Ich hoffe - die Erfüllung unsrer Wünsche.
4217 1272 6897 1582 Claud. Die völlige Unterdrückung der Klebzer¬
4190 1408 6969 1774 Fol. Nun ja, - dies war ja unser Ziel. Doch furcht ich.
4183 1616 6935 1940 Auch manches in der Folgezeit heraus.
4186 1842 5670 2148 Claud. Wahrhaftig -!
4783 1982 7172 2265 Sagt doch, Cloudius, scheint auch nicht
4186 2035 4462 2239 Tal.
4168 2140 6708 2401 Das Wesen des Targuinius allzustolz¬
4217 2352 6089 2631 Past sagte ich tyrannisch!
5564 2499 6644 2748 Ja, es scheint.
4190 2518 4609 2763 Caud.
4194 2673 6920 2944 Doch, bester Freund Talassius, strenget nicht
4186 2839 6950 3186 Das Auge eures Geistes an, in ferne Zukunft
4183 2997 7165 3348 Zu schann. Begnügt euch mit der Gegenwart,
4164 3175 7157 3515 Glaubt mir. Auf die gibt euch genug zu denken!
5262 3364 5923 3628 Vorüber.
4390 3481 6527 3817 Die ältere Tullia u. Barquinius
4258 3832 6791 4224 Targn. (zurück) Ihr bleibt vorerst im
5428 4054 6923 4353 Vorsaal meines Hauses.
4277 4171 7154 4564 D. a. 2. Omas vollbrachtest du, Larguimus.
