4376 5640
3731 470 3891 640 24.
1453 539 3410 805 Mit einem Mal in eine Zeit versetzt sieht
1657 699 1814 805 ist
1453 769 3150 1009 Die es zu ahnen kaum gewagt. Jedoch
1465 975 3533 1168 Ihr kennt den Haufen eben nicht.- Den Dünkel
1451 1138 3105 1356 Der aufgeblas'nen Menge solltet ihr
1434 1322 3452 1529 Mit eignen Augen einmal sehn! Ist's nicht,
1434 1515 3508 1738 Als dünkten sie sich gleichgestellt mit uns,
1425 1674 2988 1878 Mit Romas hohem, altgebornem Adel,
1501 1764 1671 1856 G.H.F.P.
1437 1859 3678 2079 Und thun so stolz als wär'n sie unsresgleichen?!
1417 2052 3642 2247 Und wir - wir dulden das? Nein nein! - Ihr aber
1417 2161 3642 2434 Ihr kennt den Haufen eben nicht. Wie soll ich's
2250 2303 2471 2437 ganz
1403 2348 2932 2597 Versuchen, euch ein getreues Bild
1406 2580 3477 2767 Des röm'schen Volks vor euer Aug zu zaubern?
1400 2731 3161 2949 O kanntet ihr sie nur! Und kennte sie
1395 2901 3259 3139 Der grosse König unsrer mächt'gen Stadt
1384 3086 3592 3329 Die Plebs uns gleich!-Wenn auch in allem nicht,
1381 3253 3284 3480 So doch in allzuvielem! - Seht euch vor,
1378 3449 3334 3631 Dass dieses Volk nach neuen Rechten stets
1350 3645 3497 3843 Mit gier'gen Händen haschend nicht die hohen,
1358 3821 3133 4011 Die adligen Geschlechter überflügelt!
1353 3969 2940 4218 An äusserm Ansehn überflügelt und
1350 4204 3119 4371 Am Antheil an der Mitregentschaft. O,
1353 4349 3206 4578 Wär' ich der König Roms, ich bliese bald
1344 4556 3223 4746 Die Volksversammlungen,wo sich der Haufe
1339 4676 3284 4936 In mächt'ger Einfalt zu einfält'ger Macht
1325 4900 3125 5118 Aufbläht, mit einem Hauche auseinander!
1434 5065 2180 5297 Indes lebt wohl.
