4376 5832
1929 593 2546 822 Zu Seite 10.
789 798 3166 1013 11 Es ist xxx Voll des Gefühles ihrer unverdienten
1397 974 3090 1219 Fest unumschränkten Unabhängigkeit,
907 1019 1346 1237 len: (Mem
1412 1200 3226 1343 Die uns Patriciern unerträglich dünkt.
1421 1358 3435 1518 Vergiss nicht, dass du vor dem König stehst,
856 1346 1312 1551 Claudius:
1409 1560 3278 1730 Und mäss'ge deine Worte. Wär ich König
1421 1730 3332 1863 Und sprächst du so zu mir, so möchtest du
1409 1854 3378 2065 Nicht lange mehr in freien Lüften athmen.
1427 2071 3326 2238 Doch um dir meine Ansicht mitzutheilen -
1451 2259 3879 2401 's ist dennoch Schein des Rechts, nicht Ueberzeugung,
1409 2440 3465 2609 Mit dem du deiner Worte Schwall umkleidest.
1427 2591 3465 2743 Denn, bester Freund, gewiss gab’s Augenblicke
1430 2767 3108 2909 In deinem Leben auch, wo du im Geist
1436 2960 3254 3130 Das Dasein eines armen Mann's 1) bedacht
1421 3099 3749 3275 Und Dir's trotz allem nicht verhehlen konntest -:
1412 3293 3777 3444 Auch solch ein Mensch muss leben und hat Anspruch
1421 3471 3251 3662 Auf Freude und Genuss wie jeder andre.
1445 3671 1981 3837 (missmutig)
862 3680 1364 3834 Talassius:
1421 3843 2546 4019 Und dieser Worte Zweck?
2461 3976 3114 4185 Es werde klar
874 3997 1327 4197 Claudius:
1445 4170 3211 4384 Und offen zwischen uns. Denselben Weg
2495 4288 3326 4421 (die Absicht) (die)
1433 4403 3254 4557 Betratest du und ich. Das Triebrad, das
1436 4517 3653 4741 zum Handeln dich trieb, ist Verschwendungssucht,
1427 4714 3632 4874 Ist Stolz, ist Uebermut - nenn's,wie du willst.
1430 4920 3659 5056 Was mich treibt, ist zumeist die Freud am Neuen,
1424 5059 3574 5292 Die Lust am Umsturz, Thatendrang und Wildheit.
