4424 5688
1362 687 3528 883 Noch jetzt mit Bildern einer schönen zukunft.
1371 852 3339 1100 Was seid ihr? Meine Sklaven; wenn ihr auch
1374 1069 3712 1244 Des eig'nen Willens noch nicht ganz beraubt sied.
1393 1206 3143 1436 O wollet nur! Hegt freieste Gedanken,
1399 1387 3317 1626 Das mächtigste lasst euern Busen planen,
1405 1595 3376 1819 Erfüllt die Brust mit kühnstem Tatendrang;
1408 1781 3808 1980 Sehr edel ist ein schönes Wollen; doch Nicht-können,
1411 1927 3361 2164 Das ist des Wollens kläglich Trauerkleid.
858 2157 3357 2310 Tarquinius: Ich bitte dich, lass uns von hinnen gehen.
1418 2300 3401 2475 Da kommen Menschen;jetzt vermag ich nicht,
1418 2493 3221 2698 Mich unter ihnen zu bewegen. Komme - -
1430 2639 3855 2860 (Beide ab;Fabius kommt ihnen entgegen;stummer Gruss
1433 2817 3933 3053 und Erkennen. Fabius sieht ihnen ein wenig nach.Gabi-
1446 2981 3457 3211 nius kommt von der entgegengesetzten Seite)
1464 3227 2605 3423 Treff' ich euch endlich.
883 3280 1337 3417 Gabinius:
2506 3305 3631 3516 bringt der Augur Trost?
889 3454 1278 3609 Fabius:
1464 3516 3796 3783 Wenn ihr nicht Rettung bringt und Heil - ich steh
898 3631 1352 3833 Gabinius:
1458 3734 3687 3905 Fest mutlos da;mir selbst kaum mehr vertrauend.
1467 3898 2916 4150 So wandte keiner sich zu uns—?
926 3942 1281 4128 Fabius:
2820 4091 3323 4222 Von denen,
911 4178 1383 4321 Gabinius:
1489 4243 3594 4449 Die sich von uns schon abgewandt, nicht einer,
1483 4402 3563 4629 Und wen’ge fand ich, die noch treu geblieben.
1498 4585 3252 4834 O ewige Götter! Die Vernichtung eilt,
939 4672 1299 4847 Fabius:
1505 4800 3065 5002 So bringt auch ihr nicht Rettung?
945 4878 1399 5058 Gabinius:
2981 4940 3656 5142 Keine Rettung!
945 5049 1315 5254 Fabius:
