8072 5000
1292 750 2846 1050 Gabienis. Von denen, die sich
1292 951 3877 1243 die sich von uns schon abgewandt, nicht einer,
212 894 1016 1217 Diese ganze
4802 1088 5791 1326 Zweite Senne.
1296 1129 3608 1345 Und wen'gefand ich, die nochtreu geblieben.
235 1156 985 1368 Bofr. Heene
4912 1239 6238 1471 Salast des Sericus Tullius
1292 1270 4048 1558 Fabris. Oewige Götter! Die Vernichtung eilt? unwegendig:
167 1323 1061 1592 heit gar nichten zu
5116 1421 6219 1630 Servius Tullice. Aruns
371 1467 3415 1717 unten, die Hand Gabin. So königt auch ihr nicht Stellung?
2964 1599 3813 1846 keine Rettung!
4017 1531 4245 1808 3/2
356 1668 1179 1865 ist sein dem
1296 1656 1687 1815 Salius.
4116 1732 6439 1963 Servius. Ich spreche mein bedingungsloses Nein¬
1342 1781 3813 2035 Gebenis. Die einen sprachen ihre trotzige Gesinung
421 1778 1205 2031 im Akt nicht
4063 1895 6159 2149 Arues. So sagt' ich selber nur im Herzen schon
409 1986 3422 2179 geschritten, man Inhöhnscher Rede aus, die andere wieder
4192 2031 6265 2323 Doch jetzo gilt, des Königswürt Ansehn
1304 2084 3172 2354 Umgingen listig meiner Fragen Sie¬
470 2157 1114 2388 ie ihn ein
4169 2240 5784 2467 In seiner ganzen Macht zu zeigen.
1281 2244 3290 2513 Und also komm ich, jeden Trostes bar.
515 2297 1027 2513 Mörlen
4124 2422 4518 2558 Servs.
1285 2391 3710 2672 Gabin. Einhöchst geheimnisvolles Wort hört ich.
504 2426 1080 2664 sagen wird
4112 2547 6322 2789 Die schlimmen Zeiten sollen stark mich finden,
6678 2486 7292 2755 1.m 1st 9.
1292 2570 3510 2850 Man sagte mir, In der Verschwornen Mitte
455 2589 1103 2808 n 12 Se
6602 2687 7845 2952 abschen nicht vorbereitet
4101 2661 5996 2983 Wenn auch gewappnet und gerüstet nicht
1326 2733 3165 2952 Regeere Fucius Largin um es selbst
496 2778 1122 3036 gebraucht
4938 2865 6235 3108 Fabius u Gabinius schwell.
1281 2899 3278 3123 Und sei ihr Führer, ohne es zu wissen.
4116 2990 7053 3259 Seraus (ihnen das Sprechen während.) Ich weiß -.Hier steht mein Bote.
1292 3077 3093 3309 Fabius. Verstand et ihr nur recht.“
5833 3187 6572 3407 Arms selbst?
4097 3237 4465 3449 Fabius
2733 3214 3794 3502 Als ich noch weiter
1270 3278 1785 3479 Gabinius.
4105 3358 6379 3627 Gabin. Beim Jupiter, er kann nicht alles wissen
1273 3381 3589 3669 Erregt die Tragen stellte, blieb man stumm.
4124 3521 6898 3733 servius. Nicht alles -? Wißt ihr mehr abdas! Swill
1247 3540 3237 3828 Diabius. Jetzt müssen wir zum König
4158 3680 5969 3953 Höchst ungerechtes der Knat von mir
2767 3733 3600 3953 Laßt unteilen!
1236 3775 1630 3995 Gabin.
4180 3847 6235 4093 Und sagt, erfüll' ich das Gebotne nicht
1182 3866 3691 4158 Pabius. Targuimus ihr unbewußter Führer?
6985 3983 7906 4237 klagenswertes wol, über kläge
4196 4010 6185 4283 So könne sich gar klägliches ereignen,
1236 4070 2217 4340 Wasglauen sie
288 4108 864 4355 Ich au wieder?
4211 4199 5814 4487 Er sei nicht Schuld daran!
1232 4139 3513 4521 Gab "Weilnicht zur That sich wandelt".
2210 4412 2861 4631 (beide al.)
