8072 5400
724 826 4138 1173 Und hiebt schwebt im dunkel ob meinem Leben dunkel hin¬
762 1008 4019 1338 Mag ichs =? Ich da, - ich voll nicht gatten. Rall
424 1076 639 1359 SJ
745 1169 3943 1525 Und starren Stuts will ihnen Wirkfallesen,-
483 1309 673 1482 b. 2
771 1359 3668 1715 Last diserbli tg (blattet) yen immer nahe. (a zöge).
487 1486 703 1664 Or
1838 1567 3189 1791 des Jacques Tod-
521 1647 716 1796 On
983 1630 4044 2012 Erbeginnt zu lesen, tief erschüttert es offert
508 1770 733 1969 Die
855 1813 4066 2198 schwer. Clandius kommt. Er steht beide Thüre.
944 1906 4235 2367 Clandius. Er harrt das Volk Adel. St.
534 1952 707 2198 9
576 2156 758 2346 9e
2494 2177 3845 2465 Dummkrauen wartet.
551 2325 754 2469 Sr
872 2325 3816 2672 Rings um das Volk – erscheine dennen Schmuck
911 2465 4227 2854 der ganze Rügswurde umgärt dich mit Die Käz war,
885 2842 4108 3219 Dein Geist längt schon besahr - nun wir sie die
898 3032 4032 3316 Von Romay dargebracht. Nimm 6. Die Kröne ist
843 3214 3452 3477 Ihr bereit für Lucien cargues Zagt.
868 3312 4155 3663 Targn. Jchk (Toulos) Jfkomn. (Clàdussel)
1351 3447 4184 3867 Man sieht, wie die Senatoren sich noch
2583 3676 3422 3854 nal a last he
877 3651 4260 4074 Fogu (Hleuderl das Buch weit vor sich.) Nie mehr
2516 3913 3269 4150 niemahl.
4426 707 5226 1004 pr amil sein.
4358 728 7407 1131 und (Erniert sie Schwet und geht den Kommden enth,
7458 783 7640 1012 1
4375 1063 5332 1372 schwell ab
4925 1326 7483 1914 Der Vorhang fällt.
5853 1965 6264 2257 Ende
