8072 4968
4099 734 6311 1019 Als wieder wie Minerva aus den Haupt
1343 801 3266 1122 des mächtigen Darquininus erzählt!
4117 929 6175 1218 Des großen Pugiten, so er aus dem Geist
1200 965 3504 1261 14/6 Wer von unfallen schate sich nicht selbst,
4035 1086 6588 1396 30/6 des ruhm gekronten Vaters selbst entsprossen,
1389 1172 3041 1439 Solch ruhmverklärte Tage zu erleben,
4056 1271 6339 1535 Gaducus Barquimus wird regieren.
1378 1239 3725 1553 Und selbst zu kämpst, in der wilden Schlacht¬
4095 1346 6959 1677 Torga. Mich haut es weniger, eben nur zu herrschen,
1303 1471 3978 1688 Claudias. 17.1.) Beim Schars! In einem Zuge so viel Waffür
4056 1574 6535 1873 Als künftighin die könig, Rom zu sein.
1296 1624 3981 1930 Hört ich schon lang nicht! (zum Volk) dieser Monat Rehl.
3333 1752 3586 1884 (Gen.)
4879 1727 6567 2030 (Bei fällige Bewegung im Volk.)
1353 1788 3907 2073 Ein krieg'sch Volk vollstathom kühnend Ehrgeg
4053 1877 6855 2119 besites. Findet ihr ist so geheimnisvoll? Erdte
1492 1959 3536 2247 Auszug auf folgert xxx und rings um mich ists still
1328 1973 1994 2176 Sesich vor nie
4060 2044 6863 2318 ist ken neue nur einer noch einen unverständ¬
1300 2108 3494 2404 Und schlößig von des Friedens Überfluß.
4078 2208 6895 2504 lichen Charakter. Mir ist jeder Zug klar, aber jeder zu g.
1325 2251 3326 2568 Sist wahr - für so viel Streben wenig lßt
4099 2361 6866 2642 Claudus. Cains. Doch Clandus ist so ungewiss als früher.
1282 2411 3871 2692 Und für die Schlummern allzuwel des Wollens
4124 2521 6816 2842 Quintus: Glaubt ihr mirs, wenn ich auch sage, daß ich die¬
1254 2607 3725 2870 doch tröstelauch! In das Verquinnus Stamme
4081 2682 6706 2970 sen Cloudins jetzt kenne, wie mich selbst? Ich
1282 2739 3308 3052 debt jene ewige kompfesfreudigkeit
4078 2895 5719 3166 habe noch nie gelogen, cariis.
1250 2874 3868 3230 Wen auch Torquimus längst schon hin gegangen.
4071 3009 6749 3316 Cönig. So wahr ihr noch nie gelogen habt, glaub ich auch,
1246 3059 3697 3376 Ein neuer aus dem mächtigen Geschlecht.
1567 3251 1902 3408 Rechigt)
4078 3184 6845 3508 daß ihr das Wesen des ungewissen Claudius versteht.
1229 3255 3679 3476 kommt auf den Thron des vielgewaltgen Rom.
4092 3358 6841 3636 Pargu. Doch bereitet nur weiter die Jacqueschen Keste
1232 3433 3380 3707 Wech der Regierung unseres jetzigen Königs
709 3390 1168 3732 (Holprig.)
4071 3543 6916 3807 vor. Ich weiss - das wünsche Volkliebt es, seine großen
1200 3583 2991 3807 Wird Suxius targunius, der Sohn
1218 3754 3529 3989 Das hingeschiednen, macht umstrahlten Biscus
4088 3736 5135 3992 Männer zu Friern.
4071 3789 6781 4195 Rienter. Hn, was sagt ihr Marcus? Es geht doch
1243 3910 3048 4195 der Erbe seines königlichen Smis,
4095 4099 4833 4295 etwas vor.
1200 4071 3682 4391 Im allsogleich an Ehrgeiz, kühnen Streben,
4110 4177 6684 4544 Parqu. Ich dank meinen Römern, daß sie stets
1168 4241 3857 4605 Und allein, was auf den Herrschen schmuckt,
