4424 5800
1447 903 3087 1033 In eure Hand sei alles denn gelegt
1458 1074 3264 1273 Euch trau' ich mich und meine Liebe an
1458 1254 3228 1422 Und meinen Ehrgeiz. Euer bin ich ganz
1444 1359 3269 1626 Mit allem meinem Wollen und Empfinden,
1452 1602 3545 1770 Mit allen meinen Plänen, die dem Sturm gleich
1447 1759 3518 1952 Die tiefen Wogen meines Geist's durchwühlen,
1452 1977 3162 2154 Aus dem sich dann,gewaltig, wunderbar
1447 2104 3584 2308 Die mächt'ge That zum Tageslicht hervorringt.
1452 2281 3667 2485 Sie selbst lag längst in euerm Geist verborgen,
892 2270 1347 2452 Claudius:
1452 2480 3598 2681 Des Sturms nur, des hochschwellenden gewärtig
1436 2676 3396 2839 Er braust heran,wohlan denn, auf zur That!
1452 2830 2916 3013 (Nach verschiedenen Seiten ab).
1773 3175 2742 3338 Der Vorhang fällt,
1770 3314 2430 3421 yhtiöjärjäänkölluksesti.
1751 4816 2402 4970 tsetzlich stil
1475 4954 2607 5172 Nicht wahr, ihr glaubt und
1599 5169 2844 5313 Juris Marcus. Er glaubt mir.
3664 5310 3827 5434 unser
1472 5349 2828 5511 nicht, wie seit einiger Zeit
