4360 5816
3527 575 3691 811 17
2982 691 3218 895 Lebe
1262 665 2913 935 ! O nein! - Du bist ganz schuldlos.
1284 898 3338 1102 Dann ist der Geist der Sklave des Gedankens.
1073 996 1240 1149 G.C.F.P.
756 975 1011 1215 Aelt.
1295 978 3360 1284 Ich sag' es offen: Allzu schwach, der Fesseln
742 1138 975 1338 G.F.P.
1295 1185 3262 1473 Mich zu entled'gen, fühl' ich meine Kräfte.
1295 1327 3404 1651 So spricht es Tag und Nacht in meinem Innern:
1291 1564 2960 1807 Du, Tullia, wirst Königin. Und stets:
1291 1785 2974 2018 Bald wirst du Rom beherrschen,und -
2851 1844 3298 2091 Und stets
1338 1956 2142 2174 (unterbricht sie)
749 1953 1295 2185 Jüng.Tulla:
1320 2124 2709 2382 Bald wird dein Vater Servius-
2614 2273 3207 2414 0 schweige -
760 2364 1364 2571 Aelt.Tullia:
1313 2465 3378 2694 Wohl, dass es ein Gedank' ist und nicht mehr
1331 2582 4029 2876 Ich wünsch' es nicht - beim Jupiter! Und dennoch nimmt es
1331 2814 3189 3040 Mir Sinn und Busen mit Gewalt gefangen.
1342 3011 3058 3233 O du verzeihst mir meine Worte doch?
785 3094 3524 3411 Jüng.Tullia: Wohl, dass es nur ein Wort ist und nicht mehr.
793 3356 3505 3604 Aelt.Tullia: Nichts ist der That entfernter als das Wort.
811 3480 3731 3804 Jting.Tullia: Nur eines Plans brauchts -und sie sind verbunden.
811 3724 3145 3967 Aelt. Tullia: Jedoch ich baue keinen Plan für sie.
825 3840 3382 4073 Jüng.Tullia: Er baut sich leicht, dir selber unbewusst.
811 4025 3327 4265 Aelt.Tullia: Mein Wille aber macht den Plan zunichte.
836 4233 2614 4487 Jüng.Tullia: (halb für sich)
1396 4349 3582 4640 Heir zeugt von Stärke schwach zur Tat zu sein.
858 4582 3538 4825 Aelt.Fullia: Nun lasst mich fort.Ich konnte das Geheimnis
1444 4705 3596 4934 Allein nicht tragen; schwerer ging mein Athen
1382 4913 3171 5160 Ich fühlte mich bedrückt und bang -
1349 5069 3465 5342 Verschuld ich denn die drängenden Gedanken?
2800 5273 3393 5498 ein in den Weg,
1622 5269 2174 5527 stellt sich an
