4424 5896
3519 610 3719 852 33
2400 884 2562 1052 G.H.F.P.
750 842 2327 1119 Tarquinius: (mismutig hinwerfend)
1313 1074 2292 1278 Wie lang das währt?!
2149 1217 3439 1408 Auch Pluto ist vergesslich.
763 1272 1217 1472 Claudius:
1313 1395 2975 1631 Wie alt ist dieser Servius Tullius?
1338 1580 3252 1809 (Tarquinius schweigt mit finsterer Miene)
1348 1774 2435 1977 (tritt unter die Leute)
776 1828 1221 1999 Claudius :
1332 1898 3398 2149 Was drängt ihr heute euch so gar geschäftig?
1335 2146 3226 2330 Naht etwa das Regierungsfest des Königs,
1354 2305 3605 2502 Das ihr zun - - zum wievielten Mal heut' feiert?
1345 2444 3608 2689 Doch nein! Nicht wahr, das feiert ihr nicht mehr.
1376 2683 3430 2880 's ist kaum ein Festtag noch für unser Roma;
1361 2867 3366 3087 Es kan schon allzuoft. Wie oft nur? - Doch
1370 3074 2788 3277 Ihr zählt's gewiss nicht mehr.
2705 3182 3112 3401 Oh doch!
817 3223 1170 3408 Marcus:
3039 3379 3449 3598 Sieh da!
811 3468 1259 3611 Claudius:
1370 3563 2877 3770 Der Tag, an dem der edle Servius
823 3646 1132 3834 Caius:
1370 3748 3252 3980 Zu herrschen angefangen,wird den Römern
1370 3935 3090 4123 Ein Festatg sein für alle Folgezeit.
1386 4101 3808 4304 Und doch, Herr, habt ihr falsch geraten.Wie, sollt' es
823 4151 1230 4307 Quintus:
1408 4212 3799 4501 euch nicht bekannt sein, dass wir morgen kein gerin-
1383 4409 3938 4673 gres Fest als das des Tarquinius begehn? (leise zu Mær-
1418 4641 3109 4851 cus) Wir feiern es nicht, heisst das.
1415 4819 2711 5022 Ah, die Tarquin'schen Feste.
842 4870 1297 5013 Claudius:
1424 5007 2327 5220 (zun Volk gewendet)
1424 5140 3220 5369 Gedenkt ihr des Tarquius Priscus noch?
1434 5356 2804 5579 (Bejahende Bewegung im Volke)
