4408 5800
3650 591 3814 828 21
1375 807 3200 997 Den Schirm- und Waffenlosen überfielen.
1386 980 3554 1182 Doch so-! Wir geben ihm die Waffen in die Hand
1369 1161 3422 1398 Wir sagen ihm: Thur ihr, wie wir euch heissen
1398 1340 3536 1571 Und nehmt die vorschläg' an, die wir dictieren
1398 1530 3258 1702 Und lasset uns, die adligen Geschlechter
1386 1696 3340 1892 Frei walten,ungehindert,wie's vor Zeiten,
1392 1860 3109 2071 In des Tarquinius Priscus Tagen war,
1386 2042 3536 2246 Dann sollt auch ihr, ganz frei und ungehindert
1392 2270 3349 2413 Hinfort das grosse mächt'ge Rom regieren,
1384 2390 3504 2609 Wie ihr's beherrschtet bis zum heut'gen Tag.
1392 2603 3045 2802 Ist das Empörung? - Also der Senat.
1404 2811 1825 2995 Und ihr?
842 2811 1179 2957 Tullia:
1462 2960 3618 3112 Zum mind'sten ähnlich, wenn nicht gleich.
842 2975 1287 3150 Claudius:
1398 3124 3054 3332 Und wenn der König Servius Tullius
825 3168 1188 3381 Tullia:
1398 3296 3437 3504 Euch abschlägig bescheidet? Nun? Was dann?
1404 3466 3495 3680 Wir sind bereit zum Frieden. Wenn der König
837 3510 1275 3671 Claudius:
1392 3621 3639 3852 Ihn von sich weist - es ist nicht unsre Schuld.
1404 3832 3457 4007 Erklärt euch deutlicher, ich bitt euch drum.
842 3849 1208 4025 Tullia:
1404 3966 3759 4215 Braucht's denn mehr Klarheit noch als dieses Wort:
837 4045 1302 4241 Claudius:
1398 4171 2685 4396 Es kann nicht Friede sein?
2510 4332 3694 4537 Beim Jupiter! Hier muss
848 4411 1264 4569 Tullia:
1416 4522 3639 4724 Ich selbst gestehn:'s ist klar wie Tageslicht.
1410 4738 3539 4905 (wie in Gedanken) die Not zu sprechen zwingt.
1419 4856 3171 5060 Auf Romas Thron ein neuer Herrscher?
1439 5025 3437 5268 Kann's freilich leicht entgangen stetsass
860 5087 1313 5321 Claudius:
1852 5227 2790 5467 sches in eurer Nähe pustavons.
1591 5274 1805 5484 einl.
