<?xml version="1.0" encoding="UTF-8" standalone="yes"?>
<PcGts xmlns="http://schema.primaresearch.org/PAGE/gts/pagecontent/2013-07-15" xmlns:xsi="http://www.w3.org/2001/XMLSchema-instance" xsi:schemaLocation="http://schema.primaresearch.org/PAGE/gts/pagecontent/2013-07-15 http://schema.primaresearch.org/PAGE/gts/pagecontent/2013-07-15/pagecontent.xsd">
    <Metadata>
        <Creator>prov=READ-COOP:name=TrHtr:version=2.1.0:model_id=51170:date=28_07_2023_17:02</Creator>
        <Created>2023-05-10T11:39:19.871+02:00</Created>
        <LastChange>2023-07-28T17:02:55.743+02:00</LastChange>
        <TranskribusMetadata docId="1428168" pageId="55390140" pageNr="128" tsid="131365843" status="IN_PROGRESS" userId="64420" imgUrl="https://files.transkribus.eu/Get?id=OGMFOPGHBGESLWZLCKUAEBLR&amp;fileType=view" xmlUrl="https://files.transkribus.eu/Get?id=ZUPQSGMAFEUYSINURFBGWNEL" imageId="44665027"/>
    </Metadata>
    <Page imageFilename="1428168_0128.jpg" imageWidth="4424" imageHeight="5640">
        <ReadingOrder>
            <OrderedGroup id="ro_1711818372490" caption="Regions reading order">
                <RegionRefIndexed index="0" regionRef="tr_1"/>
                <RegionRefIndexed index="1" regionRef="tr_2"/>
            </OrderedGroup>
        </ReadingOrder>
        <TextRegion id="tr_1" custom="readingOrder {index:0;}">
            <Coords points="884,583 3680,583 3680,3110 884,3110"/>
            <TextLine id="tr_1_tl_1" custom="readingOrder {index:0;}">
                <Coords points="1902,672 1988,661 2052,686 2107,647 2215,675 2336,639 2502,658 2500,487 2411,512 2314,500 2281,531 2215,506 2077,539 1947,478 1900,481"/>
                <Baseline points="1917,633 2007,639 2097,639 2186,639 2276,639 2365,639 2455,639 2509,645"/>
                <TextEquiv>
                    <Unicode>Zu Seite 25.</Unicode>
                </TextEquiv>
            </TextLine>
            <TextLine id="tr_1_tl_2" custom="readingOrder {index:1;}">
                <Coords points="1532,788 2184,849 3619,821 3531,653 2784,664 2549,738 2339,641 1695,694 1532,630"/>
                <Baseline points="1547,776 1637,776 1726,776 1816,782 1905,782 1995,782 2085,782 2174,782 2264,788 2353,782 2443,788 2533,788 2622,782 2712,788 2802,782 2891,788 2981,788 3070,788 3160,794 3250,800 3339,788 3429,788 3519,788 3608,788 3626,788"/>
                <TextEquiv>
                    <Unicode>'s ist freilich keiner so einfältig,1) dass er</Unicode>
                </TextEquiv>
            </TextLine>
            <TextLine id="tr_1_tl_3" custom="readingOrder {index:2;}">
                <Coords points="882,957 940,957 1004,924 1053,940 1156,915 1159,802 1109,799 1026,835 1012,821 971,835 935,807 885,807"/>
                <Baseline points="896,908 979,902 1069,902 1159,902"/>
                <TextEquiv>
                    <Unicode>1) Zu</Unicode>
                </TextEquiv>
            </TextLine>
            <TextLine id="tr_1_tl_4" custom="readingOrder {index:3;}">
                <Coords points="1501,979 3523,998 3523,877 3365,857 3025,838 2851,912 2591,807 1501,821"/>
                <Baseline points="1517,961 1607,955 1696,961 1786,961 1876,961 1965,961 2055,961 2144,961 2234,961 2324,961 2413,967 2503,967 2592,967 2682,961 2772,967 2861,967 2951,967 3041,967 3130,967 3220,967 3309,967 3399,967 3489,967 3530,973"/>
                <TextEquiv>
                    <Unicode>Des eignen Vorteils gern vergäss'. Ihr aber</Unicode>
                </TextEquiv>
            </TextLine>
            <TextLine id="tr_1_tl_5" custom="readingOrder {index:4;}">
                <Coords points="868,1186 959,1194 1031,1161 1136,1167 1244,1131 1391,1175 1391,993 1338,998 1319,979 1253,1012 1170,1012 1150,995 993,987 921,954 868,968"/>
                <Baseline points="884,1075 973,1069 1063,1069 1153,1069 1242,1069 1332,1069 1398,1075"/>
                <TextEquiv>
                    <Unicode>2) Verwende</Unicode>
                </TextEquiv>
            </TextLine>
            <TextLine id="tr_1_tl_6" custom="readingOrder {index:5;}">
                <Coords points="1496,1134 1747,1192 1969,1136 2204,1197 2375,1142 3307,1183 3263,1012 2992,1067 2804,1006 2654,1056 1576,979 1496,1026"/>
                <Baseline points="1511,1129 1601,1135 1690,1135 1780,1135 1870,1141 1959,1135 2049,1135 2138,1141 2228,1141 2318,1141 2407,1141 2497,1141 2586,1141 2676,1141 2766,1141 2855,1141 2945,1141 3035,1141 3124,1141 3214,1141 3303,1141 3315,1147"/>
                <TextEquiv>
                    <Unicode>Ihr kennt den Haufen eben nicht,und so</Unicode>
                </TextEquiv>
            </TextLine>
            <TextLine id="tr_1_tl_7" custom="readingOrder {index:6;}">
                <Coords points="1501,1385 1706,1324 3188,1360 3188,1230 1996,1214 1501,1142"/>
                <Baseline points="1517,1314 1607,1314 1696,1314 1786,1320 1876,1320 1965,1320 2055,1320 2144,1320 2234,1320 2324,1320 2413,1320 2503,1320 2592,1320 2682,1320 2772,1320 2861,1320 2951,1320 3041,1320 3130,1326 3196,1332"/>
                <TextEquiv>
                    <Unicode>Ist alle meine Red' vergebens - und</Unicode>
                </TextEquiv>
            </TextLine>
            <TextLine id="tr_1_tl_8" custom="readingOrder {index:7;}">
                <Coords points="1485,1510 3523,1543 3523,1424 3351,1402 1485,1385"/>
                <Baseline points="1499,1493 1589,1487 1678,1487 1768,1493 1858,1493 1947,1487 2037,1493 2126,1493 2216,1493 2306,1493 2395,1493 2485,1493 2575,1499 2664,1499 2754,1493 2843,1499 2933,1499 3023,1499 3112,1499 3202,1499 3291,1499 3381,1499 3471,1505 3530,1511"/>
                <TextEquiv>
                    <Unicode>Ich kann erfolglos mich nach Hause trollen.</Unicode>
                </TextEquiv>
            </TextLine>
            <TextLine id="tr_1_tl_9" custom="readingOrder {index:8;}">
                <Coords points="904,1706 954,1720 1006,1689 1042,1706 1089,1689 1106,1703 1139,1700 1170,1723 1197,1714 1233,1728 1233,1590 1181,1573 1117,1615 995,1568 904,1568"/>
                <Baseline points="920,1666 1009,1666 1099,1666 1188,1666 1236,1672"/>
                <TextEquiv>
                    <Unicode>Aruns:</Unicode>
                </TextEquiv>
            </TextLine>
            <TextLine id="tr_1_tl_10" custom="readingOrder {index:9;}">
                <Coords points="1471,1720 3581,1731 3614,1615 3152,1562 2292,1620 2171,1559 1999,1631 1830,1532 1468,1584"/>
                <Baseline points="1487,1666 1577,1666 1666,1666 1756,1666 1846,1666 1935,1666 2025,1672 2115,1672 2204,1672 2294,1672 2383,1672 2473,1672 2563,1672 2652,1672 2742,1672 2831,1672 2921,1672 3011,1678 3100,1678 3190,1678 3280,1678 3369,1678 3459,1678 3548,1684 3620,1690"/>
                <TextEquiv>
                    <Unicode>Nicht doch. Ich muss die Möglichkeit gestehn,</Unicode>
                </TextEquiv>
            </TextLine>
            <TextLine id="tr_1_tl_11" custom="readingOrder {index:10;}">
                <Coords points="1471,1850 3672,1891 3597,1761 1471,1720"/>
                <Baseline points="1487,1846 1577,1840 1666,1846 1756,1846 1846,1846 1935,1846 2025,1846 2115,1852 2204,1846 2294,1846 2383,1852 2473,1852 2563,1852 2652,1852 2742,1858 2831,1858 2921,1852 3011,1852 3100,1852 3190,1852 3280,1858 3369,1858 3459,1858 3548,1858 3638,1858 3680,1864"/>
                <TextEquiv>
                    <Unicode>Dass ihr vielleicht nicht Unrecht habt. Jedoch</Unicode>
                </TextEquiv>
            </TextLine>
            <TextLine id="tr_1_tl_12" custom="readingOrder {index:11;}">
                <Coords points="1477,2054 1665,2024 1803,2088 2085,2068 2162,2115 2248,2077 2472,2115 2547,2063 2735,2096 2735,1988 2491,1936 2251,1980 1913,1888 1712,1933 1595,1897 1477,1971"/>
                <Baseline points="1493,2013 1583,2019 1672,2019 1762,2019 1852,2025 1941,2025 2031,2025 2120,2031 2210,2025 2300,2025 2389,2025 2479,2025 2569,2025 2658,2025 2742,2037"/>
                <TextEquiv>
                    <Unicode>Der König mag entscheiden.</Unicode>
                </TextEquiv>
            </TextLine>
            <TextLine id="tr_1_tl_13" custom="readingOrder {index:12;}">
                <Coords points="918,2198 982,2201 1076,2253 1186,2206 1250,2206 1322,2240 1360,2223 1358,2054 1294,2054 1222,2085 1103,2082 1078,2063 1015,2090 973,2060 915,2052"/>
                <Baseline points="932,2198 1021,2192 1111,2192 1200,2198 1290,2198 1368,2204"/>
                <TextEquiv>
                    <Unicode>Claudius:</Unicode>
                </TextEquiv>
            </TextLine>
            <TextLine id="tr_1_tl_14" custom="readingOrder {index:13;}">
                <Coords points="2649,2281 2773,2289 2837,2248 2978,2256 3006,2229 3100,2273 3210,2226 3354,2287 3406,2270 3406,2093 3235,2140 3130,2099 3025,2124 2953,2085 2649,2101"/>
                <Baseline points="2664,2210 2754,2204 2843,2210 2933,2210 3023,2210 3112,2216 3202,2210 3291,2210 3381,2210 3411,2210"/>
                <TextEquiv>
                    <Unicode>Freilich,'s ist</Unicode>
                </TextEquiv>
            </TextLine>
            <TextLine id="tr_1_tl_15" custom="readingOrder {index:14;}">
                <Coords points="1471,2403 2798,2392 3003,2455 3113,2392 3559,2400 3559,2342 2970,2251 1988,2328 1593,2328 1468,2259"/>
                <Baseline points="1487,2371 1577,2377 1666,2371 1756,2377 1846,2377 1935,2377 2025,2377 2115,2383 2204,2377 2294,2383 2383,2377 2473,2377 2563,2383 2652,2383 2742,2383 2831,2383 2921,2383 3011,2383 3100,2383 3190,2383 3280,2389 3369,2389 3459,2389 3548,2383 3566,2377"/>
                <TextEquiv>
                    <Unicode>Der Müh kaum wert, die ihr darauf verwendet -</Unicode>
                </TextEquiv>
            </TextLine>
            <TextLine id="tr_1_tl_16" custom="readingOrder {index:15;}">
                <Coords points="1460,2577 3614,2580 3614,2513 3337,2480 1460,2494"/>
                <Baseline points="1475,2557 1565,2557 1654,2557 1744,2557 1834,2557 1923,2557 2013,2557 2103,2563 2192,2557 2282,2563 2371,2563 2461,2563 2551,2563 2640,2563 2730,2563 2820,2563 2909,2563 2999,2569 3088,2569 3178,2569 3268,2569 3357,2575 3447,2569 3536,2569 3620,2575"/>
                <TextEquiv>
                    <Unicode>Doch rat' ich euch, sprecht zu einseitig nicht</Unicode>
                </TextEquiv>
            </TextLine>
            <TextLine id="tr_1_tl_17" custom="readingOrder {index:16;}">
                <Coords points="1460,2754 3429,2790 3512,2776 3512,2638 2964,2707 2383,2607 2242,2693 1460,2665"/>
                <Baseline points="1475,2730 1565,2730 1654,2736 1744,2736 1834,2736 1923,2736 2013,2736 2103,2736 2192,2736 2282,2736 2371,2742 2461,2742 2551,2742 2640,2742 2730,2742 2820,2742 2909,2742 2999,2742 3088,2742 3178,2742 3268,2742 3357,2742 3447,2748 3519,2748"/>
                <TextEquiv>
                    <Unicode>Und schielt mit manchem kleinen Seitenblick</Unicode>
                </TextEquiv>
            </TextLine>
            <TextLine id="tr_1_tl_18" custom="readingOrder {index:17;}">
                <Coords points="1460,2953 3545,2959 3545,2870 3326,2818 3246,2870 2245,2773 2060,2862 1460,2829"/>
                <Baseline points="1475,2909 1565,2909 1654,2909 1744,2909 1834,2909 1923,2909 2013,2909 2103,2909 2192,2915 2282,2909 2371,2909 2461,2909 2551,2915 2640,2915 2730,2915 2820,2915 2909,2915 2999,2915 3088,2915 3178,2915 3268,2915 3357,2915 3447,2921 3536,2927 3548,2921"/>
                <TextEquiv>
                    <Unicode>Auch ab und zu aufs Wohl und Heil der Pelbs.</Unicode>
                </TextEquiv>
            </TextLine>
            <TextLine id="tr_1_tl_19" custom="readingOrder {index:18;}">
                <Coords points="1449,3127 3415,3152 3415,3022 3174,3047 2961,2959 2276,3044 1877,2953 1449,2970"/>
                <Baseline points="1463,3082 1553,3082 1643,3082 1732,3082 1822,3082 1911,3082 2001,3088 2091,3088 2180,3088 2270,3088 2359,3088 2449,3088 2539,3094 2628,3094 2718,3094 2808,3094 2897,3094 2987,3094 3076,3094 3166,3100 3256,3094 3345,3094 3423,3100"/>
                <TextEquiv>
                    <Unicode>Zwar weiss ich’s allzugut: der König wird</Unicode>
                </TextEquiv>
            </TextLine>
        </TextRegion>
        <TextRegion id="tr_2" custom="readingOrder {index:1;}">
            <Coords points="878,3212 3680,3212 3680,5261 878,5261"/>
            <TextLine id="tr_2_tl_1" custom="readingOrder {index:0;}">
                <Coords points="1465,3312 3017,3279 3288,3329 3288,3210 3053,3147 2193,3221 1465,3194"/>
                <Baseline points="1481,3274 1571,3268 1660,3262 1750,3268 1840,3268 1929,3262 2019,3268 2109,3268 2198,3268 2288,3268 2377,3268 2467,3268 2557,3274 2646,3268 2736,3268 2825,3268 2915,3274 3005,3274 3094,3274 3184,3274 3274,3280 3291,3280"/>
                <TextEquiv>
                    <Unicode>In seiner unbegrenzten Lieb' zum Volke</Unicode>
                </TextEquiv>
            </TextLine>
            <TextLine id="tr_2_tl_2" custom="readingOrder {index:1;}">
                <Coords points="1449,3465 3398,3484 3351,3357 2834,3346 2610,3429 2367,3318 1449,3315"/>
                <Baseline points="1463,3441 1553,3441 1643,3447 1732,3441 1822,3441 1911,3447 2001,3441 2091,3447 2180,3447 2270,3447 2359,3447 2449,3447 2539,3453 2628,3453 2718,3453 2808,3447 2897,3453 2987,3453 3076,3453 3166,3453 3256,3453 3345,3459 3405,3459"/>
                <TextEquiv>
                    <Unicode>Beim alten alles lassen. - Aber sagt ihm!</Unicode>
                </TextEquiv>
            </TextLine>
            <TextLine id="tr_2_tl_3" custom="readingOrder {index:2;}">
                <Coords points="1471,3636 3478,3691 3431,3547 1471,3572"/>
                <Baseline points="1487,3614 1577,3620 1666,3620 1756,3620 1846,3620 1935,3626 2025,3620 2115,3626 2204,3626 2294,3626 2383,3626 2473,3626 2563,3626 2652,3632 2742,3632 2831,3632 2921,3632 3011,3626 3100,3632 3190,3632 3280,3632 3369,3632 3459,3626 3483,3632"/>
                <TextEquiv>
                    <Unicode>- Ich bitt' euch sehr im Namen des Senats -</Unicode>
                </TextEquiv>
            </TextLine>
            <TextLine id="tr_2_tl_4" custom="readingOrder {index:3;}">
                <Coords points="1454,3835 3672,3830 3669,3689 2707,3758 2198,3669 1454,3755"/>
                <Baseline points="1469,3799 1559,3799 1648,3799 1738,3799 1828,3799 1917,3799 2007,3805 2097,3805 2186,3805 2276,3805 2365,3805 2455,3805 2545,3805 2634,3805 2724,3811 2814,3811 2903,3811 2993,3811 3082,3811 3172,3811 3262,3811 3351,3817 3441,3811 3530,3817 3620,3817 3680,3817"/>
                <TextEquiv>
                    <Unicode>Dass sich der Adel durchaus nicht geneigt fühlt</Unicode>
                </TextEquiv>
            </TextLine>
            <TextLine id="tr_2_tl_5" custom="readingOrder {index:4;}">
                <Coords points="1454,4029 1985,4001 2159,4073 2372,3995 3086,4018 3086,3904 2704,3841 2273,3935 1454,3888"/>
                <Baseline points="1469,3991 1559,3985 1648,3979 1738,3985 1828,3979 1917,3979 2007,3979 2097,3985 2186,3985 2276,3985 2365,3985 2455,3985 2545,3985 2634,3985 2724,3985 2814,3985 2903,3985 2993,3991 3082,3991 3094,3991"/>
                <TextEquiv>
                    <Unicode>Im alten ruhig auszuharren; sondern</Unicode>
                </TextEquiv>
            </TextLine>
            <TextLine id="tr_2_tl_6" custom="readingOrder {index:5;}">
                <Coords points="1449,4206 2287,4172 2724,4239 3033,4181 3387,4236 3387,4070 3299,4120 2223,4042 2077,4109 1449,4073"/>
                <Baseline points="1463,4164 1553,4164 1643,4164 1732,4164 1822,4164 1911,4164 2001,4164 2091,4164 2180,4164 2270,4170 2359,4170 2449,4170 2539,4164 2628,4170 2718,4164 2808,4170 2897,4164 2987,4164 3076,4170 3166,4170 3256,4176 3345,4176 3393,4176"/>
                <TextEquiv>
                    <Unicode>An seinem Willen starren Sinnes festhält.</Unicode>
                </TextEquiv>
            </TextLine>
            <TextLine id="tr_2_tl_7" custom="readingOrder {index:6;}">
                <Coords points="863,4333 951,4377 982,4360 1009,4377 1045,4369 1087,4388 1123,4371 1153,4394 1189,4391 1183,4203 1145,4200 1056,4242 1006,4247 971,4228 921,4269 863,4269"/>
                <Baseline points="878,4337 967,4337 1057,4337 1147,4343 1194,4349"/>
                <TextEquiv>
                    <Unicode>Aruns:</Unicode>
                </TextEquiv>
            </TextLine>
            <TextLine id="tr_2_tl_8" custom="readingOrder {index:7;}">
                <Coords points="1435,4374 3232,4396 3232,4261 3022,4230 2461,4297 2289,4289 2184,4203 1709,4286 1435,4261"/>
                <Baseline points="1451,4343 1541,4343 1631,4349 1720,4343 1810,4343 1899,4349 1989,4349 2079,4349 2168,4349 2258,4349 2348,4349 2437,4349 2527,4349 2616,4349 2706,4349 2796,4343 2885,4349 2975,4349 3064,4349 3154,4349 3238,4355"/>
                <TextEquiv>
                    <Unicode>Folgt mir in ein’gen Augenblicken und</Unicode>
                </TextEquiv>
            </TextLine>
            <TextLine id="tr_2_tl_9" custom="readingOrder {index:8;}">
                <Coords points="1418,4543 2580,4579 2818,4524 2923,4593 3296,4543 3274,4410 2331,4465 2063,4394 1886,4471 1418,4410"/>
                <Baseline points="1433,4528 1523,4522 1613,4522 1702,4522 1792,4522 1881,4528 1971,4522 2061,4522 2150,4522 2240,4522 2330,4522 2419,4522 2509,4522 2598,4522 2688,4522 2778,4522 2867,4528 2957,4528 3047,4528 3136,4534 3226,4534 3303,4534"/>
                <TextEquiv>
                    <Unicode>Lasst mich vorerst die Sache überlegen.</Unicode>
                </TextEquiv>
            </TextLine>
            <TextLine id="tr_2_tl_10" custom="readingOrder {index:9;}">
                <Coords points="1430,4725 3465,4759 3465,4637 3050,4568 2815,4662 2248,4537 1947,4615 1430,4579"/>
                <Baseline points="1445,4701 1535,4701 1625,4707 1714,4701 1804,4701 1893,4701 1983,4701 2073,4701 2162,4701 2252,4701 2342,4701 2431,4701 2521,4701 2610,4707 2700,4701 2790,4707 2879,4707 2969,4707 3058,4707 3148,4713 3238,4713 3327,4713 3417,4719 3471,4725"/>
                <TextEquiv>
                    <Unicode>Wenn ich entschieden bin mit meinem Innern,</Unicode>
                </TextEquiv>
            </TextLine>
            <TextLine id="tr_2_tl_11" custom="readingOrder {index:10;}">
                <Coords points="1418,4891 1764,4958 1960,4889 2289,4938 2425,4886 2536,4955 2704,4902 3213,4933 3254,4750 1418,4795"/>
                <Baseline points="1433,4881 1523,4881 1613,4881 1702,4881 1792,4881 1881,4881 1971,4881 2061,4881 2150,4881 2240,4881 2330,4881 2419,4881 2509,4881 2598,4881 2688,4881 2778,4881 2867,4887 2957,4881 3047,4881 3136,4887 3226,4893 3262,4893"/>
                <TextEquiv>
                    <Unicode>So bitt ich euch, die nähern Punkte mir</Unicode>
                </TextEquiv>
            </TextLine>
            <TextLine id="tr_2_tl_12" custom="readingOrder {index:11;}">
                <Coords points="1424,5126 1913,5074 3246,5104 3246,4949 3047,5002 2699,4927 2359,4974 2135,4902 1424,4938"/>
                <Baseline points="1439,5066 1529,5060 1619,5060 1708,5060 1798,5060 1887,5060 1977,5060 2067,5060 2156,5066 2246,5060 2336,5066 2425,5066 2515,5066 2604,5060 2694,5066 2784,5066 2873,5066 2963,5066 3053,5066 3142,5072 3232,5078 3250,5072"/>
                <TextEquiv>
                    <Unicode>Genau und deutlich dann hervorzuheben.</Unicode>
                </TextEquiv>
            </TextLine>
            <TextLine id="tr_2_tl_13" custom="readingOrder {index:12;}">
                <Coords points="1424,5245 1496,5248 1634,5364 1825,5309 1963,5317 2143,5248 2281,5287 2347,5245 2486,5273 2486,5099 2370,5135 1930,5082 1830,5126 1695,5079 1529,5135 1424,5126"/>
                <Baseline points="1439,5245 1529,5239 1619,5239 1708,5239 1798,5239 1887,5239 1977,5239 2067,5239 2156,5239 2246,5245 2336,5245 2425,5245 2491,5251"/>
                <TextEquiv>
                    <Unicode>Indes lebt wohl, (ab).</Unicode>
                </TextEquiv>
            </TextLine>
        </TextRegion>
    </Page>
</PcGts>
