4376 5816
3544 608 3714 861 16
1333 753 3189 1039 Denn je empfind' ich dieser Worte Sinn
1325 1014 3369 1280 Und ihres Sinns Bedeutung - mir wird klar
3136 1214 3302 1355 V.A.S.
1330 1236 3100 1394 Und klarer alle Würde meiner Zukunft
1328 1369 3547 1567 Und mehr als jemals sehn' ich sie heran. (herbei)
772 1580 3002 1775 Jüng.Tullia:Erkenn' ich meine Schwester wieder?
2886 1744 3083 1869 oh
764 1772 1375 1922 Aelt.Tullia:
1569 1805 1736 1980 G.F.P.
1347 1939 3136 2161 Du weisst es ja,was diesen Funken mir
1344 2139 2930 2280 So rasch im Innersten entzündete.
1344 2278 3305 2425 Dir ist der Seelen heimlich stilles Weber
769 2344 1008 2547 Aoît
1344 2455 3294 2630 So unbekannt nicht und so unerforschlich,
1336 2641 3472 2844 Dass Du noch zweifeln könntest, was das Herz -
789 2833 2083 3030 Jüng.Tullia: (unterbrechend)
1361 2969 3230 3227 Ich zweifle nicht, dass es die Kunde ist
1353 3166 3255 3341 Von des Senats unheimlich nahem Aufruhr
1353 3275 3397 3511 Der dich gemahnt, dass nicht gar ferne mehr
1367 3519 3222 3714 Die Zeit, wo dein Gemahl das stolze Rom
1369 3700 3086 3880 Beherrschen wird und du die Königin
1361 3797 3419 4050 Des Reiches heissest. O du liebst weit mehr
1394 4002 3314 4236 Das Vollbewusstsein deiner Königswürde,
1372 4197 3214 4425 Als du das Leben unsres Vaters liebst!
2694 4358 3377 4558 auch zur Tat zu
819 4402 2530 4572 Aelt.Tullia: (betroffen;fasst sich)
1369 4550 3566 4755 O Schwester, wenn solch ein Gedanke,wie's xxx
1380 4758 3311 4938 Der meine ist, solch ein Gedanke, in dem
1369 4905 3319 5105 Das ganze Selbst aufgehend sich verliert,
1386 5133 3433 5313 Im Geist des Menschen einmal aufgeflammt,
