8200 5000
2046 952 2659 1254 (Burgung)
2527 1169 2894 1353 Wie?
1376 1193 1937 1381 Talassius.
2541 1287 3300 1513 Wassagt ihr?
1400 1395 1820 1546 Hosbins
1395 1282 3747 1697 Claudius. Dass ich vom König komme, sag ich euch.
1400 1664 2814 1923 Talasrius. Er wies auch ab -?
2187 1810 3422 2079 Er wünscht, dass allsogleich
1395 1867 1862 2083 Claudius
1428 1947 3229 2187 Sich in der Curie der Senat versammle¬
1428 2121 3097 2446 Palassius. Wie er befiehlt es uns?
2626 2253 3436 2564 Ja, er befiehlts.
1471 2319 1862 2564 Claud
1461 2390 3865 2682 Hostius. Und wies er uns mit mehre Litt ab?
1428 2635 2791 2890 Claudius. Er sprach ein Nein!
2630 2725 3917 3007 So hat eines verhöhet
1471 2814 2428 3059 Talassius (zu allen.)
2347 2913 3262 3182 Nein, sprach er!
1310 3031 1645 3262 Viele.
2395 2989 4049 3328 Nun, ihr Herrn eilt in Reluvie¬
1419 3168 1984 3337 Clandius
1447 3285 3889 3559 So ist des Königs Willen eilt, eilt -! ült!
1419 3488 2343 3729 Aulus. O Wohn!
2055 3549 3997 3870 Du-Aulus? Ja - zu der entsandte
1395 3644 1914 3856 Claudins.
1442 3780 2842 4087 Der König einen Boten.
2706 3927 3446 4148 Einen Boten
1419 4016 1824 4228 Aulus
1475 4077 3356 4393 Zu mir? Es kam kein Bote heute
1438 4294 1886 4601 land.
4063 712 6580 1122 Ich glaubt. der gute Mann weilt schon bei Bluto!
4049 957 6430 1315 Jchtraf ihn an der tiber -'s war ein Skan
4115 1127 6345 1409 Und als ich nun des nähern fragt und forschte
4096 1325 6293 1565 Und er mit Widerwillen Antwort gab
4092 1485 6359 1787 Und nach und nach selbst Freiher Worte sich
4110 1636 6133 1942 Erkühnte, und sehr heftig mich erzürnt.
4054 1768 6585 2126 da schleudert’ ich In Menschen in den Fluss¬
4063 1862 7858 2267 Es war ein Sklav. – Dich eilt - der König will s. - öfter. (was paid it the Dortenig halsbefehleus)
4049 2098 6354 2465 Tal. Lass deine Späste, Claudius. Was ist
6213 2305 6675 2536 Undentlich!
4092 2338 4949 2583 Nunmehr zu thun?
4110 2446 6580 2753 Claudius (leise zu ihm) Sie still. Das kommt allein.
4176 2461 6844 2880 (laut.) Last mich bei auch ein wenigruhn. Dann will ich
4139 2776 6118 3069 Als euer Abgesandter vor der Curie
4143 2932 6232 3262 In trautem Zwie gespräch, mit dem König
4172 3073 6571 3436 Ergötzen. - Wein in meinen Becher!
4935 3304 5520 3521 (Trinkt.)
4148 3450 6816 3729 Und das aufs Wohl des Mannes, der nach Seems¬
4139 3578 6472 3912 das edle Römmervolk beheorschen wird soll:
4148 3785 6387 4134 doch alles das beiseite. - Laßt uns nicht
6906 3771 7066 4026 op.
4148 3813 6915 4261 Jetzt mit des Staates Wohl und Weh beschäftigen)
4158 4101 6500 4450 Für kurze Fest sind keine Senatoren.
