4472 5656
3598 412 3765 587 48
1371 609 3390 826 O welche Wandlung wird die Menschheit sehn!
1365 812 3277 1001 Jetzt,mein Tarquinius,bedrängt dich noch
1385 964 3316 1182 Die ew'ge Sehnsucht, ungestilltes Streben,
1399 1165 3277 1356 Die lastenden Gedanken; es bedrängt dich
1396 1345 3635 1531 Die Lieb' und lässt dein armes Herz nicht ruhn -
1404 1528 2995 1709 O welche Ruhe steten Vollbesitzes
1390 1698 3153 1901 Erwartet dich an deiner Tullia Brust!
1418 1850 3175 2061 Ja,früher noch als sich der neue Tag,
1418 2033 3108 2248 Der glänzende im Morgenrot gezeigt,
1435 2157 3627 2420 Soll die Geliebte dein sein – weiss ich's doch
1430 2391 3274 2614 Wenn allejene Wünsche dir erfüllt sind,
1452 2569 3632 2761 Dann wird sich endlich frei dein Geist erheben
1452 2713 3384 2927 Und die Gedanken werden dich nicht mehr
1475 2941 3491 3085 Wie's sonst geschehn, in ihrem Banne halten.
1469 3043 3438 3288 Nein, du wirst Herr sein über die Gedanken,
1486 3201 3525 3438 Wie sie's einst waren über dich - ein König
1492 3392 3110 3641 Wirst du in allem Über alles sein,
1512 3598 2890 3804 Ja,Claudius, ich will es sein!
956 3720 1475 3866 Tarquinius:
1537 3872 2233 3999 (halb für sich)
945 3911 1399 4134 Claudius:
1528 3911 3409 4176 Du willst -? Du musst! So wie die Knospe
1520 4117 3376 4357 Zur Blume werden muss, so du zum Helden.
1523 4284 3790 4537 Es liegt in dir! Hier brauchts dein Wollen nicht!
1528 4481 3282 4726 Sie wartet dein in jener Säulenhalle,
3009 4636 3291 4760 nicht
1545 4726 2710 4901 Die in den Garten führt,
2608 4828 3105 5051 Leb wohl!
987 4924 1534 5107 Tarquinius:
3009 4977 3553 5211 Viel Glück.
998 5149 1464 5293 Claudius:
