8056 4904
6991 683 7191 898 1.
5145 850 6512 1123 quämt. im Nov. 79
4451 934 4858 1203 lom'h
4953 1206 6025 1461 zweite Sam.
4978 1552 6039 1791 Garten des Aruns
4539 1675 6846 1948 Die jungen und die ältre Tullia kommen im Gespräch.
5818 1835 6552 2075 begegnen sich
6995 1839 7794 2039 ensten Worte der alt.
7246 1973 7649 2100 Cultivat
4073 2002 6533 2293 Diedlte Tüllig. Oendlich seh' ich dich! Ich darf darin verz
4037 2220 6781 2387 dem deinen öffnen; kann die Last des Schweigens
7020 2282 7889 2435 Bei uns wegs „die Lasse bannen“ etwa:
6995 2380 7885 2489 — (willen?) Auch nühren
4066 2333 6704 2551 Von meinen Lippe bönnen; das Geheimnis, alles alles
6973 2449 7849 2602 sasst nicht (die Lippen mehr)
7126 2511 7787 2649 gen) vielleicht
4073 2511 6831 2758 Das meine Brust zu schwach ist, zu verbergen, ertragen
7028 2511 7922 2733 einfach, bringen wir schaffen
7060 2682 7896 2783 2 Man ruft an jemandes Fähren nach
4103 2664 6196 2911 Erthüllen deinem theilnamsvollen Busen.
7217 2762 7406 2827 eine
7602 2754 7878 2863 enthällt
7217 2769 7406 2874 keine
7329 2831 7922 2965 vor zu gleich unter wieder
4066 2856 6984 3078 die jungen Tullia. Du berght mir ein Geheimnis? Staunendhödichs
7031 2903 7813 3060 Ist das gar so stannens
7431 2972 7816 3071 wert?
6977 3012 7827 3143 Das Wort. "Jcheinnis" kann nur nie-
4095 3023 6701 3270 Dieältze Lütlin. Ich berge nichts Vollbrachtes des Geheimnis
7028 3103 7558 3180 gefallen, zumal nicht
7148 3147 7562 3227 was in a wei
7137 3198 7587 3314 /: In der Sealex,
4110 3165 5879 3456 Nein, Schwester, keine ausgeführte That,
7042 3285 7896 3416 Ein Pilemasmus, der nier gantz
7042 3350 7496 3438 verschlt schein
4139 3314 6177 3597 Da selbst kein Kaniht, den du hören sollst,
7042 3416 7307 3565 (was)
6861 3474 7184 3703 Vorberne.
7264 3452 7831 3605 Du eilst solten
4121 3517 6123 3768 Nur im Gedanke ists; doch ein Gedank¬
7264 3561 7896 3699 schnell zur Sache
7257 3641 7871 3757 lieber Arthur
7151 3703 7914 3859 daher die Langen
4124 3666 6221 3939 der mich seit wegen Tagen stets verfolgt
6937 3790 7518 3932 im 1. Act.
4124 3826 6039 4103 Und ruhelos den Busen mir durch wagt
4157 4004 6290 4281 Solch ein Gedank' ihts den ich in mir barg.
5247 4146 6257 4415 in einem Augenblick
4161 4186 5095 4437 Ich sprech' ohr aus;
4179 4346 6145 4597 Ist es gesagt - wohler ich sprach ihr aus¬
