8136 4952
4234 1017 7047 1417 An deinem Busen schwandwein richtiger Geist,
1485 1098 3588 1425 Tullia. Darquinius jetzt biß du mein
4266 1255 6914 1574 Ein neuerward von kühnerm Flug geboren.
1425 1316 4060 1614 Targa. Nacht, blick auf mich mit deinen dunkeln
4634 1437 6837 1695 Es werden am äußern Ende der Halle sichtbar:
3197 1501 3705 1719 Ungen
4295 1623 6878 1841 Claudius, Talassius, Kortins, van Schurtoan)
1594 1562 4020 2006 Und fasse mein unendlich Glück! Dir, Sonne
4242 1836 5405 2042 Tullia Wernaht?
1586 1836 4052 2151 Die du noch fern im Weltenräume Draußen
4876 1978 6337 2268 Ha sich ihrecht? Ist es?
4218 2006 4743 2208 Sargu
1606 2038 4044 2333 Jetzt glänzend hell zur Erdenfahrt dich rüsteht,
6014 2139 6866 2389 Tiss Claudius
1623 2204 3806 2507 Dir ruf ich zu Bewundern sollst du mich
4210 2228 4735 2393 Sullia.
4214 2349 5667 2547 Sargu: (Ja Claudius nahl)
1594 2357 4028 2583 Und was ich bin, sollst du mit Stimmen sehe.
4230 2490 7471 2781 Claadius (der allein herbergekommen) Das Königspaar zu grüßen.
1522 2515 4093 2870 Tullia. Wie wild du drängst! Lass nicht die Flamm¬
4218 2696 5752 2946 Targu. Wie stehts in Rom.
2902 2769 3528 2975 verlöschen,
5296 2825 6983 3092 Wild wie in Deinem Geist.
4250 2898 4638 3084 Claud
1586 2842 3931 3189 Bevor sie fand, wonach sie zumgelnd sucht
4230 3023 6825 3342 Pargu. Geklärt ist alles schon in mir, wenn auch
1469 3076 3491 3354 Taigu. Ha Sillia! Versteh ich dich -?
4214 3249 4827 3443 Erregt.
2716 3298 3257 3499 Mür ein
1485 3294 1970 3483 Tullia
4303 3394 6692 3604 Claud. So auch in unserer Stadt. Oklar
1602 3435 2640 3725 Ein Wort sprich!
4274 3556 6321 3847 Ist alles, - meinem Blick gewiss -
2454 3596 3645 3875 Krone -warzu
1461 3661 1865 3810 Targu.
4295 3734 5893 4008 Nun freilich - auch erregt.
2543 3782 3616 4048 Ja die Flauen fand
1417 3794 1905 4000 Tullia
5453 3887 6749 4149 Was werd ich neues
4250 3988 4739 4186 Sargu
1445 3847 4052 4250 Targa- Jaja, sie hat ihr füßes Zielgefunden,
4311 4113 4884 4343 Erfahren?
1518 4113 4052 4448 Ganz fremd bin ich mir selbst. Geliebt
4286 4234 6979 4537 Cland. Vor einer Stunde sprach ich Serviub
3152 4291 3701 4585 Tullia
