8136 5016
4053 850 5982 1126 Und es bedrücken, wie es Rom schon sah
1064 976 3177 1322 Daß besseres meinem Mund entstränen konnte,
4016 1012 6034 1296 zu trotzger Bode und Gewalthet-Nun
6862 1060 7790 1259 Es ist nicht ganz klar, wil
6921 1182 7801 1344 Clandius den etrans¬
3987 1134 6578 1495 Ich muß gestehe - der Wunsch will mich so ganz
1130 1160 3240 1439 Als das, was mich die Not zu sprechen zwingt.
6950 1244 7790 1414 stimmen will u. wil es
6961 1318 7786 1539 ihn geschmittet.
1152 1314 3044 1590 Euch - über neuern weisen Pergamenten
4038 1322 5868 1601 Gerecht und edel nicht bedünken.
1174 1472 3431 1796 kanns freilich leicht entgangen sein, daß sich
7094 1447 7878 1712 Es wird schreckter
5717 1495 6030 1668 Wie!
4057 1517 4609 1727 Claudins
4071 1612 6405 1914 Auch ihr im Freund des Volks? Okenntet ihr
1174 1620 2857 1896 Unheimliches in eurer Nähe plant
1174 1745 3608 2047 Und daß ein Hauch von schwüler Unruhrings
4053 1789 6181 2062 Nur den gemeinen Haufen, der sich jetzt
4075 1936 7039 2194 In unsere Straßen breit macht, voll der Notzes, doch seit
1182 1966 3343 2231 Mit seinem Schauer durch die Füfte zeeht.
4068 2106 6391 2444 Der stets derartiges volk erfüllt, das sich
1182 2102 3041 2441 doch daß ich rascher zu der Sache komme.
361 2205 567 2396 Mr
1230 2253 3147 2581 Mich sendet der Senat zu euch und bittet
4060 2257 6321 2551 Mit einem Mal in eine Zeit versetzt sieht
7182 2338 7966 2555 Ihr aber, drückt die
456 2349 979 2584 gehende war
7123 2477 7896 2632 Gegenseeklung weit¬
1226 2404 3273 2717 Euch als des Königs nahen Anverwandten,
4086 2426 6159 2776 die es zu ahnen kaum gewagt. Indes
416 2477 791 2698 zur gut.
7105 2566 7664 2743 lebendiger aus
1230 2610 3652 2875 Ihm einiges vielleicht nicht ganz willkommnes
4119 2592 6523 2901 Ihr kennt den Haufen eben nicht. - Den dunkel
445 2610 928 2912 Unklar.
5235 2776 5533 2919 Benger
7116 2720 7388 2945 Menge
1237 2772 3265 3041 Zu melden. Freilich ists binach vergebens
4116 2772 5989 3096 Der aufgeblasnen Leute solltet ihr
1215 2934 3195 3221 dass ihr auch irgendwie bemüht; d doch
4108 2916 6416 3258 Mit eignen Augen einmal sehen. Ist nicht,
1230 3059 3505 3365 die Wünsche, wenn auch ganz gerecht und edel
4123 3114 6457 3401 Als dünkten sie sich gleichgestellt mit uns,
3320 3210 3545 3324 (dürzten)
1241 3262 3563 3527 An manchem Widerstande scheitern können.
4134 3243 6299 3571 Mit Romas hohem, altgebornem Adel
4123 3420 6483 3733 Und thun so stolz als wäre sie u. efasgleichen?
1226 3453 2654 3700 Struno. Die Wünsche aber -?
6376 3468 6766 3678 Ihr aber
2558 3519 3755 3777 Sind in kurzen Worten
4230 3622 6711 3832 Und wir - wir dulden das? Nein nun! — Jedoch
1277 3619 1752 3865 Claudius
1068 3700 3449 4068 Ein Einzger nur: die Freiheit will der Adel.
4083 3729 6744 4049 4/4 Ihr kann den Haufen eben nicht. Wie soll ichs
1274 3832 3748 4130 Frans. Der Adelwill die unbeschränkte Freiheit,
4186 3906 6494 4267 Versuchen, euch ein ganz getreues Bild
1270 4027 3468 4388 dieschon zum bösen Misbrauch wird, zurück!
4208 4064 6785 4418 des vom schon Volks vor einer Aug zu zaubern.
1299 4152 3685 4462 Er will, wies nicht vor Jahren war, gebieten
4211 4248 6402 4598 kannet ihr sie nur. Und konnte sie
1314 4377 3917 4738 Als freier Herr das Volk beherrschen können,
