8056 4920
1398 843 3997 1165 Marcus. Aus diesen Augen sprach bitterer Haß und Misgunst¬
1398 1058 3201 1318 Quintrs. Was folgt aus dem allem?
1398 1193 3378 1519 Caiis. Nun wohl, daß etwas vorgeht.
1412 1370 3918 1645 Mintus. - Und daß ich zum Staatsmann geboren bin
1412 1547 3415 1794 Maccus. Hier naht Lircius targuimus
228 1645 3969 1994 Ich liege das Worte mich der Exemplar - Amtus. Lucius Tarquinius, der Geheimnisvolle,
200 1873 461 1980 sprechen
1388 1873 3927 2106 Das wandelnde Räthsel, der bekannte Unbekannte
1281 2041 3951 2301 seiten Mensch, von dem man nie weiss, was man
1398 2190 2660 2437 hinter ihm vermuten soll
1402 2292 3993 2609 Egerius. Und Clandius, der Ungewisse, geht an seine
1356 2539 1724 2749 Seite.
1346 2651 3951 2893 Murens. Er ist heute in der Laune, uns sufs anzusehn.
1342 2846 3974 3107 Egerius. Schon hat sich sein Blick geändert, - es verruch¬
1328 2991 2954 3252 tet uns mit seinem Streichalten
1309 3163 3182 3429 Anntes. Der Geheimnisvolle träumt.
1342 3326 3909 3583 Egerius. Der Angewisse rüttelt ihn auf - da kommen sie.
1551 3527 3429 3937 Lucius Farguinius tritt auf.
1803 3820 2791 4039 Claudins mit ihm
1337 3890 3378 4295 Die übrigen nach den Seitenhin
4081 797 6792 1174 16 Clandic. Freund ich ermahn dich, laß das Träumensein;
4114 1090 6108 1360 Das ziert sich schlecht für künftige Negenten¬
4095 1249 6196 1523 Sei nicht so lässig im Gespräch! Ein Herrscher
7133 1239 7435 1430 Regent
7156 1384 7440 1472 Perscher,
7133 1398 7524 1556 befehlen
4100 1416 6122 1645 Muchs reden können, wie er handeln kann,
7133 1500 7393 1589 könnig
7137 1519 7524 1733 regieren
4533 1565 4850 1696 begining
4053 1579 6247 1845 Denn schlimm ists mit der bestellt, dergleich
6182 1705 6494 1812 gebrieben
4090 1733 6536 1966 Zur, that muss schreiten, weil er nicht befehlen
4076 1859 6639 2148 Und schon durch 6 Wort Gehorsam schaffen kann.
4081 2017 6601 2283 Targuin. Olaudius, glaube mir - eins Fühl’ ich wohl
4100 2190 6070 2474 Bei ihr erst König, kann ich auch regieren,
4095 2357 6108 2642 Und alles kann ich, wenn ich alles will.
4058 2530 6909 2786 Claudius. Nur was du mußt, nicht was du willst vermagst du.
4072 2674 6783 2982 Farqui Dr. sagt, du kennst mich und du glaubst eich schwacht
4081 2833 6634 3145 Claudin. Du zeigst dich schwach, das eine ist gewiss
4104 3005 6699 3266 Sarqu. Beim er gee Supiter! In meiner Brust
4095 3177 6364 3447 Wohnt größe Thatkraft, als ihr alle ahet.
6448 3224 6746 3392 fühl
4118 3368 6783 3625 Ich glaub es nicht bis ein Claudius, - ich weiß es.
4095 3513 6243 3788 Um alle, alle sollen’s somnend sehr
4076 3583 6597 3960 Und mit Bewunderung wird die Welt erfüllen,
4058 3848 5968 4114 Was tueins Tarquinius vernag,
4086 4025 6238 4281 Tot seiner lässigen Träumerein vermag,
4086 4193 6359 4482 trotz seines stillen unschönbaren Wesens.
