4408 5832
3643 634 3811 818 12
1380 739 2956 1051 Und Lucius Tarquinius wird König!
1393 972 3568 1199 Was langsam sich zur Tat gestaltet, sprecht ihr
825 1025 1324 1242 Talassius:
3157 1153 3469 1347 er, dann
1353 1189 2536 1399 In schnellen Worten aus.
2447 1311 3528 1567 Schnell folgt die Tat.
2139 1344 2359 1514 e se
828 1353 1298 1560 Claudius :
1390 1557 3318 1744 Schon pflanzt ich in Tarquinius den Keim,
1386 1702 3407 1886 Der bald erblühen soll. Sein seltsam Wesen,
1393 1912 3364 2050 Das sich bis jetzt noch selber unklar war,
1380 2063 3525 2267 Will ich zur Klarheit stolzer Grösse wandeln.
1383 2237 3462 2470 Wenn er bis nun, traumhaft verschlossen bald,
1383 2424 3502 2592 Bald wieder frisch in Lebenslust sich badend,
1383 2605 3275 2792 Ein kaum bewusstes Feuer in sich nährte,
1390 2789 3354 2914 So soll er jetzt, ein Held, vor uns erstehn
1403 2986 3239 3147 Und sich umkleiden mit der ganzen Weihe
1393 3167 3203 3298 Des kühn erwachten, freien Tatendrangs.
1396 3315 3426 3472 Und ihr allein wollt alles das vollbringen?
831 3324 1330 3472 Talassius:
1399 3446 3255 3676 Talassius, - nicht ich allein.1) Mit mir
834 3502 1278 3663 Claudius:
1409 3673 3347 3820 Verbündet sich der Zauber trunkner Liebe!
1403 3824 3469 4021 Versteht mich wohl und hört auf meine Worte,
1403 4018 3246 4208 Tarquinius liebt nicht sein eigen Weib,
1390 4208 3666 4395 Er liebt wahnsinnig, - doch die Glut verbergend,
1406 4336 3466 4566 Die ihn verzehrt, - das seltsam schöne Weib,
1403 4550 2704 4744 Das seinem Bruder angehört,
2615 4711 3206 4908 Er liebt - -
851 4721 1347 4921 Talassius:
854 4891 3492 5098 Claudius: O nicht genug - er liebt und - wird geliebt.
857 5082 2746 5249 Talassius: Von seines Bruders Weib -!?
2566 5233 3384 5420 Sie haben's sich
857 5289 1304 5463 Claudius:
