8136 5176
5458 448 6659 827 Zweck Seren:
4984 622 5349 836 Fo
1641 614 3974 966 Dann komm' ich auch, im Glanze deines Groß¬
1454 840 3956 1219 Mich selbst zu weiter sollen. Werk zu halbschen
4601 736 7473 1171 25/9 Eenfrau Straße in Korn.
3630 988 3948 1127 selbige
1462 1023 3904 1371 Pagn. Melch Weib ist würige, kurzwe¬
4692 1166 7891 1506 terair Tullius, gefolgt, theiligesetzt von Fabius
3238 1184 3748 1445 zu opssen
609 1275 3948 1728 (die Prinzengeöffnet) Als du? Geh sie und weise die Keschenke,
4487 1397 5436 1693 und Gabinius
1506 1497 3987 1837 Sleh nie ein segensvolles Sarkbestehn
1593 1645 4035 1980 des mächtigen Rom. Er aart großundliche
4496 1715 5850 1967 serv. Und nun? - Wohn?
7391 1841 7708 2024 G.C.P.
1671 1824 4004 2159 Und sinke nie Erfährt sie bis zur Thüre)
5532 1837 7082 2059 Vor allem laßt uns und
4457 1915 4849 2115 Sabins
3922 1980 4091 2181 P.S.
4479 2015 7269 2268 die Stadt verlassen. Weit und unermeßlich
1523 2011 3830 2376 Clauches. Im Bremen aller Romar
4405 2150 7904 2442 dehnt sich die Weltaus uns. Dir ist "Unstuberiell"
1706 2124 4109 2516 Weil ich auch dieser Wunse den nächtigen Göttern
4479 2363 7421 2677 kon ihren ganzen Rückreis nicht bisher schon.
1619 2320 4117 2712 1. Esfülle werden sich! Und nun Abwohl!
4509 2511 6981 2794 Ihr Eigentum Rom Sie könte vom bezweg.
1576 2542 3334 2816 Carqu. führt sie zur Thun; so geht.
4479 2655 6925 2951 Noch gibt es Ort, wo die Freiheit blust
1536 2616 3904 3090 Sal. Sast, wie des Volk Wien Wagen obst
4561 2851 7286 3156 und Nuhr uns erwartet Und xx
3164 2881 3748 3147 zweigt.
1650 2916 4083 3412 Einander. Noch immer wogts in Durch an hundert.
4596 3034 4923 3221 Und
4548 3103 6625 3456 Herrscht über ihre Erhebt in Rom
1671 3238 2807 3508 Giedritter Es stürm
4579 3308 7826 3678 kann ihren ganze Umkreis regier nicht beherrauf
1658 3295 3943 3643 Claudus (zu Targu, selber Servierts Jullus)
4531 3482 6886 3795 Sie konnte vom bezwiegen wohl, es
1593 3512 3974 3922 Sorga der eben ins wollt Volk sich)
2829 3674 3817 4013 -Sollsterben.
