4408 5672
1998 488 2559 687 Zu Seite 27.
1442 608 3640 825 Mich zu durchschaun und ganz mich zu verstehn.-
2866 761 3360 875 regt, er mach
1452 832 3919 1040 Ihr liebt Tarquinius - 1) und das Herrschen liebt ihr.
939 859 1166 1007 rende
1436 1034 3139 1200 Voll dieser mächtigen Gefühle findet
921 1028 1249 1243 gekomme
1445 1181 3087 1387 Im ruhigen gewohnten Sein die Brust
918 1228 1206 1399 Hiebei
1402 1353 3403 1562 Des Weibes keinen Raum. Ihr strebt hinaus,
1424 1565 3317 1740 Ihr ringet nach Erfüllung - nun sie soll
1421 1740 3440 1933 Euch werden. Denn wie ihr Tarquinius liebt,
1421 1881 3302 2099 So liebt er euch, und wenn er König wird,
1418 2071 3443 2194 So soll euch nichts im Wege stehn, euch Roms
1399 2249 3078 2381 Allmächt'ge Königin zu heissen. Was
1402 2440 3508 2565 Ihr liebt, sollt ihr besitzen; - wie den Mann,
1393 2590 2286 2808 So auch das Reich!
844 2771 1203 2958 Tullia:
2191 2793 3563 2989 Oh, - ich versteh' euch nicht -
608 2937 767 3096 29
841 2937 1277 3170 Claudius:
1402 2961 3557 3081 Wollt ihr’s noch klarer? So versteht denn das:
1393 3161 3317 3339 Erfüllen soll sich alles, was ihr wünscht,
1378 3327 3679 3514 Erfüllen selbst, was euch kaum glaublich scheint,
1381 3508 3231 3682 Was Hoffnung war, es werde Wirklichkeit.
1399 3670 3029 3870 Ich stehe da in des Senates Namen.-
1399 3873 3508 4048 Er baut auf euch - unsichtbar wirkt ihr schon
1381 4045 3207 4229 Als herrschende Gewalt in unsrer Mitte,
1375 4235 3676 4398 Heil wünscht er euch, er beugt sich euerm Willen -
1378 4394 2989 4576 Und also grüss' ich Romas Königin!
1381 4572 3759 4772 (Er senkt sein Haupt und beugt ein Knie vor Tullia)
1718 4664 2308 4778 muss gut gem
804 4729 1145 4956 Tullia:
1369 4744 3256 4956 Ha - Königin! - - Verstellung,fahre hin!
1366 4827 1645 4938 Für die
1863 4846 2369 4941 ne, mehr für
1356 4928 3118 5073 Ja, unsre Ziele sind die gleichen, wenn
822 4925 1089 5128 also.
1363 5039 3158 5254 Auch andre Mächte unsre Seele treiben;
789 5082 1295 5294 2) Ich gleich
1482 5198 1765 5303 in sei
