<?xml version="1.0" encoding="UTF-8" standalone="yes"?>
<PcGts xmlns="http://schema.primaresearch.org/PAGE/gts/pagecontent/2013-07-15" xmlns:xsi="http://www.w3.org/2001/XMLSchema-instance" xsi:schemaLocation="http://schema.primaresearch.org/PAGE/gts/pagecontent/2013-07-15 http://schema.primaresearch.org/PAGE/gts/pagecontent/2013-07-15/pagecontent.xsd">
    <Metadata>
        <Creator>prov=READ-COOP:name=TrHtr:version=2.1.0:model_id=51170:date=28_07_2023_17:01</Creator>
        <Created>2023-05-10T11:39:04.827+02:00</Created>
        <LastChange>2023-07-28T17:01:40.318+02:00</LastChange>
        <TranskribusMetadata docId="1428168" pageId="55389589" pageNr="46" tsid="131365745" status="IN_PROGRESS" userId="64420" imgUrl="https://files.transkribus.eu/Get?id=OGAFRKNCGPSRDBQRMNYBQMYY&amp;fileType=view" xmlUrl="https://files.transkribus.eu/Get?id=QVXECUAFOFTRYIIZHLGYEEPE" imageId="44664478"/>
    </Metadata>
    <Page imageFilename="1428168_0046.jpg" imageWidth="8104" imageHeight="5064">
        <ReadingOrder>
            <OrderedGroup id="ro_1711818225331" caption="Regions reading order">
                <RegionRefIndexed index="0" regionRef="tr_1"/>
            </OrderedGroup>
        </ReadingOrder>
        <TextRegion id="tr_1" custom="readingOrder {index:0;}">
            <Coords points="1230,1162 7124,1162 7124,4709 1230,4709"/>
            <TextLine id="tr_1_tl_1" custom="readingOrder {index:0;}">
                <Coords points="4192,1342 6526,1299 6692,1270 6699,1089 4199,1147"/>
                <Baseline points="4216,1289 4287,1295 4377,1289 4466,1289 4556,1289 4645,1283 4735,1283 4825,1283 4914,1277 5004,1277 5093,1277 5183,1271 5273,1266 5362,1266 5452,1254 5541,1248 5631,1248 5720,1248 5810,1242 5900,1236 5989,1236 6079,1230 6168,1230 6258,1230 6347,1224 6437,1218 6527,1212 6616,1212 6706,1218"/>
                <TextEquiv>
                    <Unicode>Olass auch mich, was wir mit Recht gehört,</Unicode>
                </TextEquiv>
            </TextLine>
            <TextLine id="tr_1_tl_2" custom="readingOrder {index:1;}">
                <Coords points="1212,1512 3330,1335 3589,1457 3972,1443 3983,1162 3784,1082 2814,1263 1227,1183"/>
                <Baseline points="1236,1409 1295,1409 1385,1403 1475,1397 1564,1397 1654,1397 1743,1391 1833,1391 1922,1385 2012,1379 2102,1379 2191,1373 2281,1367 2370,1361 2460,1361 2549,1355 2639,1349 2729,1349 2818,1343 2908,1337 2997,1331 3087,1331 3176,1319 3266,1325 3356,1319 3445,1313 3535,1313 3624,1307 3714,1313 3803,1307 3893,1307 3983,1307"/>
                <TextEquiv>
                    <Unicode>Fargu (abwesend.) Sist alles nichts! - Der Anfang</Unicode>
                </TextEquiv>
            </TextLine>
            <TextLine id="tr_1_tl_3" custom="readingOrder {index:2;}">
                <Coords points="4192,1508 4661,1573 5307,1447 6616,1479 6797,1454 6800,1277 4199,1346"/>
                <Baseline points="4216,1457 4299,1463 4389,1463 4478,1463 4568,1457 4657,1451 4747,1451 4837,1451 4926,1445 5016,1445 5105,1439 5195,1433 5284,1433 5374,1427 5464,1427 5553,1427 5643,1421 5732,1421 5822,1415 5911,1409 6001,1403 6091,1403 6180,1403 6270,1391 6359,1385 6449,1385 6539,1379 6628,1379 6718,1379 6807,1385"/>
                <TextEquiv>
                    <Unicode>Last mich dich selbst, tarquimus, besitzer</Unicode>
                </TextEquiv>
            </TextLine>
            <TextLine id="tr_1_tl_4" custom="readingOrder {index:3;}">
                <Coords points="2507,1555 2565,1584 2709,1533 2789,1558 2875,1533 2998,1605 3113,1515 3214,1551 3301,1537 3308,1396 3200,1418 3095,1382 2908,1468 2792,1414 2691,1461 2514,1472"/>
                <Baseline points="2532,1540 2591,1528 2681,1522 2770,1516 2860,1510 2950,1504 3039,1498 3129,1498 3218,1498 3308,1498"/>
                <TextEquiv>
                    <Unicode>einer that!</Unicode>
                </TextEquiv>
            </TextLine>
            <TextLine id="tr_1_tl_5" custom="readingOrder {index:4;}">
                <Coords points="4214,1663 5732,1703 5895,1591 6273,1620 6277,1454 4881,1555 4794,1501 4661,1573 4361,1479 4217,1533"/>
                <Baseline points="4233,1642 4311,1636 4401,1642 4490,1636 4580,1630 4669,1630 4759,1624 4849,1624 4938,1618 5028,1618 5117,1612 5207,1606 5296,1606 5386,1600 5476,1600 5565,1600 5655,1600 5744,1594 5834,1588 5923,1582 6013,1570 6103,1576 6192,1570 6282,1570"/>
                <TextEquiv>
                    <Unicode>Bin ich nicht wert dein Weib zu sein? -</Unicode>
                </TextEquiv>
            </TextLine>
            <TextLine id="tr_1_tl_6" custom="readingOrder {index:5;}">
                <Coords points="1331,1876 1905,1750 2276,1840 2886,1721 3106,1789 3304,1696 3853,1800 4012,1760 4019,1530 3117,1522 2918,1656 2799,1580 1342,1595"/>
                <Baseline points="1355,1755 1427,1749 1516,1749 1606,1743 1695,1743 1785,1737 1875,1737 1964,1725 2054,1725 2143,1725 2233,1725 2322,1725 2412,1719 2502,1713 2591,1707 2681,1707 2770,1701 2860,1695 2950,1695 3039,1689 3129,1678 3218,1678 3308,1672 3397,1666 3487,1666 3577,1666 3666,1666 3756,1666 3845,1660 3935,1660 4024,1660"/>
                <TextEquiv>
                    <Unicode>Dö. T. Der Anfang erst?. Kaust du noch mehr</Unicode>
                </TextEquiv>
            </TextLine>
            <TextLine id="tr_1_tl_7" custom="readingOrder {index:6;}">
                <Coords points="5898,1786 6050,1775 6068,1793 6082,1782 6097,1793 6126,1771 6227,1768 6234,1631 6183,1616 6093,1638 6043,1602 5992,1649 5942,1659 5902,1649"/>
                <Baseline points="5917,1761 5971,1755 6061,1749 6150,1749 6240,1749"/>
                <TextEquiv>
                    <Unicode>Oben</Unicode>
                </TextEquiv>
            </TextLine>
            <TextLine id="tr_1_tl_8" custom="readingOrder {index:7;}">
                <Coords points="4203,1894 4268,1912 4365,1883 4430,1905 4499,1869 4560,1905 4592,1883 4661,1901 4755,1847 4848,1869 4906,1843 4906,1706 4863,1688 4740,1670 4545,1757 4430,1652 4203,1681"/>
                <Baseline points="4221,1827 4287,1821 4377,1821 4466,1821 4556,1815 4645,1821 4735,1827 4825,1827 4914,1821"/>
                <TextEquiv>
                    <Unicode>Targu (f.1.)</Unicode>
                </TextEquiv>
            </TextLine>
            <TextLine id="tr_1_tl_9" custom="readingOrder {index:8;}">
                <Coords points="3056,1898 3149,1887 3232,1926 3312,1890 3373,1944 3485,1901 3517,1930 3561,1890 3651,1887 3651,1789 3550,1807 3481,1750 3409,1768 3301,1703 3189,1804 3056,1804"/>
                <Baseline points="3075,1875 3123,1869 3212,1863 3302,1863 3391,1851 3481,1857 3571,1857 3660,1863"/>
                <TextEquiv>
                    <Unicode>besitzen.</Unicode>
                </TextEquiv>
            </TextLine>
            <TextLine id="tr_1_tl_10" custom="readingOrder {index:9;}">
                <Coords points="4235,2092 4791,2096 4881,2017 5130,2089 5754,1959 5981,2024 6187,1941 6757,1999 6793,1782 5927,1905 5696,1800 5097,1952 4899,1861 4246,1898"/>
                <Baseline points="4257,2006 4287,2000 4377,2000 4466,2000 4556,2000 4645,1994 4735,1994 4825,1988 4914,1988 5004,1988 5093,1982 5183,1976 5273,1970 5362,1964 5452,1964 5541,1958 5631,1952 5720,1952 5810,1946 5900,1946 5989,1946 6079,1940 6168,1934 6258,1928 6347,1922 6437,1922 6527,1916 6616,1910 6706,1910 6795,1916"/>
                <TextEquiv>
                    <Unicode>Ich noch nicht ganz gestählt und muß mirs selbst</Unicode>
                </TextEquiv>
            </TextLine>
            <TextLine id="tr_1_tl_11" custom="readingOrder {index:10;}">
                <Coords points="1389,2121 2092,2092 2197,2139 2410,2082 2511,2172 2684,2085 2904,2107 2908,1962 2753,1898 2395,1962 2190,1926 2013,2024 1786,1934 1392,1988"/>
                <Baseline points="1409,2096 1480,2096 1570,2090 1660,2090 1749,2090 1839,2090 1928,2090 2018,2084 2108,2084 2197,2078 2287,2078 2376,2078 2466,2072 2555,2066 2645,2066 2735,2060 2824,2060 2914,2060"/>
                <TextEquiv>
                    <Unicode>Als einen Königsthron?</Unicode>
                </TextEquiv>
            </TextLine>
            <TextLine id="tr_1_tl_12" custom="readingOrder {index:11;}">
                <Coords points="4235,2266 4513,2201 4610,2233 4704,2190 4780,2215 4841,2197 4848,2002 4812,1995 4639,2107 4578,2045 4499,2103 4405,2053 4307,2107 4242,2096"/>
                <Baseline points="4257,2185 4311,2185 4401,2173 4490,2167 4580,2167 4669,2161 4759,2161 4849,2161"/>
                <TextEquiv>
                    <Unicode>Gestehe!</Unicode>
                </TextEquiv>
            </TextLine>
            <TextLine id="tr_1_tl_13" custom="readingOrder {index:12;}">
                <Coords points="1241,2345 2709,2244 3142,2388 3593,2247 4037,2266 4044,2071 1248,2164"/>
                <Baseline points="1266,2275 1271,2281 1361,2269 1451,2275 1540,2275 1630,2269 1719,2269 1809,2263 1899,2257 1988,2257 2078,2251 2167,2251 2257,2251 2346,2245 2436,2239 2526,2239 2615,2233 2705,2233 2794,2233 2884,2227 2973,2221 3063,2215 3153,2209 3242,2203 3332,2203 3421,2209 3511,2203 3600,2203 3690,2203 3780,2197 3869,2197 3959,2191 4048,2191"/>
                <TextEquiv>
                    <Unicode>Fargu. (gedankenvoll auf die Erde sehrend stüht</Unicode>
                </TextEquiv>
            </TextLine>
            <TextLine id="tr_1_tl_14" custom="readingOrder {index:13;}">
                <Coords points="4477,2367 6328,2327 6576,2276 6580,2168 6353,2222 6194,2168 6097,2237 4484,2197"/>
                <Baseline points="4502,2334 4526,2334 4616,2322 4705,2328 4795,2322 4884,2322 4974,2317 5064,2311 5153,2305 5243,2305 5332,2305 5422,2299 5511,2299 5601,2293 5691,2293 5780,2293 5870,2287 5959,2287 6049,2281 6138,2269 6228,2263 6318,2257 6407,2251 6497,2251 6586,2257"/>
                <TextEquiv>
                    <Unicode>Ein Bote mit 2 Steinkrug, ein andres mit</Unicode>
                </TextEquiv>
            </TextLine>
            <TextLine id="tr_1_tl_15" custom="readingOrder {index:14;}">
                <Coords points="1425,2511 1533,2525 1681,2453 1815,2468 1901,2547 2049,2547 2410,2460 2662,2529 2720,2514 2734,2266 2522,2363 2294,2287 2190,2320 2082,2269 2009,2320 1847,2280 1721,2356 1584,2334 1432,2399"/>
                <Baseline points="1445,2484 1480,2472 1570,2466 1660,2454 1749,2448 1839,2442 1928,2442 2018,2436 2108,2430 2197,2430 2287,2424 2376,2424 2466,2412 2555,2406 2645,2400 2735,2400"/>
                <TextEquiv>
                    <Unicode>sich aufs Schwert.)</Unicode>
                </TextEquiv>
            </TextLine>
            <TextLine id="tr_1_tl_16" custom="readingOrder {index:15;}">
                <Coords points="4462,2543 4820,2525 4913,2579 5271,2496 6115,2514 6147,2309 4466,2486"/>
                <Baseline points="4484,2532 4538,2532 4628,2520 4717,2514 4807,2508 4896,2502 4986,2496 5075,2490 5165,2490 5255,2484 5344,2484 5434,2478 5523,2478 5613,2472 5702,2472 5792,2466 5882,2466 5971,2460 6061,2460 6150,2454"/>
                <TextEquiv>
                    <Unicode>einem goldnen Bücher kommen.)</Unicode>
                </TextEquiv>
            </TextLine>
            <TextLine id="tr_1_tl_17" custom="readingOrder {index:16;}">
                <Coords points="2594,2590 2659,2619 2760,2579 2886,2670 3102,2565 3395,2587 3402,2446 3279,2435 3157,2493 3001,2431 2904,2468 2814,2399 2597,2460"/>
                <Baseline points="2615,2591 2687,2579 2776,2573 2866,2567 2955,2567 3045,2561 3135,2555 3224,2555 3314,2555 3403,2555"/>
                <TextEquiv>
                    <Unicode>Targuinius</Unicode>
                </TextEquiv>
            </TextLine>
            <TextLine id="tr_1_tl_18" custom="readingOrder {index:17;}">
                <Coords points="1205,2637 1299,2659 1364,2633 1479,2648 1530,2626 1587,2648 1627,2626 1692,2630 1696,2453 1631,2449 1526,2522 1486,2507 1429,2543 1338,2471 1288,2500 1212,2475"/>
                <Baseline points="1230,2621 1254,2621 1343,2621 1433,2615 1522,2609 1612,2609 1701,2609"/>
                <TextEquiv>
                    <Unicode>d à T.</Unicode>
                </TextEquiv>
            </TextLine>
            <TextLine id="tr_1_tl_19" custom="readingOrder {index:18;}">
                <Coords points="4181,2756 4506,2789 4993,2688 5094,2753 5639,2673 5685,2597 5577,2605 5444,2511 4975,2594 4621,2532 4192,2579"/>
                <Baseline points="4204,2711 4257,2711 4347,2705 4436,2699 4526,2693 4616,2693 4705,2693 4795,2687 4884,2681 4974,2669 5064,2663 5153,2663 5243,2657 5332,2657 5422,2657 5511,2651 5601,2645 5691,2651"/>
                <TextEquiv>
                    <Unicode>Die Boten (beugen ihr Knie.</Unicode>
                </TextEquiv>
            </TextLine>
            <TextLine id="tr_1_tl_20" custom="readingOrder {index:19;}">
                <Coords points="1338,2843 1815,2828 1923,2926 2082,2835 2929,2756 3131,2861 3276,2760 3615,2738 3618,2648 1685,2666 1342,2771"/>
                <Baseline points="1361,2824 1385,2818 1475,2812 1564,2806 1654,2800 1743,2794 1833,2788 1922,2782 2012,2782 2102,2782 2191,2776 2281,2776 2370,2770 2460,2770 2549,2764 2639,2758 2729,2758 2818,2752 2908,2746 2997,2746 3087,2741 3176,2741 3266,2741 3356,2735 3445,2729 3535,2729 3624,2723"/>
                <TextEquiv>
                    <Unicode>Olass mich offen sein End ruckhaltlos.</Unicode>
                </TextEquiv>
            </TextLine>
            <TextLine id="tr_1_tl_21" custom="readingOrder {index:20;}">
                <Coords points="4841,2872 5162,2908 5332,2843 5711,2872 5779,2825 5981,2839 5988,2702 5855,2680 5779,2734 5653,2688 5566,2738 5444,2684 5379,2734 5263,2709 5148,2763 5083,2760 5011,2684 4845,2745"/>
                <Baseline points="4860,2854 4920,2848 5010,2842 5099,2836 5189,2836 5278,2830 5368,2824 5458,2818 5547,2818 5637,2812 5726,2812 5816,2806 5906,2806 5995,2806"/>
                <TextEquiv>
                    <Unicode>Wer sendet auch?</Unicode>
                </TextEquiv>
            </TextLine>
            <TextLine id="tr_1_tl_22" custom="readingOrder {index:21;}">
                <Coords points="4210,2980 4329,2933 4380,2937 4426,2976 4491,2926 4556,2929 4646,2879 4740,2890 4744,2825 4636,2825 4553,2778 4387,2785 4361,2756 4282,2789 4217,2789"/>
                <Baseline points="4233,2890 4305,2884 4395,2878 4484,2872 4574,2866 4663,2866 4753,2872"/>
                <TextEquiv>
                    <Unicode>Faign.</Unicode>
                </TextEquiv>
            </TextLine>
            <TextLine id="tr_1_tl_23" custom="readingOrder {index:22;}">
                <Coords points="1371,3009 2998,2933 3131,3027 3247,2929 3604,2915 3781,2998 4040,2911 4044,2738 3727,2854 3413,2745 3027,2879 2082,2835 1912,2926 1558,2799 1374,2886"/>
                <Baseline points="1391,2973 1451,2967 1540,2967 1630,2961 1719,2955 1809,2955 1899,2955 1988,2955 2078,2950 2167,2944 2257,2938 2346,2944 2436,2938 2526,2932 2615,2932 2705,2926 2794,2926 2884,2926 2973,2920 3063,2920 3153,2920 3242,2920 3332,2914 3421,2908 3511,2908 3600,2902 3690,2902 3780,2896 3869,2896 3959,2890 4048,2890"/>
                <TextEquiv>
                    <Unicode>Du weißt! Wir waren nie im Geist vermählt</Unicode>
                </TextEquiv>
            </TextLine>
            <TextLine id="tr_1_tl_24" custom="readingOrder {index:23;}">
                <Coords points="4185,3182 4820,3052 5206,3117 5375,3023 6753,2980 6760,2814 5660,2937 5325,2846 4798,2958 4708,2879 4196,2987"/>
                <Baseline points="4210,3057 4251,3057 4341,3045 4431,3045 4520,3045 4610,3039 4699,3033 4789,3033 4878,3027 4968,3021 5058,3015 5147,3015 5237,3009 5326,3009 5416,3003 5505,3003 5595,2997 5685,2997 5774,2991 5864,2985 5953,2979 6043,2973 6132,2973 6222,2973 6312,2973 6401,2967 6491,2961 6580,2961 6670,2955 6759,2955"/>
                <TextEquiv>
                    <Unicode>1. Böh. - Von Aruns Gattin sind mir hergesandt.</Unicode>
                </TextEquiv>
            </TextLine>
            <TextLine id="tr_1_tl_25" custom="readingOrder {index:24;}">
                <Coords points="1328,3171 2042,3146 2190,3240 2468,3120 2742,3214 3164,3102 4095,3113 4098,2944 3485,3034 3250,2933 3131,3027 3027,2937 2734,3030 2363,2969 2125,3084 1934,2976 1331,3030"/>
                <Baseline points="1349,3159 1415,3153 1504,3147 1594,3147 1684,3141 1773,3141 1863,3135 1952,3129 2042,3129 2131,3123 2221,3129 2311,3123 2400,3117 2490,3117 2579,3117 2669,3111 2758,3105 2848,3105 2938,3099 3027,3093 3117,3099 3206,3093 3296,3093 3385,3087 3475,3075 3565,3075 3654,3075 3744,3069 3833,3063 3923,3069 4012,3069 4102,3075"/>
                <TextEquiv>
                    <Unicode>Du bliebst mir fremd, mich hast du kaum gekonnt,</Unicode>
                </TextEquiv>
            </TextLine>
            <TextLine id="tr_1_tl_26" custom="readingOrder {index:25;}">
                <Coords points="4235,3250 4437,3326 4729,3218 4874,3344 5043,3243 5721,3178 5952,3265 6306,3160 6540,3229 6782,3160 6786,3066 6540,2983 4239,3182"/>
                <Baseline points="4257,3230 4281,3224 4371,3224 4460,3218 4550,3218 4640,3206 4729,3206 4819,3206 4908,3200 4998,3194 5087,3194 5177,3188 5267,3182 5356,3182 5446,3182 5535,3176 5625,3170 5714,3170 5804,3165 5894,3159 5983,3153 6073,3153 6162,3147 6252,3141 6341,3141 6431,3141 6521,3135 6610,3135 6700,3135 6789,3135"/>
                <TextEquiv>
                    <Unicode>Du ihrer Schwester an dem heutzen Tage</Unicode>
                </TextEquiv>
            </TextLine>
            <TextLine id="tr_1_tl_27" custom="readingOrder {index:26;}">
                <Coords points="1400,3373 2789,3283 3034,3380 3214,3283 4044,3247 4048,3146 3723,3074 3474,3214 3240,3117 2854,3247 2522,3142 2092,3261 1403,3182"/>
                <Baseline points="1421,3320 1457,3320 1546,3314 1636,3314 1725,3314 1815,3314 1904,3308 1994,3302 2084,3302 2173,3302 2263,3296 2352,3290 2442,3290 2532,3284 2621,3278 2711,3278 2800,3272 2890,3272 2979,3272 3069,3272 3159,3266 3248,3260 3338,3260 3427,3254 3517,3254 3606,3248 3696,3242 3786,3230 3875,3230 3965,3236 4054,3248"/>
                <TextEquiv>
                    <Unicode>Fern von einander, in verschiednen Bahnen¬</Unicode>
                </TextEquiv>
            </TextLine>
            <TextLine id="tr_1_tl_28" custom="readingOrder {index:27;}">
                <Coords points="4210,3488 4343,3416 4747,3506 5198,3377 5494,3463 5736,3359 6912,3380 7017,3355 7024,3178 6295,3167 5952,3301 5837,3211 5047,3236 4874,3341 4722,3218 4217,3348"/>
                <Baseline points="4233,3415 4251,3409 4341,3409 4431,3403 4520,3397 4610,3391 4699,3385 4789,3385 4878,3385 4968,3379 5058,3374 5147,3374 5237,3368 5326,3362 5416,3362 5505,3356 5595,3356 5685,3350 5774,3344 5864,3338 5953,3332 6043,3332 6132,3326 6222,3326 6312,3326 6401,3320 6491,3320 6580,3314 6670,3308 6759,3308 6849,3302 6939,3296 7028,3296"/>
                <TextEquiv>
                    <Unicode>Zur Königswürde Heil und Segen wünscht.</Unicode>
                </TextEquiv>
            </TextLine>
            <TextLine id="tr_1_tl_29" custom="readingOrder {index:28;}">
                <Coords points="3543,3416 3589,3387 3611,3409 3745,3319 3788,3337 3817,3326 3878,3391 4001,3333 4066,3341 4066,3301 4015,3290 3957,3243 3918,3265 3813,3236 3788,3261 3745,3247 3719,3265 3672,3240 3546,3283"/>
                <Baseline points="3565,3344 3624,3332 3714,3326 3803,3314 3893,3320 3983,3326 4072,3338"/>
                <TextEquiv>
                    <Unicode>Wünschen</Unicode>
                </TextEquiv>
            </TextLine>
            <TextLine id="tr_1_tl_30" custom="readingOrder {index:29;}">
                <Coords points="1407,3528 1688,3503 1833,3611 2136,3496 2937,3467 3221,3579 3478,3456 3741,3539 4069,3391 3755,3315 3539,3377 3387,3279 3139,3413 2713,3276 2338,3387 1717,3319 1407,3438"/>
                <Baseline points="1427,3505 1480,3511 1570,3505 1660,3505 1749,3499 1839,3499 1928,3493 2018,3487 2108,3481 2197,3481 2287,3475 2376,3469 2466,3463 2555,3469 2645,3463 2735,3457 2824,3451 2914,3451 3003,3445 3093,3451 3182,3451 3272,3445 3362,3445 3451,3439 3541,3433 3630,3433 3720,3433 3809,3427 3899,3427 3989,3427 4078,3427"/>
                <TextEquiv>
                    <Unicode>Bewegte unser Denken sich um Lühmen,</Unicode>
                </TextEquiv>
            </TextLine>
            <TextLine id="tr_1_tl_31" custom="readingOrder {index:30;}">
                <Coords points="4174,3626 6082,3521 6486,3633 6955,3492 6959,3366 6371,3445 5812,3366 5559,3485 5321,3380 4747,3506 4376,3420 4177,3521"/>
                <Baseline points="4192,3594 4275,3588 4365,3583 4454,3577 4544,3571 4634,3565 4723,3559 4813,3553 4902,3547 4992,3541 5081,3541 5171,3541 5261,3535 5350,3529 5440,3529 5529,3523 5619,3529 5708,3523 5798,3517 5888,3517 5977,3505 6067,3505 6156,3499 6246,3499 6335,3493 6425,3493 6515,3493 6604,3487 6694,3481 6783,3475 6873,3475 6963,3469"/>
                <TextEquiv>
                    <Unicode>Aus diesem goldnen Becher trank sie selbst</Unicode>
                </TextEquiv>
            </TextLine>
            <TextLine id="tr_1_tl_32" custom="readingOrder {index:31;}">
                <Coords points="1461,3701 2457,3730 3012,3622 3164,3709 3286,3618 3860,3698 3918,3485 3337,3503 3214,3589 2955,3499 2796,3593 2276,3506 2096,3622 1465,3586"/>
                <Baseline points="1480,3660 1504,3660 1594,3666 1684,3660 1773,3660 1863,3660 1952,3654 2042,3654 2131,3654 2221,3648 2311,3648 2400,3648 2490,3642 2579,3636 2669,3636 2758,3630 2848,3624 2938,3624 3027,3618 3117,3618 3206,3618 3296,3612 3385,3612 3475,3606 3565,3600 3654,3600 3744,3600 3833,3600 3923,3606"/>
                <TextEquiv>
                    <Unicode>mein Largumus, du siehtest mich</Unicode>
                </TextEquiv>
            </TextLine>
            <TextLine id="tr_1_tl_33" custom="readingOrder {index:32;}">
                <Coords points="4217,3842 4473,3752 4820,3831 5289,3723 6714,3752 7114,3658 7118,3517 6490,3629 5718,3539 5462,3644 4224,3662"/>
                <Baseline points="4239,3768 4257,3762 4347,3756 4436,3756 4526,3750 4616,3744 4705,3744 4795,3738 4884,3738 4974,3732 5064,3732 5153,3720 5243,3720 5332,3714 5422,3714 5511,3708 5601,3708 5691,3702 5780,3696 5870,3690 5959,3684 6049,3684 6138,3678 6228,3678 6318,3678 6407,3672 6497,3672 6586,3666 6676,3660 6765,3660 6855,3654 6945,3642 7034,3642 7124,3636"/>
                <TextEquiv>
                    <Unicode>Auf der gekrönten Schwester gesund Glück</Unicode>
                </TextEquiv>
            </TextLine>
            <TextLine id="tr_1_tl_34" custom="readingOrder {index:33;}">
                <Coords points="1432,3885 4105,3824 4109,3709 3348,3622 2435,3777 1966,3687 1836,3766 1627,3680 1436,3734"/>
                <Baseline points="1451,3857 1516,3851 1606,3839 1695,3839 1785,3839 1875,3839 1964,3833 2054,3827 2143,3827 2233,3827 2322,3827 2412,3821 2502,3821 2591,3815 2681,3809 2770,3803 2860,3803 2950,3803 3039,3803 3129,3798 3218,3798 3308,3786 3397,3786 3487,3786 3577,3786 3666,3786 3756,3786 3845,3780 3935,3780 4024,3774 4114,3780"/>
                <TextEquiv>
                    <Unicode>Stets klein an Streben, an Gedanken vor</Unicode>
                </TextEquiv>
            </TextLine>
            <TextLine id="tr_1_tl_35" custom="readingOrder {index:34;}">
                <Coords points="4293,3975 4848,3929 5000,4030 5833,3900 6068,3990 6263,3885 6685,3867 6692,3698 6443,3683 6180,3799 5945,3737 5624,3802 5422,3719 4852,3864 4697,3791 4300,3838"/>
                <Baseline points="4317,3923 4365,3923 4454,3923 4544,3923 4634,3917 4723,3911 4813,3905 4902,3905 4992,3899 5081,3899 5171,3887 5261,3887 5350,3881 5440,3881 5529,3875 5619,3875 5708,3875 5798,3869 5888,3869 5977,3869 6067,3863 6156,3857 6246,3857 6335,3851 6425,3845 6515,3839 6604,3845 6694,3851"/>
                <TextEquiv>
                    <Unicode>Am heutigen Tag. das sendet ihn, auf daß,</Unicode>
                </TextEquiv>
            </TextLine>
            <TextLine id="tr_1_tl_36" custom="readingOrder {index:35;}">
                <Coords points="1501,4051 2269,4095 3261,3961 3521,4091 3773,4022 3781,3828 3622,3900 3283,3817 3063,3939 2698,3849 1955,3936 1508,3864"/>
                <Baseline points="1522,4024 1546,4024 1636,4018 1725,4012 1815,4012 1904,4012 1994,4007 2084,4001 2173,4001 2263,4001 2352,3995 2442,3995 2532,3989 2621,3983 2711,3983 2800,3983 2890,3977 2979,3977 3069,3965 3159,3959 3248,3953 3338,3953 3427,3953 3517,3953 3606,3959 3696,3953 3786,3959"/>
                <TextEquiv>
                    <Unicode>Und kanntest deine Tullia nicht!</Unicode>
                </TextEquiv>
            </TextLine>
            <TextLine id="tr_1_tl_37" custom="readingOrder {index:36;}">
                <Coords points="4257,4131 4628,4192 5004,4087 6490,4080 6530,3853 6064,3994 5768,3903 5451,4019 5256,3943 4993,4037 4874,3932 4264,3994"/>
                <Baseline points="4275,4108 4293,4108 4383,4102 4472,4102 4562,4096 4651,4090 4741,4084 4831,4084 4920,4084 5010,4084 5099,4072 5189,4066 5278,4066 5368,4060 5458,4054 5547,4048 5637,4042 5726,4036 5816,4030 5906,4030 5995,4030 6085,4030 6174,4024 6264,4018 6353,4012 6443,4001 6533,4007"/>
                <TextEquiv>
                    <Unicode>Die hohe Königin den ersten Krunk</Unicode>
                </TextEquiv>
            </TextLine>
            <TextLine id="tr_1_tl_38" custom="readingOrder {index:37;}">
                <Coords points="3128,4149 3323,4214 3413,4149 3647,4141 3709,4181 3828,4181 3903,4217 3900,4008 3799,4026 3745,4084 3640,4095 3420,4066 3384,4087 3247,3997 3124,4026"/>
                <Baseline points="3147,4144 3236,4132 3326,4132 3415,4132 3505,4132 3594,4138 3684,4138 3774,4138 3863,4144 3911,4150"/>
                <TextEquiv>
                    <Unicode>Targummub,</Unicode>
                </TextEquiv>
            </TextLine>
            <TextLine id="tr_1_tl_39" custom="readingOrder {index:38;}">
                <Coords points="4275,4333 5126,4361 5675,4235 6187,4315 6295,4224 6782,4224 6789,4084 4282,4156"/>
                <Baseline points="4293,4281 4377,4281 4466,4281 4556,4275 4645,4269 4735,4263 4825,4263 4914,4257 5004,4251 5093,4245 5183,4245 5273,4233 5362,4233 5452,4233 5541,4227 5631,4221 5720,4216 5810,4216 5900,4216 5989,4216 6079,4216 6168,4204 6258,4204 6347,4198 6437,4198 6527,4192 6616,4186 6706,4180 6795,4180"/>
                <TextEquiv>
                    <Unicode>Aus ihrer Schwester Trinkgefuß genießt</Unicode>
                </TextEquiv>
            </TextLine>
            <TextLine id="tr_1_tl_40" custom="readingOrder {index:39;}">
                <Coords points="1461,4434 2327,4372 2641,4448 2792,4369 3052,4437 3348,4329 3525,4423 3784,4325 3788,4210 3243,4174 3117,4246 2922,4159 2561,4257 2247,4174 1851,4289 1468,4239"/>
                <Baseline points="1486,4401 1552,4383 1642,4383 1731,4371 1821,4371 1910,4365 2000,4365 2090,4359 2179,4359 2269,4353 2358,4353 2448,4347 2537,4341 2627,4335 2717,4329 2806,4335 2896,4335 2985,4335 3075,4329 3165,4323 3254,4317 3344,4311 3433,4311 3523,4305 3612,4311 3702,4311 3792,4311"/>
                <TextEquiv>
                    <Unicode>Für kein Verbrechen halt ich deine That</Unicode>
                </TextEquiv>
            </TextLine>
            <TextLine id="tr_1_tl_41" custom="readingOrder {index:40;}">
                <Coords points="4260,4488 4675,4560 5440,4455 5624,4542 6371,4390 6757,4444 6768,4221 6180,4315 5382,4250 4946,4387 4654,4289 4268,4340"/>
                <Baseline points="4281,4460 4353,4454 4442,4454 4532,4454 4622,4448 4711,4442 4801,4442 4890,4436 4980,4431 5069,4431 5159,4425 5249,4425 5338,4419 5428,4413 5517,4407 5607,4401 5697,4401 5786,4395 5876,4389 5965,4383 6055,4377 6144,4371 6234,4371 6324,4371 6413,4371 6503,4359 6592,4359 6682,4353 6771,4347"/>
                <TextEquiv>
                    <Unicode>Und sie gemiß ihn auf ihr eignes Wohl</Unicode>
                </TextEquiv>
            </TextLine>
            <TextLine id="tr_1_tl_42" custom="readingOrder {index:41;}">
                <Coords points="1526,4560 1977,4621 3384,4491 3965,4607 4030,4253 3521,4430 3366,4336 2796,4466 2460,4372 1959,4484 1530,4419"/>
                <Baseline points="1546,4544 1612,4544 1701,4544 1791,4538 1881,4532 1970,4532 2060,4532 2149,4532 2239,4532 2328,4520 2418,4514 2508,4508 2597,4508 2687,4502 2776,4508 2866,4508 2955,4502 3045,4496 3135,4490 3224,4484 3314,4472 3403,4472 3493,4472 3583,4472 3672,4472 3762,4466 3851,4460 3941,4472 4030,4484"/>
                <TextEquiv>
                    <Unicode>D u nahmst dir uns, was der mit Recht</Unicode>
                </TextEquiv>
            </TextLine>
            <TextLine id="tr_1_tl_43" custom="readingOrder {index:42;}">
                <Coords points="2828,4708 3016,4784 3092,4755 3124,4773 3304,4686 3445,4737 3488,4697 3553,4701 3568,4527 3528,4517 3460,4567 3344,4513 2973,4628 2835,4592"/>
                <Baseline points="2848,4699 2938,4693 3027,4681 3117,4675 3206,4663 3296,4657 3385,4651 3475,4657 3565,4651"/>
                <TextEquiv>
                    <Unicode>gehörte.</Unicode>
                </TextEquiv>
            </TextLine>
        </TextRegion>
    </Page>
</PcGts>
