8088 4888
5681 601 5900 821 P7
4072 778 7175 1079 Sohne Hrnkönig ich nichts im krei mehr gesezt
7380 950 7867 1232 1.Aufz, 1.0.
4210 1002 6196 1236 Ich hätte jetzt dem König frei gesagt,
969 988 3280 1365 Doch sehr verdächtig ahnungsvollene Sin¬
4220 1150 6478 1427 Wie sichs verhält und wie die Sachen stehen.
983 1150 3404 1513 Pervens (Sgrag mit Claudius & Salossurs)
7084 1208 7261 1375 ?
4120 1313 7003 1594 Claudius. Daß ihr im Navr wärt, ja! Mein bester, sagt
983 1394 3499 1690 Es ist die Zeit, in der ich mich im Garten
1060 1494 3657 1833 Gern zu ergehen pflege. Macht das Alte
6989 1518 7939 1719 das Stück spalt doch
4120 1485 6674 1723 Mir doch einmal, wie ihr geredet hättet!
539 1614 711 1704 keine
4898 1637 5504 1762 So sagt ichs ihm
81 1647 960 1867 fflag? Das Alter macht
7251 1642 7776 1824 Rom nicht
1045 1652 3743 1995 den Menschen doch zum Sklaven der Gewohnheit
4148 1647 6889 1919 Tawisius. Ich hält gesagt: Meinläng! Der Senat
6998 1752 7776 1895 Morspotamien
5380 1790 5571 1919 P.
492 1828 812 1995 besser
7332 1857 7958 2024 Die Größten unter den ge¬
1055 1857 3475 2134 kommt, Fabius und Gebinns, mit mir;
4144 1814 6144 2038 Empört sich und er euch. Die edelster¬
7600 1952 7910 2067 Jahrt water
4086 1962 4635 2115 Ew: for adliged
7600 2019 7910 2105 aber nicht
3294 1938 3786 2248 une cuite
7523 2053 7967 2196 Ungerl.ess wird
4144 1986 6053 2234 der edelsten Geschlechter stehen auf
1079 2034 2540 2344 Ihr beide, leb E wohl.
7313 2143 7800 2277 zu Holz v.
2664 2053 3867 2401 Servius Regierung blei¬
4196 2148 6817 2411 Und dulden nicht mehr, dass ihr sie zurücksetzt.
7332 2234 7767 2501 richtig.
4191 2315 6502 2573 die Slebs - das niedre, das gemeine Volk
1413 2377 2439 2597 Er gestab mit
4378 2458 5242 2587 das jünchst einge
4187 2382 7881 2740 Schwunge sich mehr auf von einem Tag zum andern, kann es sich auf
1556 2497 3041 2778 Fabius und Gabinius
3375 2473 3924 2735 entschließen
6994 2635 7838 2845 schrengen und zu
4182 2626 6430 2902 Und legt die Eaulen Hände in den Schorß,
3007 2583 3852 2907 man sich freilich
6979 2764 7920 2974 gleich die Hände im
3466 2821 3766 3007 rare
4144 2735 6297 3022 Ab wär es frei, gleich Adligen geboren.
1652 2807 2941 3079 Talassius, Elandens
7008 2883 7781 3112 den Schoß leg,
1022 2898 3948 3318 Talassius (mitmütig um hergehend) denkt ihr noch lang zu zeigern?
4148 2955 6903 3222 Es leistet uns nicht Frohndienst mehr; die Schulden,
5490 3127 5743 3260 of machten)
6936 3046 7934 3318 tiraus folgt: daß die
4163 3122 6593 3361 Die im Gefängnis liegen sollten, leben
3151 3165 3752 3370 Stille nur!
4387 3256 4750 3408 (Fried à Freudy)
1084 3246 1618 3437 Claudius.
6936 3246 7939 3437 Adeligen die Hände
4115 3284 6149 3561 zu Kuh und Treden ihre Tage hin
1074 3284 3265 3657 Versteht mich doch bevor ihr mich verurtheilt.
6946 3356 7944 3552 in den Schop legen
6970 3475 7891 3771 nicht die Flebiger.
1055 3494 3681 3743 Glaubt wir, ein schnelles Häuseln war auch mir
4196 3461 6435 3724 voll des Gefühles ihrer unverdienten
4148 3628 6435 3910 fasten unumschränkten Unabhängigkeit
1093 3638 3303 3948 Weit lieber als dies langsam schleifende,
4172 3790 7118 4019 Die uns Patricieren unerträglich dünkt. xxx
1112 3809 3299 4158 Doch etwas ist, den wir uns alle beugen.
7490 3914 7881 4082 Neuam
358 3895 936 4120 brauchen wir
797 3948 3924 4249 Ist's nicht das Nicht, so ists der Schein des Rechts.
4110 3977 7939 4177 Clandius. Vergiss nicht, daß du vor dem König stehst, — Eist es ja - auch ein
368 4082 792 4311 Rechts F und Schreiben
1150 4129 3977 4440 Palassius. Hier brauchts nicht Recht um brauchs nicht schein des Rechts¬
7108 4134 7853 4387 Sklavenspönßling
4206 4120 6530 4363 Und mäßige deine Worte. Wän ich könig
315 4292 668 4473 ist werden
4172 4301 6449 4573 Und sprächst du so zu mir, so möchtest du
1150 4306 3428 4631 Wir es gegangen meinem Willen nach¬
468 4430 960 4688 (Wachtelling..)
1193 4492 3284 4683 War alles meinem Willen nach geschehe
