8248 5176
1787 716 2131 897 welen.
1485 735 3453 1078 Seit einigen Jahren schon zurückgesetz¬
1533 871 3908 1177 Und gegen wen zurückgesetzt! O könne,
1555 1088 3975 1396 Daß ich es sagen muß! Vergebt, ihr Senatoren
1536 1215 3644 1565 daß ichs in Worte fasse, was schon längst
1571 1390 3606 1698 Verzehrend nagt an ouer alles Herzen.
1580 1558 3600 1867 Schrwißt es alle, was ich sagen will
1593 1720 3746 1975 Uu eurer Stimme finsteren Faltenziehe,
1638 1873 3819 2159 An einer Augen unzufredenen Blick,
1603 2054 3810 2283 An allen einen Mienen ist es zu sehn!
1609 2207 3260 2493 Ja Senatoren; edle Sanatoren¬
1647 2353 3985 2671 Ihr seid zurückgesetzt in diesem Staat
1638 2541 4032 2763 Nein unter diesem König wollt ich sagen.
1615 2674 4048 2989 Sind ihr zurückgesetzt. Ja, edle Männer
1622 2811 4023 3139 Das Volk; der Rötel, niedrige Rlebejer,
1615 2976 4013 3310 Der letzte Abschauen unsres Bürgertums,
1622 3142 3959 3508 Er wird begünstigt, wird geliebt. Und mehr
1641 3358 3886 3676 Als ist, als ihr erhabe. Senatoren
1606 3482 4153 3791 Wird dieses Volk begünstigt und geliebt
1660 3673 3911 3975 Erinnert euch vergangner Zeiten nicht,
1663 3810 4207 4102 der schönsten Tage unsres römischen Adels¬
1638 3988 4179 4299 Denn wie stehts jetzt in Rom? Das Vok ist frei.
1644 4109 4207 4436 Ihr seid bedrückt der Sode herrscht. Ihr seit
1628 4318 3889 4586 die Sklaven einer Knechte. Senatoren¬
4293 595 6013 935 Verachtet seid ihr! Das Patriciertum
4287 785 5937 1088 der Romar edelste Gesammtheit ist
5244 843 6773 1145 tergebt, daß meine Worte
4325 986 5129 1177 Verachtel! - - -
4283 1081 6309 1396 Die schlichte Bahn der kühlen Unterredung
4306 1234 6220 1565 Verlassend in dem grenzelosen Raum
4341 1428 6239 1755 Entfesselter Gefühle sich bewegen¬
4360 1526 6719 1908 doch schmäflich ists wie man mit euch verführt
4338 1746 5997 2057 Doch sehr erklärlich, Senatoren’s denn
4328 1883 6414 2188 bedekt, wer eines König ist. Bedenkt,
4318 1988 6707 2366 Wer hier das Seyterführt, wer iungs in Rom
4322 2201 6420 2522 Das erste Wort, die höchste Macht besitzt
4325 2350 6560 2668 Wer über Tod und Leben hier entscheidet.
4347 2496 6544 2849 Ein Sklave. Senatoren. Hört! Ein Sklavn¬
4366 2639 6678 2989 Drum ists das Volk, das so begünstigt wird
4360 2824 6382 3107 Denn ist es das Satriciertum, das also
4312 2989 6268 3358 Verachtet mir - und gegen jener Pöbel
4331 3158 6398 3523 Zurückgesetzt. - O hört! Der König Rom's
4366 3301 6684 3625 Staht tief, tief imter seinem eignen Bürgern,
4360 3485 6325 3829 Das ist die Ursach dieses Willkürseerschaft
4372 3632 6646 3981 Und Grund des jetzigen Wesens mehres Staats.
4385 3803 6468 4093 Der König Roms, ihr Edeln, ist ein Klave
4423 3978 6249 4334 Unzählge Mal' auf' ichs auch gerne zu
4439 4045 6713 4497 die Schmach in diesem Wort, ihr sollt sie fassen
