8232 5176
1357 716 3530 1069 Mich dinkt, ihr wart noch nie darüber klar¬
1385 898 3952 1237 West ständ es längst in dieser Stadt ganz anders -
1412 1083 3547 1361 Er ist ein Sklav. Mit diesem Worte will ich
1405 1251 3335 1553 Wird mit dem Hasse gegen dieses Wort
1429 1412 3619 1686 Will ich auch ganz erfüllen. Schlimm genug
1440 1553 3626 1875 daß ich erst aufstehn müßte, einem Scharfinn
1433 1748 2951 1961 des alles in an nie erregte Flut¬
1433 1895 3462 2187 des völligen Verstehe zuleiten. Aber nun
1392 2070 3643 2372 begreift ihres auch? Euch alle frag ich hier:
1416 2248 2351 2509 Versteht ihr mich?
1422 2386 3349 2677 Testalle (mache bejahende Verregung)
2817 2475 3784 2783 Nur allzugut!
1460 2622 1895 2804 Einige
1416 2677 3911 2972 Fabius. Und jetzt, Carquinius, erklär mir dies.
1436 2841 3753 3092 Ist tieb zum Volk beleidigung des Adels?
1385 3040 3650 3304 Tarqu. Spricht, Senatoren, findet ihr es nötig
1392 3174 3523 3479 dass ich euch nochmals alles wiederhole.
1374 3373 2176 3657 Kastalle. Sein
1419 3510 3918 3791 Fabius Oichweiss ja! Alle hier begreifens,
1419 3685 3582 3952 Todweder hat verstanden, was du sprachst,
1412 3853 4168 4106 Und wenn nicht das, - zum mindsten, was du wollteht
1457 3986 4113 4281 dein eigennütziges Straben, Sohn des Prikus
1433 4175 3911 4469 Wäre dem Vorstehn der ganzen Menschheit reif,
1416 4346 3568 4565 Und alle kenendich! O Senatoren
4274 542 6221 847 Ich bitt' euch, läßt mich insige Worte sprechen.
4274 754 5333 1063 Viele. Schweig! Still!
4257 895 6279 1193 Sargu (öhnischlächelnd) O tasst ihn nur!
5378 1011 6687 1258 Mich dünkt, Tarquinus,
4264 1083 4668 1282 Clauchis
4312 1193 6488 1498 Daß du zu große Freiheit für gewährst
4315 1453 5319 1693 Parac. Spruch, Latius!
4267 1532 6252 1799 Conclus. [zu Sargu.) In einem Augenblick
4302 1697 6008 1988 Verändert sich der Stand der Dinge
5823 1844 6217 2074 Sprech!
4295 1919 5176 2163 Terger (zu Fabius).
4322 1998 6406 2283 Kakius. Ihres der Saatoren. Eine bitte
4343 2135 6711 2482 Ist immer Rede Inhalt: Diese bitt' ich euch:
4315 2324 6228 2636 daß ihr die Thaten eines Beigssohnes
4326 2475 6619 2732 Mit eines klaven Wirten doch vergleicht.
4322 2639 6577 2886 Ach es ist wahr! Der Sklave that so wenig
4377 2835 6348 3129 Sie ganzes Leben ging in einem auf.
4349 2961 6742 3239 meiner Wunsch in einer That. Nicht, nichts
4589 3150 5018 3301 dieser Sklay
4377 3143 6619 3434 hat er vollbracht und nichts geschaffen
4373 3287 6728 3527 In seinem ganzen langen, langen Leben
4380 3479 6786 3729 Als seines Volkes Glück -! C Sklavenwerk!
4425 3595 6917 3883 O Zeugnis eines wieder Siens und denkens!
4421 3811 6656 4072 Er machte Roma glücklich! - Wie ist doch
4397 3966 6471 4264 bes Königs Sohnes Leeins Cargeimus
4387 4106 6951 4408 Gesinnungbart so groß und weltumfassend
