4248 5416
1319 437 3419 735 Und nochmalswerden sie mein Nein, mein festes,
826 525 1153 740 ervius:
1319 655 3062 891 Mein unerschütterliches Nein und nie
1322 876 3180 1068 Ein andres Wort aus meinem Munde hören.
1330 988 3148 1260 Und sagt, warum gehorchte meinem wunsch
1333 1207 3103 1437 Hieherzukommen, auch Tarquinius nicht?
1345 1434 3714 1587 So weit geht meine Kenntnis nicht! Die Mittagsstunde
773 1431 1221 1593 Claudius:
1328 1561 3204 1823 Soll morgen alles klären und zum guten,
1328 1782 3003 1974 Zum allerbesten alles Böse wandeln,
1322 1888 3115 2159 Und also wunsch ich meinem König Heil!
1345 2100 1985 2298 (Geht.Stille)
1363 2286 1974 2466 (zu Gabinius)
791 2319 1133 2475 Fabius:
1345 2428 3036 2643 O dieses Claudius ränkevoller Geist
1333 2578 3260 2870 Allein ist alles Unheils gift'ger Quell.-
1351 2811 2891 3036 (zum König, der starr dagestanden)
773 2785 1242 3018 Gabinius:
1339 2950 3410 3201 Soll die Partei des Volks sich rüsten? Stets
1333 3121 3307 3416 Muss man des Kampfes jetzt gewärtig sein.
1363 3369 1746 3522 (tonlos)
791 3313 1183 3546 Servius:
1345 3490 3233 3714 Sie sollen jeden Augenblick bereit sein,
1351 3655 3165 3921 In aller Stille sprengt die Kunde aus.
1372 3862 2640 4100 (Sie wenden sich zum Gehen)
1342 4012 3207 4301 O Rom! o Rom! — Es wankt dein Königtum!
808 4027 1204 4295 Servius:
1749 4404 2599 4578 Der Vorhang fällt.
1770 4525 2664 4673 ....., ét * ̃  =================x.
