8238 4840
7320 928 7772 1184 1. Aufg. 1. De
98 937 3003 1264 Die wieder eingeführten möchten, die je durch Stolz an ihrer Ehr gekränkt
89 1161 951 1250 wanderterem Fragment sind an u. für
93 1203 979 1319 sich sehr schön, zufällig, sie geschaffen,
4140 1077 6099 1394 Das Höchste und das Heiligste verhöhnen.
988 1119 2714 1427 Sie je beleidigt, die Verblendeten,
89 1287 485 1366 für Dieu drame.
89 1301 937 1422 Ausserdem als Reispiele für den
988 1287 3133 1539 Mit einem verzogen unbedachten Worte?
135 1361 811 1473 brauch dieses Works ogl.
4131 1301 6141 1562 Doch wenn sie sich zusammenthun, ein Schwärm
117 1422 793 1581 wallet. rad. I. 6. 5. 115.
424 1469 797 1581 II. 7. §. 135.
107 1497 2275 1739 choria Haart E. 6. (chochim ueresse) Fabius. Er that es nie
4206 1459 6117 1725 Von trotzigen verwilderten Rebellen
93 1613 984 1748 Die Schaubrühne als eine monelische
4122 1632 6327 1888 Geführt von jener wesenlosen Willkür¬
573 1683 881 1800 (1784) und de la
1963 1632 3040 1893 So sagt mir doch, warum
685 1692 1483 1926 Geistaus Gabinius
121 1776 709 1874 langen an, der verschende
112 1846 704 1944 hier fest zu werden.
4154 1795 6588 2047 Die Freih sich mit der Freiheit Namen brustet.
1002 1809 2895 2075 Sie wieder den Ehrwürdgen sich erheben?
140 1842 881 2056 Genug der Beispiele!“
135 2014 508 2126 son cartes 1.2
1035 1949 3320 2257 Sagt mir, was sie zu einem Frevel treibt,
4122 1958 6266 2163 Dann wehe dir, erbarmenswertes Volk,
182 2024 951 2191 " Vers seinerlebneskert ver- 13/4
182 2154 769 2261 Für dienstlichkeit zu
587 2121 3054 2424 wiederholt. Der unerhört ist auf der ganzen Erde¬
4126 2089 6490 2373 In dem der Aufruhr Flammend sich erhoben,
149 2219 881 2331 Jörner: Salzler & Wvchelms Reall
1030 2257 3693 2588 Doch nein - der Zorn treibt mich zu weit. Gabs denn
4122 2271 6453 2550 Weh dir, verlörnes, unglückseliges Volk.
5586 2406 6127 2560 (neun) (Fridin)
4089 2429 6565 2718 In schwerem Dunkel ziehen xxx Tage deine
1021 2457 2933 2704 Meistimmer solche, denen die Natur
1007 2588 3143 2891 Das schade Aug der geistigen Vollendung,
4080 2588 6560 2886 Ob deinem Haupt gefahr umhüllt herauf.
984 2765 3315 3063 der Menschenzierd en gottlichste versagt hat?
4103 2770 6220 2989 den der Empörung Namenzeichen kann
5478 2923 5674 3040 wandw
4080 2923 6900 3194 Die Nacht zum Tag nicht machen, kan nicht klarheit
1026 2937 2984 3203 Versagt hat jenes Auge, das allein
4089 3077 6430 3371 Und Licht aus trüber Finsternis gebüren.
1002 3091 3152 3390 die Güte und die Großmut eines andern
4089 3245 6518 3478 Fabris. Nach ist es soweit nicht, Gabinus; und
1026 3268 3143 3530 So ganzer kennen kann, daß im Erkennen
4075 3427 6075 3697 Die Götter mögen geben, daß ihr jetzt
1007 3441 3819 3767 Zugleich das Wurd'gen liegt? Und solche, denen
3413 3585 3623 3763 war.t
4075 3599 6127 3889 In der Erregung eures letzten Worte
1021 3613 3422 3907 des Greisen weißes Haupt nicht heilig ist
4080 3758 6486 4052 Nicht Sicherwart, daß ahnungsvoller Geist
1002 3772 3240 4061 Und solche, die den König nicht verehrte?
112 3819 974 4112 Bade werden, wie seit einige
4080 3935 6066 4210 In einer Rede jetzo nicht gesprochen.
988 3930 3296 4229 Stets werden solche kommen - - und vergehen
681 4028 867 4136 Beil
6942 3940 7786 4224 Omiewied brug
93 4042 849 4243 So auch hinforl seets kommen,
4103 4145 7847 4355 Gabinus! Jedoch verbergt mir länger nicht die Ursach, so mein eignen
317 4178 914 4359 und vergliche
1035 4103 3250 4397 Spurlos vergehen, wenn sie einzeln sind
415 4257 718 4429 to give
7026 4243 7465 4383 Worten.
6728 4285 6956 4471 sage
4112 4266 6360 4551 die römsche Bürger zur Empörung treibt.
1035 4276 3250 4565 und bauend auf das stolzbewußte Silbst
4126 4457 7516 4676 Und was treibt unter setzes Frau zum Aufruhr? Ist gesandten Stellen
4844 4593 6285 4756 wünsche Bürger zur Empönung
