4456 5848
1400 729 2516 1008 Zu Seite 11
829 937 3718 1249 1) Hier tritt nicht die Idee hervor:die Art der Regierung, die
983 1145 3696 1432 eben die Unzufriedenheit erweckt. Ein zwischen den beiden
965 1360 3725 1586 letzten eingeschobener Vers müsste dies. Etwa: Kein Freund
983 1543 2387 1812 der Masse, ein Patrizierfürst.
3047 4371 3241 4522 hène
2229 4543 2753 4755 angehört.
1453 4852 3528 5125 0 nicht genug - er liebt und - wird geliebt.
1453 5046 2616 5297 Von seines Bruders Weib-
2605 5211 3434 5401 Sie haben's sich
