<?xml version="1.0" encoding="UTF-8" standalone="yes"?>
<PcGts xmlns="http://schema.primaresearch.org/PAGE/gts/pagecontent/2013-07-15" xmlns:xsi="http://www.w3.org/2001/XMLSchema-instance" xsi:schemaLocation="http://schema.primaresearch.org/PAGE/gts/pagecontent/2013-07-15 http://schema.primaresearch.org/PAGE/gts/pagecontent/2013-07-15/pagecontent.xsd">
    <Metadata>
        <Creator>prov=READ-COOP:name=TrHtr:version=2.1.0:model_id=51170:date=28_07_2023_17:00</Creator>
        <Created>2023-05-10T11:39:00.403+02:00</Created>
        <LastChange>2023-07-28T17:00:05.013+02:00</LastChange>
        <TranskribusMetadata docId="1428168" pageId="55389423" pageNr="21" tsid="131365701" status="IN_PROGRESS" userId="64420" imgUrl="https://files.transkribus.eu/Get?id=VDNMVGFYTPMRPYTKQQBYPOFN&amp;fileType=view" xmlUrl="https://files.transkribus.eu/Get?id=ZBIEYRPHMGOBRLHNZZMXWQMR" imageId="44664312"/>
    </Metadata>
    <Page imageFilename="1428168_0021.jpg" imageWidth="8088" imageHeight="4920">
        <ReadingOrder>
            <OrderedGroup id="ro_1711818171003" caption="Regions reading order">
                <RegionRefIndexed index="0" regionRef="tr_1"/>
            </OrderedGroup>
        </ReadingOrder>
        <TextRegion id="tr_1" custom="readingOrder {index:0;}">
            <Coords points="1289,863 6806,863 6806,4577 1289,4577"/>
            <TextLine id="tr_1_tl_1" custom="readingOrder {index:0;}">
                <Coords points="3982,1032 5359,1045 5618,968 6129,1068 6287,954 6572,954 6579,769 3985,921"/>
                <Baseline points="4000,1009 4078,1009 4167,997 4257,997 4346,991 4436,985 4525,985 4615,985 4705,985 4794,985 4884,979 4973,973 5063,967 5152,967 5242,961 5331,955 5421,949 5511,949 5600,949 5690,949 5779,943 5869,943 5958,943 6048,937 6138,931 6227,931 6317,925 6406,925 6496,919 6585,913"/>
                <TextEquiv>
                    <Unicode>einmal Marcus Ersagt auch, es sei nicht geheuer</Unicode>
                </TextEquiv>
            </TextLine>
            <TextLine id="tr_1_tl_2" custom="readingOrder {index:1;}">
                <Coords points="1310,1186 2376,1105 2816,1196 3303,1055 3548,1159 3888,1035 3891,924 3202,900 2641,1005 2500,927 1831,1028 1320,958"/>
                <Baseline points="1331,1128 1385,1128 1474,1128 1564,1128 1653,1128 1743,1116 1833,1110 1922,1110 2012,1104 2101,1098 2191,1098 2280,1092 2370,1086 2460,1086 2549,1086 2639,1080 2728,1074 2818,1074 2907,1068 2997,1062 3086,1056 3176,1050 3266,1044 3355,1044 3445,1038 3534,1032 3624,1026 3713,1015 3803,1015 3893,1015"/>
                <TextEquiv>
                    <Unicode>Anntus (fasst Egräus, der eben vorbeigeht) Egerius, Eigens</Unicode>
                </TextEquiv>
            </TextLine>
            <TextLine id="tr_1_tl_3" custom="readingOrder {index:2;}">
                <Coords points="3982,1213 5033,1159 5477,1230 5977,1126 6263,1200 6535,1142 6539,1005 3985,1035"/>
                <Baseline points="4000,1176 4036,1176 4125,1170 4215,1164 4305,1158 4394,1152 4484,1152 4573,1152 4663,1152 4752,1146 4842,1146 4931,1140 5021,1134 5111,1128 5200,1128 5290,1128 5379,1122 5469,1122 5558,1116 5648,1116 5738,1110 5827,1110 5917,1104 6006,1104 6096,1098 6185,1092 6275,1092 6364,1080 6454,1074 6544,1080"/>
                <TextEquiv>
                    <Unicode>und Egerius bemerkt sehr richtig, es stände schlim¬</Unicode>
                </TextEquiv>
            </TextLine>
            <TextLine id="tr_1_tl_4" custom="readingOrder {index:3;}">
                <Coords points="1277,1304 1677,1381 1972,1280 2083,1364 2577,1247 2796,1273 2829,1196 2510,1200 2372,1105 1976,1200 1556,1156 1455,1230 1277,1230"/>
                <Baseline points="1295,1283 1313,1283 1403,1283 1492,1283 1582,1283 1671,1283 1761,1277 1850,1271 1940,1271 2030,1265 2119,1259 2209,1253 2298,1253 2388,1247 2477,1247 2567,1241 2657,1241 2746,1235 2836,1235"/>
                <TextEquiv>
                    <Unicode>wißt ihres schon? Es geht was vor.</Unicode>
                </TextEquiv>
            </TextLine>
            <TextLine id="tr_1_tl_5" custom="readingOrder {index:4;}">
                <Coords points="4005,1384 6384,1337 6576,1297 6582,1149 4012,1216"/>
                <Baseline points="4024,1325 4078,1331 4167,1325 4257,1325 4346,1319 4436,1319 4525,1313 4615,1313 4705,1307 4794,1307 4884,1301 4973,1295 5063,1295 5152,1289 5242,1289 5331,1289 5421,1283 5511,1277 5600,1277 5690,1277 5779,1271 5869,1265 5958,1265 6048,1265 6138,1259 6227,1253 6317,1253 6406,1253 6496,1247 6585,1253"/>
                <TextEquiv>
                    <Unicode>Caius. Laßt mich in Frieden damit (zu den andern u. ihm)</Unicode>
                </TextEquiv>
            </TextLine>
            <TextLine id="tr_1_tl_6" custom="readingOrder {index:5;}">
                <Coords points="1307,1532 3874,1368 3881,1240 2930,1327 2617,1247 2483,1334 1606,1401 1317,1341"/>
                <Baseline points="1331,1444 1379,1438 1468,1444 1558,1444 1647,1444 1737,1444 1827,1433 1916,1427 2006,1421 2095,1415 2185,1415 2274,1409 2364,1403 2454,1403 2543,1403 2633,1397 2722,1391 2812,1391 2901,1385 2991,1385 3080,1379 3170,1367 3260,1367 3349,1361 3439,1355 3528,1349 3618,1343 3707,1343 3797,1337 3887,1331"/>
                <TextEquiv>
                    <Unicode>Egerius. Ihr,�intus? Ja, wenn es so wäre, wie wirklich</Unicode>
                </TextEquiv>
            </TextLine>
            <TextLine id="tr_1_tl_7" custom="readingOrder {index:6;}">
                <Coords points="4039,1559 6461,1448 6569,1354 5924,1297 5242,1398 5090,1331 4045,1381"/>
                <Baseline points="4060,1474 4066,1480 4155,1480 4245,1480 4334,1480 4424,1480 4513,1480 4603,1474 4693,1474 4782,1468 4872,1468 4961,1462 5051,1456 5140,1456 5230,1456 5320,1450 5409,1450 5499,1450 5588,1444 5678,1438 5767,1438 5857,1433 5946,1427 6036,1427 6126,1421 6215,1415 6305,1415 6394,1403 6484,1403 6573,1415"/>
                <TextEquiv>
                    <Unicode>Ihr kommt doch morgen in Andenken an des Sargna¬</Unicode>
                </TextEquiv>
            </TextLine>
            <TextLine id="tr_1_tl_8" custom="readingOrder {index:7;}">
                <Coords points="1314,1680 2238,1579 2977,1640 3454,1522 3746,1579 3857,1559 3867,1368 1317,1566"/>
                <Baseline points="1337,1624 1361,1624 1450,1618 1540,1612 1630,1606 1719,1606 1809,1594 1898,1588 1988,1582 2077,1576 2167,1576 2256,1576 2346,1576 2436,1576 2525,1570 2615,1564 2704,1558 2794,1558 2883,1552 2973,1546 3063,1546 3152,1540 3242,1534 3331,1528 3421,1522 3510,1516 3600,1510 3689,1504 3779,1498 3869,1504"/>
                <TextEquiv>
                    <Unicode>etwas vorginge -? Findet ihr nicht, daß es die letzten</Unicode>
                </TextEquiv>
            </TextLine>
            <TextLine id="tr_1_tl_9" custom="readingOrder {index:8;}">
                <Coords points="4019,1650 5077,1737 5326,1643 6401,1633 6589,1583 6596,1455 4617,1556 4519,1485 4022,1576"/>
                <Baseline points="4036,1647 4090,1647 4179,1647 4269,1647 4358,1647 4448,1641 4537,1636 4627,1630 4716,1630 4806,1630 4896,1624 4985,1618 5075,1612 5164,1612 5254,1618 5343,1612 5433,1612 5523,1606 5612,1606 5702,1594 5791,1594 5881,1588 5970,1588 6060,1582 6150,1576 6239,1570 6329,1564 6418,1558 6508,1552 6597,1546"/>
                <TextEquiv>
                    <Unicode>nius Priscus ruhmereiche Riege zu der Tarquienscher</Unicode>
                </TextEquiv>
            </TextLine>
            <TextLine id="tr_1_tl_10" custom="readingOrder {index:9;}">
                <Coords points="1331,1821 1539,1801 1626,1858 1700,1801 2295,1751 2843,1761 3064,1704 3068,1613 2967,1643 2880,1583 2520,1680 2197,1596 1858,1687 1337,1646"/>
                <Baseline points="1349,1773 1367,1773 1456,1773 1546,1767 1636,1761 1725,1755 1815,1755 1904,1749 1994,1743 2083,1737 2173,1737 2262,1737 2352,1731 2442,1731 2531,1725 2621,1719 2710,1713 2800,1707 2889,1701 2979,1701 3069,1695"/>
                <TextEquiv>
                    <Unicode>Jahre so entsetzlich still war in Rom?</Unicode>
                </TextEquiv>
            </TextLine>
            <TextLine id="tr_1_tl_11" custom="readingOrder {index:10;}">
                <Coords points="4035,1902 4089,1892 4136,1848 4210,1845 4240,1875 4274,1841 4341,1865 4408,1824 4455,1838 4486,1824 4489,1697 4442,1683 4361,1697 4331,1667 4271,1704 4207,1677 4039,1660"/>
                <Baseline points="4054,1809 4143,1809 4233,1809 4322,1803 4412,1803 4490,1809"/>
                <TextEquiv>
                    <Unicode>Spielen?</Unicode>
                </TextEquiv>
            </TextLine>
            <TextLine id="tr_1_tl_12" custom="readingOrder {index:11;}">
                <Coords points="1354,1982 1603,1919 2382,1989 3689,1838 3827,1908 3881,1751 2890,1730 1357,1865"/>
                <Baseline points="1373,1934 1379,1940 1468,1928 1558,1922 1647,1916 1737,1916 1827,1916 1916,1904 2006,1904 2095,1898 2185,1892 2274,1892 2364,1886 2454,1880 2543,1880 2633,1874 2722,1868 2812,1868 2901,1862 2991,1862 3080,1856 3170,1850 3260,1850 3349,1844 3439,1844 3528,1839 3618,1833 3707,1827 3797,1827 3887,1821"/>
                <TextEquiv>
                    <Unicode>Quietus. Nichtwahr, ihr glaubt mir, daß etwas vor¬</Unicode>
                </TextEquiv>
            </TextLine>
            <TextLine id="tr_1_tl_13" custom="readingOrder {index:12;}">
                <Coords points="4039,2003 6579,1949 6582,1798 4045,1898"/>
                <Baseline points="4060,1970 4078,1964 4167,1970 4257,1976 4346,1976 4436,1970 4525,1970 4615,1964 4705,1958 4794,1952 4884,1946 4973,1940 5063,1940 5152,1934 5242,1934 5331,1928 5421,1928 5511,1922 5600,1922 5690,1922 5779,1916 5869,1910 5958,1904 6048,1904 6138,1898 6227,1892 6317,1892 6406,1886 6496,1886 6585,1880"/>
                <TextEquiv>
                    <Unicode>Quintus. Odiese kinderseale! Fieber Caius, morgen</Unicode>
                </TextEquiv>
            </TextLine>
            <TextLine id="tr_1_tl_14" custom="readingOrder {index:13;}">
                <Coords points="1263,2201 2386,2050 2732,2171 3336,2016 3820,2043 3851,1831 2701,1922 2567,2013 1599,1922 1270,2060"/>
                <Baseline points="1289,2107 1343,2101 1433,2095 1522,2089 1612,2083 1701,2077 1791,2077 1880,2071 1970,2065 2059,2059 2149,2053 2239,2053 2328,2048 2418,2042 2507,2042 2597,2036 2686,2030 2776,2030 2866,2024 2955,2024 3045,2018 3134,2018 3224,2012 3313,2012 3403,2006 3492,1994 3582,1994 3672,1988 3761,1988 3851,2000"/>
                <TextEquiv>
                    <Unicode>geht? Da habt ihr Marcus-Erglaubt mir (Geheim¬</Unicode>
                </TextEquiv>
            </TextLine>
            <TextLine id="tr_1_tl_15" custom="readingOrder {index:14;}">
                <Coords points="3968,2187 5228,2107 5604,2181 6340,2063 6626,2127 6663,1979 3972,2053"/>
                <Baseline points="3988,2155 4072,2143 4161,2137 4251,2131 4340,2131 4430,2131 4519,2125 4609,2119 4699,2119 4788,2113 4878,2107 4967,2101 5057,2101 5146,2095 5236,2095 5326,2089 5415,2089 5505,2083 5594,2083 5684,2077 5773,2077 5863,2071 5952,2065 6042,2059 6132,2059 6221,2053 6311,2048 6400,2048 6490,2042 6579,2042 6669,2048"/>
                <TextEquiv>
                    <Unicode>werden keine Spiele geheiert. Glaubt mir, bestes Canis.</Unicode>
                </TextEquiv>
            </TextLine>
            <TextLine id="tr_1_tl_16" custom="readingOrder {index:15;}">
                <Coords points="1294,2275 2204,2322 2661,2204 2903,2271 3834,2191 3840,2073 3599,2003 2728,2167 2644,2076 2362,2070 1294,2211"/>
                <Baseline points="1313,2251 1337,2251 1427,2251 1516,2245 1606,2239 1695,2239 1785,2233 1874,2233 1964,2227 2053,2221 2143,2221 2233,2215 2322,2215 2412,2203 2501,2197 2591,2197 2680,2191 2770,2191 2860,2191 2949,2185 3039,2179 3128,2173 3218,2167 3307,2167 3397,2161 3486,2149 3576,2149 3666,2143 3755,2143 3845,2155"/>
                <TextEquiv>
                    <Unicode>ins voll.) Socht ihr nicht, wie seiteiniger Zeit die Senat¬</Unicode>
                </TextEquiv>
            </TextLine>
            <TextLine id="tr_1_tl_17" custom="readingOrder {index:16;}">
                <Coords points="4025,2359 6565,2265 6683,2244 6686,2127 5702,2107 5588,2197 5336,2107 4751,2130 4358,2244 4032,2167"/>
                <Baseline points="4048,2298 4090,2298 4179,2292 4269,2286 4358,2286 4448,2286 4537,2280 4627,2274 4716,2268 4806,2268 4896,2262 4985,2262 5075,2256 5164,2251 5254,2245 5343,2239 5433,2239 5523,2233 5612,2233 5702,2221 5791,2227 5881,2221 5970,2221 6060,2215 6150,2209 6239,2203 6329,2203 6418,2203 6508,2203 6597,2203 6687,2209"/>
                <TextEquiv>
                    <Unicode>Egerius. Seht, dort bleiben wieder einige Senatoren</Unicode>
                </TextEquiv>
            </TextLine>
            <TextLine id="tr_1_tl_18" custom="readingOrder {index:17;}">
                <Coords points="1314,2426 3535,2436 3931,2339 3938,2160 3242,2271 1320,2322"/>
                <Baseline points="1331,2406 1343,2406 1433,2400 1522,2400 1612,2400 1701,2394 1791,2388 1880,2388 1970,2376 2059,2376 2149,2370 2239,2370 2328,2364 2418,2358 2507,2358 2597,2352 2686,2352 2776,2346 2866,2346 2955,2346 3045,2334 3134,2334 3224,2328 3313,2322 3403,2316 3492,2316 3582,2310 3672,2304 3761,2304 3851,2304 3940,2316"/>
                <TextEquiv>
                    <Unicode>toren zusammenstecken? Sonst sind sie für gewöhnlich höchstens</Unicode>
                </TextEquiv>
            </TextLine>
            <TextLine id="tr_1_tl_19" custom="readingOrder {index:18;}">
                <Coords points="4052,2530 4103,2530 4153,2493 4203,2540 4244,2520 4271,2537 4398,2449 4428,2453 4435,2365 4338,2325 4267,2362 4217,2335 4129,2406 4062,2423"/>
                <Baseline points="4078,2483 4167,2460 4257,2454 4346,2448 4436,2442"/>
                <TextEquiv>
                    <Unicode>stehn.</Unicode>
                </TextEquiv>
            </TextLine>
            <TextLine id="tr_1_tl_20" custom="readingOrder {index:19;}">
                <Coords points="1344,2611 3572,2557 3689,2463 3844,2503 3854,2335 3011,2460 2463,2376 1667,2507 1351,2439"/>
                <Baseline points="1367,2573 1438,2567 1528,2567 1618,2561 1707,2555 1797,2549 1886,2543 1976,2537 2065,2537 2155,2531 2245,2531 2334,2525 2424,2519 2513,2519 2603,2513 2692,2507 2782,2507 2871,2507 2961,2507 3051,2501 3140,2495 3230,2483 3319,2483 3409,2477 3498,2477 3588,2471 3678,2460 3767,2454 3857,2448"/>
                <TextEquiv>
                    <Unicode>zu zwei oder drei durch die Stadt gegangen - und jetzt -</Unicode>
                </TextEquiv>
            </TextLine>
            <TextLine id="tr_1_tl_21" custom="readingOrder {index:20;}">
                <Coords points="4059,2628 4116,2654 4778,2591 4896,2644 4986,2597 5181,2628 5184,2517 4932,2453 4711,2473 4590,2537 4452,2500 4294,2557 4143,2507 4062,2530"/>
                <Baseline points="4078,2621 4119,2621 4209,2615 4299,2603 4388,2597 4478,2597 4567,2597 4657,2591 4746,2585 4836,2585 4925,2585 5015,2579 5105,2573 5194,2579"/>
                <TextEquiv>
                    <Unicode>Marcus: Talassius -</Unicode>
                </TextEquiv>
            </TextLine>
            <TextLine id="tr_1_tl_22" custom="readingOrder {index:21;}">
                <Coords points="1364,2748 2365,2779 2580,2695 2745,2789 2967,2681 3599,2785 3830,2681 3834,2564 1371,2624"/>
                <Baseline points="1385,2716 1421,2716 1510,2716 1600,2716 1689,2710 1779,2704 1868,2698 1958,2692 2048,2698 2137,2692 2227,2686 2316,2686 2406,2686 2495,2680 2585,2674 2674,2668 2764,2668 2854,2668 2943,2663 3033,2657 3122,2651 3212,2651 3301,2645 3391,2645 3481,2645 3570,2645 3660,2639 3749,2633 3839,2627"/>
                <TextEquiv>
                    <Unicode>Egenis. Und jetzt sieht man oft ein ganzes Häuflom</Unicode>
                </TextEquiv>
            </TextLine>
            <TextLine id="tr_1_tl_23" custom="readingOrder {index:22;}">
                <Coords points="4059,2812 4882,2846 5027,2765 5144,2836 6327,2701 6441,2765 6649,2705 6653,2557 5258,2570 4062,2708"/>
                <Baseline points="4078,2782 4149,2776 4239,2770 4328,2764 4418,2758 4508,2752 4597,2752 4687,2752 4776,2746 4866,2746 4955,2740 5045,2740 5134,2740 5224,2740 5314,2734 5403,2734 5493,2728 5582,2722 5672,2716 5761,2716 5851,2710 5941,2704 6030,2704 6120,2698 6209,2698 6299,2692 6388,2686 6478,2680 6567,2674 6657,2668"/>
                <TextEquiv>
                    <Unicode>Egenis. Dort steht auch der finstere Hoftiub neben ihm.</Unicode>
                </TextEquiv>
            </TextLine>
            <TextLine id="tr_1_tl_24" custom="readingOrder {index:23;}">
                <Coords points="1347,2900 1952,2937 2527,2853 2906,2937 3481,2839 3484,2742 3387,2691 2745,2792 2611,2705 2362,2785 1972,2738 1845,2812 1351,2755"/>
                <Baseline points="1367,2895 1427,2889 1516,2883 1606,2877 1695,2871 1785,2866 1874,2860 1964,2860 2053,2854 2143,2854 2233,2848 2322,2848 2412,2842 2501,2842 2591,2842 2680,2836 2770,2836 2860,2836 2949,2830 3039,2824 3128,2818 3218,2818 3307,2812 3397,2812 3486,2824"/>
                <TextEquiv>
                    <Unicode>beisammen. Ja, das hat etwas zu bedeuten.</Unicode>
                </TextEquiv>
            </TextLine>
            <TextLine id="tr_1_tl_25" custom="readingOrder {index:24;}">
                <Coords points="4039,3024 4408,2967 4482,3041 4889,2920 5383,2990 5584,2896 6360,2950 6649,2893 6656,2701 4045,2863"/>
                <Baseline points="4060,2955 4149,2955 4239,2949 4328,2943 4418,2937 4508,2931 4597,2925 4687,2925 4776,2919 4866,2919 4955,2919 5045,2913 5134,2913 5224,2913 5314,2907 5403,2901 5493,2901 5582,2895 5672,2889 5761,2883 5851,2883 5941,2877 6030,2866 6120,2860 6209,2860 6299,2854 6388,2848 6478,2848 6567,2836 6657,2842"/>
                <TextEquiv>
                    <Unicode>Den hab, ich nie ein Wort sprechen hören sehen. Auch jetzt sieht</Unicode>
                </TextEquiv>
            </TextLine>
            <TextLine id="tr_1_tl_26" custom="readingOrder {index:25;}">
                <Coords points="1324,3084 1458,3081 1519,3132 1788,3041 1895,3088 2076,3084 2184,3017 2496,3061 2557,3044 2564,2916 2470,2893 2268,2957 2164,2906 2066,2987 1841,2886 1334,2883"/>
                <Baseline points="1343,3063 1403,3051 1492,3045 1582,3039 1671,3033 1761,3039 1850,3033 1940,3027 2030,3027 2119,3021 2209,3015 2298,3009 2388,3003 2477,3003 2567,3003"/>
                <TextEquiv>
                    <Unicode>Deinter: kun, Marcus?</Unicode>
                </TextEquiv>
            </TextLine>
            <TextLine id="tr_1_tl_27" custom="readingOrder {index:26;}">
                <Coords points="4059,3162 5195,3095 5715,3168 6656,3044 6660,2893 6313,2974 5846,2903 5544,3004 4711,2940 4062,3068"/>
                <Baseline points="4078,3128 4155,3122 4245,3116 4334,3110 4424,3098 4513,3098 4603,3092 4693,3092 4782,3086 4872,3086 4961,3086 5051,3080 5140,3075 5230,3075 5320,3069 5409,3075 5499,3075 5588,3069 5678,3063 5767,3057 5857,3045 5946,3039 6036,3033 6126,3033 6215,3027 6305,3027 6394,3027 6484,3027 6573,3021 6663,3027"/>
                <TextEquiv>
                    <Unicode>er stumme zu Boden und hocht auf das, was der</Unicode>
                </TextEquiv>
            </TextLine>
            <TextLine id="tr_1_tl_28" custom="readingOrder {index:27;}">
                <Coords points="1300,3239 2429,3276 2722,3165 3689,3239 3938,3165 3941,3024 2157,3054 1673,3158 1304,3095"/>
                <Baseline points="1319,3224 1349,3224 1438,3218 1528,3206 1618,3200 1707,3200 1797,3200 1886,3194 1976,3194 2065,3188 2155,3188 2245,3188 2334,3182 2424,3176 2513,3170 2603,3170 2692,3164 2782,3158 2871,3152 2961,3152 3051,3146 3140,3146 3230,3140 3319,3140 3409,3140 3498,3134 3588,3134 3678,3134 3767,3134 3857,3134 3946,3134"/>
                <TextEquiv>
                    <Unicode>Marcus. Nun, ich sorg’ euch, wenn das was zu bedeuten hat,</Unicode>
                </TextEquiv>
            </TextLine>
            <TextLine id="tr_1_tl_29" custom="readingOrder {index:28;}">
                <Coords points="4049,3350 4439,3293 4610,3340 4748,3276 4892,3336 4959,3296 5067,3336 5232,3286 5238,3108 4670,3179 4476,3125 4271,3202 4197,3145 4059,3162"/>
                <Baseline points="4072,3295 4078,3301 4167,3283 4257,3278 4346,3266 4436,3260 4525,3260 4615,3260 4705,3260 4794,3254 4884,3254 4973,3248 5063,3236 5152,3230 5242,3224"/>
                <TextEquiv>
                    <Unicode>folge talassius spricht.</Unicode>
                </TextEquiv>
            </TextLine>
            <TextLine id="tr_1_tl_30" custom="readingOrder {index:29;}">
                <Coords points="1314,3481 1855,3363 2345,3451 2732,3336 3921,3347 3928,3158 3693,3246 3555,3172 2533,3199 2406,3283 1324,3236"/>
                <Baseline points="1337,3403 1427,3391 1516,3379 1606,3373 1695,3373 1785,3361 1874,3361 1964,3361 2053,3355 2143,3355 2233,3349 2322,3349 2412,3343 2501,3337 2591,3337 2680,3331 2770,3325 2860,3319 2949,3313 3039,3313 3128,3313 3218,3307 3307,3307 3397,3307 3486,3301 3576,3295 3666,3289 3755,3278 3845,3278 3934,3295"/>
                <TextEquiv>
                    <Unicode>so bedeutet sicherlich nichts gutes. Denn für uns Re¬</Unicode>
                </TextEquiv>
            </TextLine>
            <TextLine id="tr_1_tl_31" custom="readingOrder {index:30;}">
                <Coords points="4109,3478 4284,3528 4583,3444 4697,3528 4855,3424 5084,3457 5218,3394 5312,3410 5319,3266 5016,3350 4832,3283 4630,3353 4452,3286 4381,3347 4116,3350"/>
                <Baseline points="4131,3451 4155,3445 4245,3439 4334,3433 4424,3433 4513,3427 4603,3421 4693,3421 4782,3415 4872,3409 4961,3409 5051,3403 5140,3403 5230,3391 5320,3397"/>
                <TextEquiv>
                    <Unicode>Caius. Sie entfernen sich.</Unicode>
                </TextEquiv>
            </TextLine>
            <TextLine id="tr_1_tl_32" custom="readingOrder {index:31;}">
                <Coords points="1277,3599 2715,3575 2792,3518 2873,3582 3306,3491 3310,3390 2866,3367 2335,3464 2016,3380 1421,3427 1280,3508"/>
                <Baseline points="1295,3558 1343,3552 1433,3546 1522,3540 1612,3540 1701,3534 1791,3528 1880,3522 1970,3516 2059,3522 2149,3510 2239,3510 2328,3510 2418,3504 2507,3498 2597,3498 2686,3492 2776,3492 2866,3486 2955,3481 3045,3481 3134,3475 3224,3481 3313,3486"/>
                <TextEquiv>
                    <Unicode>biger stecken die Senatoren nicht zusammen!</Unicode>
                </TextEquiv>
            </TextLine>
            <TextLine id="tr_1_tl_33" custom="readingOrder {index:32;}">
                <Coords points="5067,3525 5121,3535 5171,3518 5188,3535 5235,3504 5279,3494 5295,3491 5316,3515 5359,3498 5366,3404 5336,3397 5285,3434 5258,3431 5215,3397 5171,3434 5127,3427 5097,3454 5070,3451"/>
                <Baseline points="5087,3504 5099,3504 5188,3492 5278,3486 5367,3481"/>
                <TextEquiv>
                    <Unicode>etwa</Unicode>
                </TextEquiv>
            </TextLine>
            <TextLine id="tr_1_tl_34" custom="readingOrder {index:33;}">
                <Coords points="4079,3632 4852,3709 5830,3578 5957,3662 6297,3521 6441,3602 6696,3552 6703,3394 5783,3394 5057,3541 4791,3447 4680,3541 4086,3468"/>
                <Baseline points="4101,3606 4107,3612 4197,3600 4287,3600 4376,3600 4466,3594 4555,3594 4645,3594 4734,3594 4824,3588 4914,3582 5003,3576 5093,3576 5182,3570 5272,3570 5361,3564 5451,3564 5540,3558 5630,3552 5720,3546 5809,3546 5899,3534 5988,3528 6078,3522 6167,3516 6257,3516 6347,3516 6436,3522 6526,3522 6615,3528 6705,3528"/>
                <TextEquiv>
                    <Unicode>Mercus. Glaub k immer von euch, die hätten da heil¬</Unicode>
                </TextEquiv>
            </TextLine>
            <TextLine id="tr_1_tl_35" custom="readingOrder {index:34;}">
                <Coords points="1324,3787 2950,3672 3363,3783 3874,3636 3877,3478 1327,3642"/>
                <Baseline points="1343,3707 1373,3701 1462,3707 1552,3701 1641,3701 1731,3701 1821,3695 1910,3689 2000,3689 2089,3684 2179,3684 2268,3684 2358,3684 2448,3678 2537,3672 2627,3666 2716,3660 2806,3654 2895,3654 2985,3648 3075,3648 3164,3648 3254,3648 3343,3642 3433,3642 3522,3636 3612,3636 3701,3630 3791,3624 3881,3624"/>
                <TextEquiv>
                    <Unicode>Anntes Nichtwahr, Marcus, die Sache ist gefährlich?</Unicode>
                </TextEquiv>
            </TextLine>
            <TextLine id="tr_1_tl_36" custom="readingOrder {index:35;}">
                <Coords points="4109,3847 4210,3777 4378,3783 4479,3891 4633,3763 5218,3834 5305,3777 5520,3793 5531,3578 5252,3649 4986,3639 4852,3706 4563,3656 4412,3720 4116,3693"/>
                <Baseline points="4131,3779 4185,3773 4275,3767 4364,3761 4454,3755 4543,3755 4633,3749 4722,3749 4812,3749 4902,3743 4991,3737 5081,3731 5170,3731 5260,3725 5349,3719 5439,3719 5529,3719"/>
                <TextEquiv>
                    <Unicode>sames für uns gesprochen?</Unicode>
                </TextEquiv>
            </TextLine>
            <TextLine id="tr_1_tl_37" custom="readingOrder {index:36;}">
                <Coords points="1341,3898 1774,3985 2251,3840 2456,3914 3293,3814 3703,3891 3911,3820 3918,3659 3370,3780 2997,3689 1347,3760"/>
                <Baseline points="1361,3863 1415,3863 1504,3863 1594,3869 1683,3863 1773,3857 1862,3851 1952,3851 2042,3851 2131,3845 2221,3839 2310,3833 2400,3827 2489,3827 2579,3821 2668,3821 2758,3815 2848,3815 2937,3809 3027,3815 3116,3809 3206,3809 3295,3809 3385,3803 3475,3809 3564,3803 3654,3797 3743,3797 3833,3791 3922,3797"/>
                <TextEquiv>
                    <Unicode>Sehr gefährlich ƒ  Hn doch, Cains, Caiis, Cams (läuft a.</Unicode>
                </TextEquiv>
            </TextLine>
            <TextLine id="tr_1_tl_38" custom="readingOrder {index:37;}">
                <Coords points="4099,4008 4791,4056 5084,3911 5951,3978 6313,3867 6730,3948 6801,3713 6290,3804 6088,3696 5870,3804 5628,3733 5238,3834 4630,3763 4479,3888 4213,3773 4103,3854"/>
                <Baseline points="4119,3922 4209,3928 4299,3934 4388,3928 4478,3922 4567,3922 4657,3916 4746,3916 4836,3910 4925,3910 5015,3904 5105,3898 5194,3898 5284,3887 5373,3887 5463,3887 5552,3887 5642,3887 5732,3881 5821,3881 5911,3869 6000,3863 6090,3857 6179,3857 6269,3851 6358,3851 6448,3851 6538,3845 6627,3845 6717,3845 6806,3851"/>
                <TextEquiv>
                    <Unicode>Egarius. Ich sich einmal, wie einer auf uns einen Blick</Unicode>
                </TextEquiv>
            </TextLine>
            <TextLine id="tr_1_tl_39" custom="readingOrder {index:38;}">
                <Coords points="1314,4106 3914,4019 3921,3830 3027,3854 2890,3941 1949,3888 1764,3992 1320,3914"/>
                <Baseline points="1337,4036 1415,4042 1504,4036 1594,4036 1683,4030 1773,4024 1862,4024 1952,4018 2042,4018 2131,4012 2221,4012 2310,4006 2400,4000 2489,4000 2579,3994 2668,3994 2758,3982 2848,3982 2937,3982 3027,3982 3116,3982 3206,3976 3295,3976 3385,3970 3475,3964 3564,3970 3654,3970 3743,3958 3833,3958 3922,3964"/>
                <TextEquiv>
                    <Unicode>Bürger nach u. zieht ihn nach vorn zu den übrigen) Habt</Unicode>
                </TextEquiv>
            </TextLine>
            <TextLine id="tr_1_tl_40" custom="readingOrder {index:39;}">
                <Coords points="4099,4126 4163,4140 4224,4129 4344,4183 4499,4160 4502,3978 4445,3975 4311,4052 4294,4039 4267,4056 4200,4042 4099,4062"/>
                <Baseline points="4119,4101 4149,4101 4239,4101 4328,4101 4418,4101 4508,4096"/>
                <TextEquiv>
                    <Unicode>warf –</Unicode>
                </TextEquiv>
            </TextLine>
            <TextLine id="tr_1_tl_41" custom="readingOrder {index:40;}">
                <Coords points="1304,4331 2184,4193 3756,4227 3995,4187 4002,4059 1314,4106"/>
                <Baseline points="1325,4245 1409,4233 1498,4227 1588,4221 1677,4203 1767,4203 1856,4197 1946,4197 2036,4197 2125,4185 2215,4185 2304,4179 2394,4179 2483,4173 2573,4167 2663,4167 2752,4161 2842,4155 2931,4155 3021,4149 3110,4143 3200,4143 3289,4143 3379,4137 3469,4143 3558,4143 3648,4143 3737,4137 3827,4137 3916,4143 4006,4155"/>
                <TextEquiv>
                    <Unicode>ihr schon gehört, Cains! Wir Klebiger sind in häfft ge¬</Unicode>
                </TextEquiv>
            </TextLine>
            <TextLine id="tr_1_tl_42" custom="readingOrder {index:41;}">
                <Coords points="4889,4361 5148,4365 5275,4274 6112,4274 6246,4200 6787,4284 6797,4066 5638,4119 5450,4002 5137,4126 4902,4062"/>
                <Baseline points="4910,4273 4985,4275 5075,4263 5164,4257 5164,4257 5188,4239 5278,4233 5367,4227 5457,4227 5546,4227 5636,4227 5726,4221 5815,4215 5905,4209 5994,4209 6084,4203 6173,4197 6263,4197 6353,4191 6442,4191 6532,4185 6621,4191 6711,4191 6800,4209"/>
                <TextEquiv>
                    <Unicode>daherge Blick, eben was diesen Blick</Unicode>
                </TextEquiv>
            </TextLine>
            <TextLine id="tr_1_tl_43" custom="readingOrder {index:42;}">
                <Coords points="4106,4321 4254,4355 4432,4338 4496,4371 4680,4267 4832,4264 4902,4304 4906,4190 4848,4207 4717,4173 4650,4103 4529,4170 4486,4146 4344,4187 4207,4126 4109,4153"/>
                <Baseline points="4125,4287 4191,4281 4281,4275 4370,4275 4460,4275 4549,4269 4639,4263 4728,4257 4818,4263 4910,4273"/>
                <TextEquiv>
                    <Unicode>Orientus ja ja. -</Unicode>
                </TextEquiv>
            </TextLine>
            <TextLine id="tr_1_tl_44" custom="readingOrder {index:43;}">
                <Coords points="1344,4486 2157,4381 2429,4459 2634,4355 2883,4462 3242,4331 3992,4318 3995,4190 2258,4213 2144,4314 1986,4213 1347,4331"/>
                <Baseline points="1361,4400 1403,4394 1492,4382 1582,4376 1671,4370 1761,4364 1850,4364 1940,4352 2030,4352 2119,4352 2209,4352 2298,4346 2388,4340 2477,4334 2567,4334 2657,4328 2746,4328 2836,4328 2925,4322 3015,4316 3104,4316 3194,4316 3283,4310 3373,4310 3463,4305 3552,4305 3642,4305 3731,4310 3821,4305 3910,4305 4000,4310"/>
                <TextEquiv>
                    <Unicode>jährliches Lage. Sagt ich euch nicht schon vorgestern: Conio</Unicode>
                </TextEquiv>
            </TextLine>
            <TextLine id="tr_1_tl_45" custom="readingOrder {index:44;}">
                <Coords points="4136,4482 4442,4549 5578,4402 6310,4476 6448,4392 6455,4220 5568,4267 5386,4365 4140,4351"/>
                <Baseline points="4155,4454 4221,4454 4310,4448 4400,4448 4490,4436 4579,4430 4669,4430 4758,4430 4848,4424 4937,4418 5027,4412 5117,4412 5206,4406 5296,4406 5385,4400 5475,4400 5564,4394 5654,4388 5743,4388 5833,4382 5923,4376 6012,4376 6102,4370 6191,4370 6281,4364 6370,4364 6460,4358"/>
                <TextEquiv>
                    <Unicode>anlangt, das war ein verdammter Blick!</Unicode>
                </TextEquiv>
            </TextLine>
            <TextLine id="tr_1_tl_46" custom="readingOrder {index:45;}">
                <Coords points="1361,4590 1667,4670 2436,4536 3000,4613 3246,4499 4002,4570 4008,4311 3367,4449 3148,4378 2869,4462 2685,4348 2419,4462 1757,4422 1364,4509"/>
                <Baseline points="1379,4567 1415,4567 1504,4561 1594,4555 1683,4543 1773,4537 1862,4531 1952,4531 2042,4525 2131,4519 2221,4519 2310,4519 2400,4513 2489,4508 2579,4508 2668,4508 2758,4502 2848,4502 2937,4502 3027,4496 3116,4496 3206,4496 3295,4490 3385,4484 3475,4478 3564,4472 3654,4472 3743,4478 3833,4478 3922,4472 4012,4472"/>
                <TextEquiv>
                    <Unicode>es geht was vor, wir müssen uns hüten? Nun, fragt</Unicode>
                </TextEquiv>
            </TextLine>
        </TextRegion>
    </Page>
</PcGts>
