8232 5176
1304 886 3901 1238 Egerius. Wo finden sie einer Fuhre v? - Servius
1426 1126 3929 1412 Kullus, unser ehrwürdiger König, ganz er
1422 1272 3950 1635 schüttert von dem Doppelmord in seinem
1360 1457 3988 1816 Hause liegt, seit Claudius ihm jene ent¬
1381 1632 3999 1991 setzliche Schmähung ins Ontlitz geschlei¬
1381 1827 4041 2095 dert, leblos im Maln zwischen den zwei Leichen¬
1342 1994 4072 2245 Der verbrecherische Largumms und seine Bühlin
1332 2158 4082 2507 zogen in den Salast und zeigten sich heute, soviel
1377 2336 3403 2702 ich weiss, noch nicht in den Straßen.
1381 2482 4131 2813 Marcus. O fimmel, welch eine Herrschaft werden
1391 2702 2709 2981 wir zu erd u den haben.
1381 2883 4096 3179 Egerins. Und nun, - in wenig Eufenblicken
1349 3009 4002 3305 wird Lueius Targuinius nochmals sich zu
1356 3232 4145 3497 den Senatoren wenden und will bei Stimme fragen.
1388 3392 4079 3758 Wählt ihr mich zum Herr schon? Und sie werden
1381 3552 4184 3919 ihm zugänchzen und zuzubeln. O über dieses
1440 3814 2252 4086 Gänkelspiel
1436 3919 4190 4184 Marcus. Und wir das das Volk nicht um seinen
1468 4145 2740 4372 Willen fragen?
1457 4292 4190 4640 Egerius. Weiß ichs?  Und wederums fragt _?
1517 4438 3695 4787 Wer wagt es, nur ein Wort zu erwidern.
5784 296 6122 512 I am
4208 743 6756 1123 Marcus. Egerius, ich sag auch, wir müssen uns
4197 969 6850 1332 auflehnen!- es wird uns übel mitgespielt,
4243 1262 4849 1510 Egerius
4239 1304 6931 1652 Egarius. Die einzige Möglichkeit zu helfen ist die
4222 1499 6910 1823 wenn das Volk aufsteht wider den Tyrannen,
4208 1677 6945 1987 einmütig die Hand am Schwert! Über die Wenige
4204 1851 6223 2186 braucht einen überlegenen Geist.
4215 2005 6955 2367 Meiens. Ich will sie führen. Egeviel, wir müssen
4208 2200 7014 2507 uns erheben! Wir werden gekonchtet, verlieren
4204 2353 6784 2650 unse Freiheit werden zu Sklaven. Ich
4204 2531 6871 2897 will sie das Volk gegen seine Tyrannen
4306 2782 5341 3078 führen, Egeras¬
4661 2887 6411 3162 Quintus & Cams Komme.
4295 3071 7060 3437 Anetav. Was ich längst geehnt und auch voraus g,
4312 3263 6303 3598 sagt, es geschieht:- Sie kommen.
4267 3430 6516 3793 Egerius Sargunius mit den Seinen
4274 3622 7032 3880 Quintus. Eben die. - Vorlassten Saal, es wird
4319 3776 6307 4145 sich gleich mit Senatoren füllen.
4361 3803 7046 4222 Marcus (zu Egerius) Oüber die kindliche Seele diese
4354 4079 7060 4421 Quintus! - Ihm ist jetzt alles gleichgültig
