8216 4936
4088 866 6220 1138 Und seine Ruh auf kurze Zeit zu stören.
1126 814 3306 1254 Er könig - und ich nichts -? I die, die ihn liebt
4368 1054 4585 1186 P. P.
4104 1030 6464 1286 Tullea. Vielleicht dieselben, dringenden Geschäfte
1170 1146 3026 1367 tief unter dem, der sie in heißer Liebe
4128 1190 6075 1479 Von unaufschiebbar hoher Wichtigkeit
1182 1262 3090 1535 In ihre Arme schließen wollte -! Nein.
4152 1347 6440 1619 die auch zugleich – auch und noch andre mehr¬
1206 1451 3062 1715 Ertragen ist nicht tullig's Sache. Fort¬
4128 1507 6532 1791 Des Staates Sich zu stören zwingen - Oh
2132 1591 2557 1711 mich sammt
1230 1575 3422 1835 Mit allem, was in Wege ist, hinweg zurück
533 1643 1230 1904 mich sommt. Hinweg zum
4156 1675 6560 1904 wärdert nichts; ich kann’ den Stam der Dinge
1250 1735 3282 2032 Mit allen nichtgen, kleinlichen Bedenken.
533 1827 797 2052 nichtge
4092 1823 6612 2072 Claudus. Wie jetzt die meister schon in unsrer Stadt
1242 1912 3591 2204 Jetzt, wo die Zeit so nahe ist! Wo Verwirrung
7041 1867 7266 2132 P.
517 2016 689 2204 schon
4192 1988 6200 2248 thekommen, und in kurzem jeder. Das
1218 2068 3342 2348 Und Aufruhr mich begüngstigt, und die Liebe
6913 2100 7851 2344 Kann ganz gut so stehe.
4168 2136 6532 2449 Ganz richtig ists. Der jetzg Stand der Dinge
2521 2220 2781 2328 (dem)
1242 2208 3527 2521 Mich heftiger durchgliche als je. Ich fühl' es,
4076 2328 6292 2561 N/5 Führt mich zu einem edeln Gatten Orms
1226 2360 3466 2649 Zu klein für mich ist Uruns Geist und Streben
4132 2469 5783 2781 Und des Senats Gesandter trete ich
1250 2565 3483 2837 Christ mein Gatte, und er ist mir nichts!
4148 2637 6164 2950 Vor ihn. Wenn ihr mich heute sprechen hört, u
1278 2697 3250 2982 Für jenen Schatten eines Ehrbarkeit
4168 2817 5975 3094 So höret ihr nicht auch, nein: die Särtzi.
1154 2873 1551 3018 Gerade
1178 2865 3414 3170 der gut fürs Volk ist, sollich jedes Glück,
5751 2970 6003 3078 nur
441 2917 950 3118 gut für 6 Volk
7001 2946 7326 3198 zum
4192 2962 6536 3218 Tullia. Seid ihr von denen, die am König halten?
557 3002 1166 3230 Sollt ich das Glück
1274 3022 3843 3310 Das sich mir bietet, leichthin von mir werfen.
7045 3098 7907 3358 vielleicht katt hält.
4184 3122 6721 3426 Claudius. Wie der Senat zum König hält, so häl¬
1286 3194 3218 3491 Ich nenne Ehre nur, was Größe ist,
7189 3286 7626 3531 hängt"
4204 3310 6348 3599 Auch Claude u. w ihm, mit ganzes Seele.
1286 3382 2950 3663 Und alles Kleinlich unbedeutende
4160 3470 6492 3739 Tullia Mit ganzer Seele -! Drum empört ihr auch.
1282 3503 3402 3783 War mir seit je verhasst aus tiefster Seele
4120 3607 7342 3943 Cloudino. [ungo-Fuhr auch! - Melch falsch gewählter] für xxx =  22?
1250 3679 3839 3975 Claudius (tritt aus dem Hintergrunde ein) Ich grüße tullia!
966 3763 1166 3975 11/5
6765 3767 7899 4060 Wie könt ihrs also neuen
4180 3787 6400 4116 Empörung wärs, wenn wir ohn jede Warnung,
3338 3851 4048 4112 Ah. Clandus
1258 3927 1647 4156 Tullia.
4248 3995 5903 4260 Ohn jedes Zeichen eines nahre Sturms,
1250 4016 3867 4324 Claudius. Ich bin. Mich zwingen dringende Geschäfte
4268 4152 6380 4404 Bisher in tück'schem Hinterhalt verborgen.
1270 4188 3222 4508 Von unaufschiebbar hoher Wichtigkeit,
4244 4312 6436 4621 Mit einem Mal gewaffnet und geschicnet
1286 4364 3254 4681 die Schwelle dieses Hauses zu betreten,
5234 4460 5514 4633 Ogg
