8040 4952
3955 676 7009 1038 Claudius. Konst du mit Gleichmut. Pforsut ertragen.
1239 801 3161 1144 Noch meines Vaters Angedeicken ehren.
4003 931 6790 1204 Sarga. Ich wünsch. Wascheit. Alles willich hören.
1577 973 3238 1287 Er kommt mehr in den Vordegrund
4009 1056 6677 1405 Claudius. Min, wenns deine Stille ist, die Sach ist kurz.
1210 1109 3795 1477 mit Clandius. Das volk zerstreut sich.
4021 1263 6072 1459 Bei Arnes war ich, des Senates wegen,
1287 1435 6055 1761 Clandius (ihnen nachsehen) Und alle, die da ihr Straße mondete. Wie Du ja weißt/ und sprach auch tullig.
4044 1577 5977 1826 Sie fragte mich, ob Rovin Stüllius wohl
1370 1619 3890 1927 In immer Hand, - von meinem Geist beherrscht¬
4009 1708 6072 2004 des Adels Wünsche all' erfüllen werde -
1299 1826 3273 2058 Und meinem Willen alle unterthänig!
4021 1856 6398 2147 Und als ich da von deiner Zukünft sprac,
1216 1951 3457 2224 (zu Targa) Ich seh' wohl, mächtig hat es dich berührt.
4056 2046 6072 2319 Von dem er nahen König würde und
1251 2123 3588 2366 Bistrahr, nicht lang mehr brauchst du nichts zu sein,
4056 2200 6013 2473 Stets aufgeregter unsre Stad ward.
1257 2271 2918 2526 Murgilts Entschlossenheit und Mut¬
4068 2342 6321 2603 Und endlich aller lästigen Fesseln bar
2746 2408 3588 2674 Was sprichst du? -
1239 2443 2580 2734 Fargu (sieht ihn betroffen an.)
4109 2526 6143 2811 de wechselseit' gem innerstem Verstehn
1251 2591 3849 2870 Claudus Wozu, dein Freund, dies ewige Verstellen!
6867 2716 7175 2835 wieder
4098 2680 6476 2965 Sich rückhaltslos zum letzten Ziel bewegte
6754 2692 7341 3007 (Ziel u. Klav:)
1287 2763 3570 3024 dünkt meiner Rach Sie dir unklar? - Tullia
4074 2846 6594 3113 da wars mirs kler und sie gestände mirs selbst
1322 2947 2366 3244 Verstand mich gleich.
4080 3012 6126 3315 daß ihrer Sehnsucht vollster Inbegriff
2301 3095 2752 3339 Tulla
1316 3161 1737 3350 Targn.
4080 3184 6197 3481 Die König bewürde sei um deine Liebe.
1281 3232 3481 3552 Claudius - Ichspreche nicht von deiner Gattin.
4104 3333 6001 3629 da, mein Tarquinius, daß sie dich liebt,
3054 3410 3457 3611 Tullia
1287 3475 1696 3677 Farga
4062 3386 6600 3742 Das echts jedweden vor, nun ichts Zweifels Korn
5722 3653 5918 3766 Frei
1322 3570 3339 3837 Was ist mit ihr? Worin verstand sind ich?
4068 3671 6493 3955 Nun ists jedweden Zweifelsbar und klar
1257 3742 3267 4068 Claudius. Von Armes Gattin red ich mir
4068 3884 4910 4157 Wie Sonnenlicht.
2971 3890 3546 4181 Späch, sprich.
1275 3961 1625 4175 Targu.
4797 3890 6339 4317 Ich höre's, doch fass' ichs nicht
4080 4050 4495 4281 Pargn.
1228 4003 3072 4400 Cloudius Vorirst noch eine Frage an Rech¬
4015 4151 5260 4501 4/6 Doch die vermutest nur
2710 4276 3404 4513 Mein nur I.
1257 4281 1678 4566 Targu.
