4408 5832
805 737 3544 1047 Jüng.Tullia: O nein! - Du bist ganz schuldlos.- Lebe wohl!
1627 931 1958 1051 chon so
802 982 2425 1160 Aelt.Tullia: Leb wohl! (Sie geht).
1668 1092 2071 1231 ig ihrer
1409 1105 1620 1214 G.C.F.P.
819 1173 1825 1334 Jüng.Tullia: (allein)
2101 1228 2930 1388 je tritt es heren
1382 1337 3138 1542 Auch du-?! Dein Gatte ist Tarquinius!
890 1361 1064 1518 13/5
1941 1446 2408 1573 nachrichtig le
1648 1457 1852 1569 G.H.F.P.
1371 1542 3285 1730 Er wird der König Roms; und an der Seite
1402 1627 1999 1764 Empörung nah
1388 1689 3227 1893 Des Mannes, den ich liebe, herrschest du!
1634 1818 1808 1938 G.H.F.P.
1378 1876 3196 2098 Das grosse Rom, das ich regieren möchte
1586 1992 1760 2115 G.H.F.P
1378 2037 3091 2265 Regierest du! Was immer ich ersehne,
1388 2234 3193 2436 Erreichest du! Und so entreisst du mir
1382 2405 3432 2613 Stets, was ich mein zu nennen strebe.- Mein!
1385 2582 3285 2797 Du Wort des Glücks und ungestörter Ruhe;
1395 2790 3063 2978 Gedanke, der des Menschen Seele erst
1378 2930 3292 3132 Zu friedlichstem Geniessen kommen lässt!
1395 3053 3350 3316 Wenn ich Tarquinius jetzt und Roma selbst
1382 3254 3599 3503 Mein nennen könnt! Wenn ich den Heissgeliebten
1388 3476 3166 3677 Umarmen könnte!- ich ganz sein und er
1409 3633 3524 3858 Ganz mein! Und so das stolze Rom beherrschte
1399 3831 2460 3967 Als Königin:- (stockt)
1968 3848 3282 4063 Und so hätt ich den Frieden
1402 4015 3101 4285 Der aufgeregten Seele mir gewonnen?
3742 4203 3960 4353 Caho!
1409 4223 3476 4455 Wer weiss, ob dann? Ich glaube, dass ein Herz
1409 4390 3050 4622 Nur immer oder niemals ruhen kann,
1405 4557 3326 4817 Und Geister, die zu streben nur begonnen,
1412 4735 3329 5008 Sie wählen stets ein neues, weitres Ziel,
1412 4902 3271 5171 Das meine Willenskraft unwiderstehlich
1409 5103 3067 5362 Zu unerträglichem Gehorsam zwingt.
1409 5281 3469 5567 Was stellt sich meinen Wünschen in den Weg,
