8104 5000
4222 973 4529 1244 21
4928 1098 6043 1518 Zweite Scene.
4803 1501 6757 1802 Vor dem Hause des Tarquanius
5327 1737 6500 1998 Morgendämmerung.
4320 1910 6635 2211 Volk. Hinundherbewegen, geschäftiges Treiben,
4337 2153 4958 2380 Flüstern.
4239 2430 6730 2701 Ouintus. Hab ich ein Auge, Marcus? Was
4259 2589 6743 2880 sagt ihr? Bei ich ein scharfsichtiger Mann?
4228 2785 6696 3066 Maren v. Laßt mir jetzt eure Scharfsichtig¬
4211 2964 6665 3248 keit bei Seite; ich sehe mit meinen all¬
4205 3130 6618 3444 täglichen Augen schon allzuviel.
4232 3316 6723 3613 Egerius (kommt dazu.) Sagt doch, Marcus,
4228 3502 6716 3796 wißt ihr schon des Nähern? Oder habt
4222 3654 6936 3965 ihr etwas erfahren, quintus? Ich sog'auch, -
4205 3836 6642 4073 es glüht in meinen Odern wie Seuer.
4249 3978 6638 4316 Wies heute frisch in der Luft weht
4208 4178 6665 4455 und Freit dies Lebenüberall – wie im
4289 4357 6547 4675 Frühling sprößt und kennt es
