<?xml version="1.0" encoding="UTF-8" standalone="yes"?>
<PcGts xmlns="http://schema.primaresearch.org/PAGE/gts/pagecontent/2013-07-15" xmlns:xsi="http://www.w3.org/2001/XMLSchema-instance" xsi:schemaLocation="http://schema.primaresearch.org/PAGE/gts/pagecontent/2013-07-15 http://schema.primaresearch.org/PAGE/gts/pagecontent/2013-07-15/pagecontent.xsd">
    <Metadata>
        <Creator>prov=READ-COOP:name=TrHtr:version=2.1.0:model_id=51170:date=28_07_2023_17:01</Creator>
        <Created>2023-05-10T11:39:04.469+02:00</Created>
        <LastChange>2023-07-28T17:01:39.410+02:00</LastChange>
        <TranskribusMetadata docId="1428168" pageId="55389573" pageNr="44" tsid="131365742" status="IN_PROGRESS" userId="64420" imgUrl="https://files.transkribus.eu/Get?id=IVBQOWPEDMJRNPKKYELNREZR&amp;fileType=view" xmlUrl="https://files.transkribus.eu/Get?id=ACQJRYHJEBNCHCFZXHESZWVV" imageId="44664462"/>
    </Metadata>
    <Page imageFilename="1428168_0044.jpg" imageWidth="8120" imageHeight="5048">
        <ReadingOrder>
            <OrderedGroup id="ro_1711818221199" caption="Regions reading order">
                <RegionRefIndexed index="0" regionRef="tr_1"/>
            </OrderedGroup>
        </ReadingOrder>
        <TextRegion id="tr_1" custom="readingOrder {index:0;}">
            <Coords points="1563,1101 7064,1101 7064,4526 1563,4526"/>
            <TextLine id="tr_1_tl_1" custom="readingOrder {index:0;}">
                <Coords points="4163,1241 4278,1236 4365,1161 4509,1207 4781,1189 4890,1282 5040,1184 5422,1247 5543,1207 5543,947 5104,1103 4960,1034 4908,1085 4648,1005 4515,1074 4452,1034 4163,1062"/>
                <Baseline points="4194,1163 4212,1163 4302,1163 4391,1163 4481,1163 4570,1169 4660,1169 4749,1169 4839,1163 4928,1163 5018,1163 5107,1163 5197,1163 5286,1163 5376,1157 5465,1157 5555,1151"/>
                <TextEquiv>
                    <Unicode>(Zu d. Senatoren gewendet)</Unicode>
                </TextEquiv>
            </TextLine>
            <TextLine id="tr_1_tl_2" custom="readingOrder {index:1;}">
                <Coords points="4192,1467 4579,1368 4763,1467 4896,1380 5289,1455 5404,1351 6744,1351 6923,1311 6928,1068 6790,1126 6524,1028 6097,1218 5612,1132 5427,1253 5035,1184 4890,1288 4377,1166 4198,1236"/>
                <Baseline points="4230,1360 4254,1354 4343,1354 4433,1354 4522,1354 4612,1354 4701,1348 4791,1342 4880,1342 4970,1342 5059,1342 5149,1342 5238,1336 5328,1342 5417,1336 5507,1336 5596,1330 5686,1330 5775,1324 5865,1324 5954,1318 6044,1318 6133,1312 6223,1306 6312,1300 6402,1294 6491,1294 6581,1288 6670,1288 6760,1288 6850,1288 6939,1282"/>
                <TextEquiv>
                    <Unicode>Zum König Roms hat mich das Volk erkoren</Unicode>
                </TextEquiv>
            </TextLine>
            <TextLine id="tr_1_tl_3" custom="readingOrder {index:2;}">
                <Coords points="1651,1467 1882,1461 2032,1570 2263,1449 2523,1530 2616,1455 2702,1518 3031,1403 3412,1484 3516,1438 3522,1288 3170,1230 2737,1299 2587,1212 2506,1276 1657,1288"/>
                <Baseline points="1682,1449 1742,1449 1831,1449 1921,1443 2010,1443 2100,1438 2189,1438 2279,1432 2368,1432 2458,1432 2547,1426 2637,1426 2726,1420 2816,1420 2905,1414 2995,1408 3084,1408 3174,1402 3263,1396 3353,1396 3442,1390 3532,1384"/>
                <TextEquiv>
                    <Unicode>Viele. Er will sprechen. Hört ihn</Unicode>
                </TextEquiv>
            </TextLine>
            <TextLine id="tr_1_tl_4" custom="readingOrder {index:3;}">
                <Coords points="4394,1628 4954,1530 5370,1611 5785,1513 6998,1501 7038,1391 6669,1311 6276,1409 5404,1351 5248,1461 4977,1386 4758,1472 4405,1386"/>
                <Baseline points="4433,1515 4451,1509 4540,1509 4630,1515 4719,1515 4809,1515 4898,1509 4988,1503 5077,1503 5167,1509 5256,1503 5346,1503 5435,1503 5525,1497 5614,1497 5704,1491 5793,1491 5883,1491 5972,1485 6062,1479 6151,1473 6241,1473 6330,1467 6420,1461 6509,1461 6599,1461 6688,1455 6778,1455 6867,1455 6957,1449 7046,1449"/>
                <TextEquiv>
                    <Unicode>Ergeht in Begleitung der Senatoren</Unicode>
                </TextEquiv>
            </TextLine>
            <TextLine id="tr_1_tl_5" custom="readingOrder {index:4;}">
                <Coords points="1588,1651 2154,1622 2240,1703 2454,1605 3949,1605 4042,1576 4047,1409 3684,1391 3389,1501 2916,1426 2708,1524 2252,1449 2027,1570 1882,1461 1588,1507"/>
                <Baseline points="1617,1628 1646,1622 1736,1622 1825,1617 1915,1611 2004,1611 2094,1611 2183,1605 2273,1611 2362,1605 2452,1599 2541,1593 2631,1593 2720,1593 2810,1587 2899,1587 2989,1581 3078,1581 3168,1581 3257,1581 3347,1581 3436,1569 3526,1569 3615,1557 3705,1551 3794,1545 3884,1545 3973,1545 4063,1539"/>
                <TextEquiv>
                    <Unicode>Andr. lasst ihn nicht zu Worte kommen!</Unicode>
                </TextEquiv>
            </TextLine>
            <TextLine id="tr_1_tl_6" custom="readingOrder {index:5;}">
                <Coords points="5196,1796 5370,1744 5525,1778 5716,1692 5930,1703 5970,1755 6270,1669 6444,1709 6553,1686 6559,1542 6218,1547 6086,1495 5843,1559 5785,1507 5531,1622 5289,1576 5202,1611"/>
                <Baseline points="5232,1676 5310,1676 5400,1676 5489,1676 5579,1670 5668,1670 5758,1664 5847,1664 5937,1664 6026,1658 6116,1658 6205,1652 6295,1646 6384,1646 6474,1634 6563,1628"/>
                <TextEquiv>
                    <Unicode>in sein Haus.)</Unicode>
                </TextEquiv>
            </TextLine>
            <TextLine id="tr_1_tl_7" custom="readingOrder {index:6;}">
                <Coords points="1594,1796 1871,1801 1969,1859 2234,1790 2419,1830 2569,1778 2662,1825 2973,1778 2979,1646 2789,1692 2639,1617 2500,1646 2454,1605 2182,1744 1917,1628 1599,1646"/>
                <Baseline points="1628,1778 1640,1790 1730,1784 1819,1790 1909,1790 1998,1790 2088,1790 2177,1784 2267,1778 2356,1778 2446,1778 2535,1772 2625,1766 2714,1760 2804,1754 2893,1748 2983,1748"/>
                <TextEquiv>
                    <Unicode>Er ist ein Verräter!</Unicode>
                </TextEquiv>
            </TextLine>
            <TextLine id="tr_1_tl_8" custom="readingOrder {index:7;}">
                <Coords points="4942,1894 5075,1940 5271,1888 5404,1957 5583,1905 5704,1986 5959,1876 6622,1905 6784,1871 6790,1692 6265,1669 5814,1813 5658,1715 5398,1796 5300,1697 5150,1773 4948,1709"/>
                <Baseline points="4976,1885 5012,1873 5101,1867 5191,1867 5280,1861 5370,1861 5459,1867 5549,1861 5638,1855 5728,1855 5817,1849 5907,1843 5996,1843 6086,1843 6175,1843 6265,1843 6354,1831 6444,1831 6533,1825 6623,1825 6712,1825 6802,1831"/>
                <TextEquiv>
                    <Unicode>Bewegung unter d Volk.</Unicode>
                </TextEquiv>
            </TextLine>
            <TextLine id="tr_1_tl_9" custom="readingOrder {index:8;}">
                <Coords points="1605,2032 3897,1957 3903,1738 3695,1796 3343,1726 2881,1865 2234,1790 1605,1859"/>
                <Baseline points="1634,1975 1676,1975 1766,1975 1855,1969 1945,1969 2034,1969 2124,1969 2213,1963 2303,1963 2392,1963 2482,1957 2571,1951 2661,1951 2750,1945 2840,1945 2929,1939 3019,1939 3108,1933 3198,1933 3287,1933 3377,1927 3466,1921 3556,1915 3645,1909 3735,1909 3824,1909 3914,1903"/>
                <TextEquiv>
                    <Unicode>Targu. Ein Wort auswünsche Volk:</Unicode>
                </TextEquiv>
            </TextLine>
            <TextLine id="tr_1_tl_10" custom="readingOrder {index:9;}">
                <Coords points="4232,2136 6790,2050 6848,1894 4238,1980"/>
                <Baseline points="4266,2064 4355,2064 4445,2064 4534,2064 4624,2064 4713,2064 4803,2064 4892,2058 4982,2052 5071,2052 5161,2046 5250,2046 5340,2046 5429,2040 5519,2034 5608,2028 5698,2028 5787,2022 5877,2022 5966,2016 6056,2016 6145,2016 6235,2016 6324,2010 6414,2004 6503,1998 6593,1998 6682,1998 6772,1998 6861,1998"/>
                <TextEquiv>
                    <Unicode>Marcus: Wiewird wirs in meinen Sinnen!</Unicode>
                </TextEquiv>
            </TextLine>
            <TextLine id="tr_1_tl_11" custom="readingOrder {index:10;}">
                <Coords points="1640,2252 1871,2165 2252,2263 2679,2142 3649,2171 4013,2113 4019,1888 3886,1963 3441,1940 3297,2044 3135,1963 2171,1963 1646,2079"/>
                <Baseline points="1670,2148 1700,2148 1790,2142 1879,2142 1969,2142 2058,2136 2148,2136 2237,2136 2327,2136 2416,2130 2506,2130 2595,2124 2685,2118 2774,2112 2864,2112 2953,2106 3043,2106 3132,2100 3222,2100 3311,2100 3401,2094 3490,2088 3580,2088 3669,2082 3759,2082 3848,2082 3938,2082 4027,2082"/>
                <TextEquiv>
                    <Unicode>(Er mit Knehr in den Vordergrund; die</Unicode>
                </TextEquiv>
            </TextLine>
            <TextLine id="tr_1_tl_12" custom="readingOrder {index:11;}">
                <Coords points="4232,2338 4452,2258 4538,2333 4602,2286 4798,2338 4908,2240 5976,2240 5987,2050 5785,2044 5624,2131 5225,2067 4890,2079 4694,2165 4596,2113 4238,2148"/>
                <Baseline points="4266,2243 4296,2237 4385,2243 4475,2237 4564,2237 4654,2237 4743,2237 4833,2225 4922,2219 5012,2219 5101,2213 5191,2213 5280,2213 5370,2207 5459,2207 5549,2201 5638,2201 5728,2195 5817,2183 5907,2183 5996,2183"/>
                <TextEquiv>
                    <Unicode>Egerius. Ist Servius todt?</Unicode>
                </TextEquiv>
            </TextLine>
            <TextLine id="tr_1_tl_13" custom="readingOrder {index:12;}">
                <Coords points="1669,2356 2217,2327 2379,2431 2777,2292 3112,2373 3412,2275 3793,2333 3868,2310 3874,2136 3614,2182 3493,2119 3285,2223 2922,2136 2616,2240 2448,2171 2246,2275 2073,2188 1674,2286"/>
                <Baseline points="1700,2339 1736,2333 1825,2333 1915,2327 2004,2321 2094,2321 2183,2315 2273,2315 2362,2309 2452,2309 2541,2303 2631,2297 2720,2291 2810,2285 2899,2285 2989,2279 3078,2279 3168,2279 3257,2273 3347,2273 3436,2267 3526,2255 3615,2255 3705,2261 3794,2261 3884,2249"/>
                <TextEquiv>
                    <Unicode>Senatoren folgen. Stille entsteht.</Unicode>
                </TextEquiv>
            </TextLine>
            <TextLine id="tr_1_tl_14" custom="readingOrder {index:13;}">
                <Coords points="4209,2506 4890,2437 5058,2523 6109,2373 6449,2471 6894,2437 7021,2396 7027,2211 4215,2338"/>
                <Baseline points="4242,2410 4260,2404 4349,2404 4439,2404 4528,2404 4618,2404 4707,2404 4797,2398 4886,2392 4976,2392 5065,2392 5155,2386 5244,2386 5334,2386 5423,2380 5513,2374 5602,2374 5692,2374 5781,2368 5871,2368 5960,2368 6050,2362 6139,2362 6229,2356 6318,2350 6408,2350 6497,2344 6587,2344 6676,2339 6766,2344 6855,2339 6945,2339 7034,2327"/>
                <TextEquiv>
                    <Unicode>1. Bürger. Man Flüsterl da von Meuchelmord!</Unicode>
                </TextEquiv>
            </TextLine>
            <TextLine id="tr_1_tl_15" custom="readingOrder {index:14;}">
                <Coords points="1588,2552 2136,2644 3522,2448 4007,2540 4094,2506 4099,2321 3868,2385 3418,2269 3118,2373 2604,2315 2373,2431 2223,2333 1594,2385"/>
                <Baseline points="1622,2506 1694,2506 1784,2500 1873,2494 1963,2488 2052,2488 2142,2482 2231,2482 2321,2476 2410,2476 2500,2476 2589,2470 2679,2470 2768,2464 2858,2464 2947,2464 3037,2458 3126,2458 3216,2452 3305,2446 3395,2440 3484,2434 3574,2428 3663,2434 3753,2434 3842,2434 3932,2428 4021,2428 4111,2428"/>
                <TextEquiv>
                    <Unicode>Targa. Erfahrt das Neue, das in dieser</Unicode>
                </TextEquiv>
            </TextLine>
            <TextLine id="tr_1_tl_16" custom="readingOrder {index:15;}">
                <Coords points="4244,2673 4475,2696 4734,2616 4798,2656 4925,2587 5514,2604 5525,2413 5335,2477 5196,2437 5052,2523 4856,2437 4700,2512 4619,2471 4255,2477"/>
                <Baseline points="4284,2601 4373,2595 4463,2589 4552,2589 4642,2589 4731,2583 4821,2577 4910,2571 5000,2571 5089,2571 5179,2559 5268,2553 5358,2547 5447,2541 5537,2541"/>
                <TextEquiv>
                    <Unicode>Viele. Wie? Was?</Unicode>
                </TextEquiv>
            </TextLine>
            <TextLine id="tr_1_tl_17" custom="readingOrder {index:16;}">
                <Coords points="3378,2731 3487,2731 3505,2714 3585,2731 3707,2633 3759,2662 3845,2673 3845,2488 3793,2488 3730,2540 3666,2540 3568,2454 3487,2471 3453,2460 3378,2494"/>
                <Baseline points="3407,2607 3413,2607 3502,2601 3592,2601 3681,2607 3771,2607 3860,2601"/>
                <TextEquiv>
                    <Unicode>Nacht</Unicode>
                </TextEquiv>
            </TextLine>
            <TextLine id="tr_1_tl_18" custom="readingOrder {index:17;}">
                <Coords points="4221,2823 4873,2771 5266,2852 5433,2771 5612,2846 5831,2760 6455,2841 6848,2760 6853,2592 6126,2425 5883,2598 4226,2673"/>
                <Baseline points="4260,2768 4266,2774 4355,2768 4445,2762 4534,2762 4624,2762 4713,2762 4803,2750 4892,2750 4982,2744 5071,2738 5161,2738 5250,2732 5340,2732 5429,2732 5519,2726 5608,2720 5698,2720 5787,2714 5877,2714 5966,2708 6056,2708 6145,2703 6235,2703 6324,2703 6414,2703 6503,2697 6593,2697 6682,2691 6772,2691 6861,2691"/>
                <TextEquiv>
                    <Unicode>Marcus. Mitbürger, Mitburger. Ein Tyrann</Unicode>
                </TextEquiv>
            </TextLine>
            <TextLine id="tr_1_tl_19" custom="readingOrder {index:18;}">
                <Coords points="1628,2927 1744,2841 2927,2823 3054,2939 3401,2916 3534,2800 4082,2823 4082,2725 3718,2633 3580,2743 3314,2621 2350,2754 1940,2569 1640,2581"/>
                <Baseline points="1658,2846 1682,2846 1772,2840 1861,2840 1951,2840 2040,2840 2130,2840 2219,2834 2309,2828 2398,2822 2488,2816 2577,2816 2667,2810 2756,2810 2846,2804 2935,2804 3025,2804 3114,2804 3204,2798 3293,2798 3383,2792 3472,2786 3562,2786 3651,2786 3741,2786 3830,2786 3920,2780 4009,2780 4099,2780"/>
                <TextEquiv>
                    <Unicode>Inmitten eurer Stadt sich zugetragen.</Unicode>
                </TextEquiv>
            </TextLine>
            <TextLine id="tr_1_tl_20" custom="readingOrder {index:19;}">
                <Coords points="4203,3014 4284,3014 4342,2956 4388,2950 4428,2997 4515,2979 4573,3031 4619,3008 4694,3025 4786,2950 4908,2945 4913,2818 4850,2794 4804,2812 4700,2754 4579,2789 4342,2783 4284,2823 4209,2823"/>
                <Baseline points="4236,2941 4302,2935 4391,2935 4481,2935 4570,2929 4660,2923 4749,2923 4839,2917 4928,2917"/>
                <TextEquiv>
                    <Unicode>steht auf!</Unicode>
                </TextEquiv>
            </TextLine>
            <TextLine id="tr_1_tl_21" custom="readingOrder {index:20;}">
                <Coords points="1524,3112 2956,2997 3412,3106 3557,2973 3972,3049 4105,3008 4111,2800 3054,2939 2904,2835 2592,2950 2402,2852 1865,2910 1755,2841 1530,2950"/>
                <Baseline points="1563,3013 1611,3025 1700,3025 1790,3025 1879,3025 1969,3025 2058,3019 2148,3013 2237,3007 2327,3007 2416,3001 2506,3001 2595,3001 2685,2995 2774,2989 2864,2989 2953,2989 3043,2983 3132,2983 3222,2977 3311,2977 3401,2971 3490,2971 3580,2971 3669,2965 3759,2971 3848,2965 3938,2965 4027,2959 4117,2953"/>
                <TextEquiv>
                    <Unicode>Hier diese Männer, - Manuarhöhen Anspfes,</Unicode>
                </TextEquiv>
            </TextLine>
            <TextLine id="tr_1_tl_22" custom="readingOrder {index:21;}">
                <Coords points="4226,3181 6807,3124 6877,2991 6484,2893 4232,3020"/>
                <Baseline points="4266,3120 4290,3126 4379,3114 4469,3108 4558,3102 4648,3102 4737,3102 4827,3102 4916,3102 5006,3096 5095,3090 5185,3084 5274,3078 5364,3078 5453,3072 5543,3072 5632,3072 5722,3072 5811,3072 5901,3066 5990,3066 6080,3061 6169,3055 6259,3049 6348,3049 6438,3043 6527,3043 6617,3043 6706,3043 6796,3043 6885,3049"/>
                <TextEquiv>
                    <Unicode>Egerius. Mit entblößten Schwertern standen</Unicode>
                </TextEquiv>
            </TextLine>
            <TextLine id="tr_1_tl_23" custom="readingOrder {index:22;}">
                <Coords points="1530,3239 2517,3199 2777,3268 3199,3158 3320,3274 3441,3170 3718,3239 3955,3199 3961,2973 3551,2985 3314,3112 2823,3014 2685,3083 2460,3008 2367,3089 2211,3025 2038,3124 1721,3037 1536,3147"/>
                <Baseline points="1563,3204 1640,3198 1730,3198 1819,3192 1909,3192 1998,3186 2088,3180 2177,3174 2267,3174 2356,3174 2446,3174 2535,3174 2625,3168 2714,3174 2804,3168 2893,3162 2983,3156 3072,3150 3162,3156 3251,3156 3341,3150 3430,3150 3520,3144 3609,3138 3699,3138 3788,3138 3878,3132 3967,3126"/>
                <TextEquiv>
                    <Unicode>die römischen Senatoren, wie ihr sehl,</Unicode>
                </TextEquiv>
            </TextLine>
            <TextLine id="tr_1_tl_24" custom="readingOrder {index:23;}">
                <Coords points="1547,3412 6184,3326 6189,3124 1790,3199 1553,3326"/>
                <Baseline points="1587,3365 1640,3365 1730,3365 1819,3365 1909,3365 1998,3359 2088,3353 2177,3353 2267,3353 2356,3347 2446,3353 2535,3353 2625,3353 2714,3347 2804,3341 2893,3341 2983,3335 3072,3329 3162,3323 3251,3323 3341,3323 3430,3317 3520,3317 3609,3317 3699,3317 3788,3317 3878,3311 3967,3305 4057,3305 4146,3311 4236,3299 4326,3293 4415,3287 4505,3287 4594,3281 4684,3275 4773,3275 4863,3275 4952,3275 5042,3263 5131,3263 5221,3263 5310,3251 5400,3251 5489,3251 5579,3245 5668,3245 5758,3245 5847,3240 5937,3240 6026,3234 6116,3228 6205,3228"/>
                <TextEquiv>
                    <Unicode>Befandens gut, wir kucus tarquimus, die Senatoren hinter ihm.</Unicode>
                </TextEquiv>
            </TextLine>
            <TextLine id="tr_1_tl_25" custom="readingOrder {index:24;}">
                <Coords points="4677,3395 4706,3401 4717,3389 4792,3430 4844,3407 4867,3424 4925,3366 4954,3395 4965,3383 5017,3383 5023,3291 4885,3303 4861,3279 4838,3279 4786,3303 4734,3297 4711,3320 4683,3314"/>
                <Baseline points="4707,3371 4761,3365 4851,3359 4940,3353 5030,3347"/>
                <TextEquiv>
                    <Unicode>(julains)</Unicode>
                </TextEquiv>
            </TextLine>
            <TextLine id="tr_1_tl_26" custom="readingOrder {index:25;}">
                <Coords points="4209,3493 4746,3470 4856,3574 5225,3453 5352,3539 5855,3441 6865,3505 7044,3447 7050,3239 5462,3279 4867,3418 4452,3308 4215,3360"/>
                <Baseline points="4242,3472 4290,3466 4379,3460 4469,3460 4558,3460 4648,3460 4737,3460 4827,3454 4916,3454 5006,3442 5095,3442 5185,3436 5274,3436 5364,3436 5453,3430 5543,3430 5632,3430 5722,3425 5811,3425 5901,3419 5990,3413 6080,3413 6169,3419 6259,3413 6348,3413 6438,3407 6527,3401 6617,3401 6706,3395 6796,3389 6885,3383 6975,3377 7064,3377"/>
                <TextEquiv>
                    <Unicode>Quint as. Ich weiß nichts andres zu thun, als mich ###</Unicode>
                </TextEquiv>
            </TextLine>
            <TextLine id="tr_1_tl_27" custom="readingOrder {index:26;}">
                <Coords points="1559,3626 1755,3551 2223,3666 2569,3528 2771,3614 3020,3522 4059,3557 4111,3360 3574,3395 3476,3326 3112,3418 2991,3331 2385,3464 2217,3378 1790,3505 1565,3464"/>
                <Baseline points="1599,3550 1611,3550 1700,3550 1790,3550 1879,3550 1969,3544 2058,3538 2148,3538 2237,3532 2327,3526 2416,3526 2506,3526 2595,3526 2685,3526 2774,3526 2864,3520 2953,3514 3043,3508 3132,3502 3222,3502 3311,3502 3401,3502 3490,3496 3580,3502 3669,3496 3759,3496 3848,3496 3938,3490 4027,3490 4117,3490"/>
                <TextEquiv>
                    <Unicode>des mächtigen Jacquenius Priscus Sohn</Unicode>
                </TextEquiv>
            </TextLine>
            <TextLine id="tr_1_tl_28" custom="readingOrder {index:27;}">
                <Coords points="4215,3724 4434,3661 4700,3759 4948,3684 5046,3764 5797,3614 6397,3643 6513,3591 6519,3453 6039,3528 5520,3458 5352,3539 5150,3447 4861,3574 4781,3487 4221,3551"/>
                <Baseline points="4254,3645 4290,3651 4379,3645 4469,3639 4558,3639 4648,3639 4737,3633 4827,3627 4916,3621 5006,3615 5095,3609 5185,3604 5274,3609 5364,3609 5453,3604 5543,3604 5632,3598 5722,3598 5811,3598 5901,3592 5990,3592 6080,3592 6169,3586 6259,3586 6348,3580 6438,3580 6527,3574"/>
                <TextEquiv>
                    <Unicode>zu bewundern! Es ist staunens wert.</Unicode>
                </TextEquiv>
            </TextLine>
            <TextLine id="tr_1_tl_29" custom="readingOrder {index:28;}">
                <Coords points="1559,3764 1928,3730 2154,3822 2552,3713 3320,3788 3747,3707 3978,3788 4094,3770 4099,3551 3349,3620 3025,3528 2771,3614 2592,3516 2188,3666 1755,3551 1559,3626"/>
                <Baseline points="1593,3729 1599,3729 1688,3723 1778,3717 1867,3717 1957,3711 2046,3711 2136,3711 2225,3705 2315,3705 2404,3699 2494,3699 2583,3693 2673,3693 2762,3687 2852,3681 2941,3681 3031,3675 3120,3669 3210,3669 3299,3669 3389,3669 3478,3669 3568,3669 3657,3669 3747,3663 3836,3663 3926,3663 4015,3669 4105,3675"/>
                <TextEquiv>
                    <Unicode>Die römsche Königswürde zu verleihe</Unicode>
                </TextEquiv>
            </TextLine>
            <TextLine id="tr_1_tl_30" custom="readingOrder {index:29;}">
                <Coords points="4267,3920 4983,3822 5116,3909 5768,3799 6028,3892 6611,3759 6796,3822 6842,3637 5785,3614 5040,3764 4457,3684 4273,3788"/>
                <Baseline points="4302,3842 4343,3836 4433,3830 4522,3824 4612,3824 4701,3818 4791,3812 4880,3800 4970,3800 5059,3800 5149,3800 5238,3800 5328,3800 5417,3800 5507,3788 5596,3788 5686,3777 5775,3777 5865,3777 5954,3771 6044,3771 6133,3765 6223,3765 6312,3765 6402,3765 6491,3765 6581,3759 6670,3753 6760,3753 6850,3747"/>
                <TextEquiv>
                    <Unicode>Marens. Bürger, diesen Wechsel werden</Unicode>
                </TextEquiv>
            </TextLine>
            <TextLine id="tr_1_tl_31" custom="readingOrder {index:30;}">
                <Coords points="2263,3938 2529,3892 2708,3938 2800,3892 2887,3949 2991,3955 3112,3880 3279,3892 3285,3764 3060,3759 2997,3707 2789,3788 2587,3713 2506,3759 2379,3718 2269,3759"/>
                <Baseline points="2297,3890 2315,3884 2404,3878 2494,3872 2583,3872 2673,3872 2762,3866 2852,3866 2941,3866 3031,3860 3120,3866 3210,3866 3299,3854"/>
                <TextEquiv>
                    <Unicode>/Stille. Pause.</Unicode>
                </TextEquiv>
            </TextLine>
            <TextLine id="tr_1_tl_32" custom="readingOrder {index:31;}">
                <Coords points="4226,4076 4325,4088 4457,4013 4573,4117 4758,4122 4925,4001 4971,4030 5150,4001 5156,3834 5098,3857 4902,3822 4700,3880 4579,3868 4428,3949 4359,3892 4232,3920"/>
                <Baseline points="4260,4015 4266,4015 4355,4009 4445,4003 4534,3997 4624,3991 4713,3979 4803,3979 4892,3973 4982,3973 5071,3973 5161,3967"/>
                <TextEquiv>
                    <Unicode>wir fühlen.</Unicode>
                </TextEquiv>
            </TextLine>
            <TextLine id="tr_1_tl_33" custom="readingOrder {index:32;}">
                <Coords points="1588,4203 2644,4053 4042,4134 4140,4111 4151,3788 3880,3909 3256,3967 3147,3880 3025,3949 2523,3892 2165,4013 1865,3828 1594,3799"/>
                <Baseline points="1622,4081 1652,4081 1742,4075 1831,4069 1921,4063 2010,4063 2100,4063 2189,4063 2279,4057 2368,4051 2458,4045 2547,4039 2637,4039 2726,4039 2816,4039 2905,4033 2995,4033 3084,4027 3174,4027 3263,4027 3353,4027 3442,4021 3532,4021 3621,4021 3711,4021 3800,4015 3890,4015 3979,4015 4069,4021 4158,4021"/>
                <TextEquiv>
                    <Unicode>Hat jemand einen Einwurf zu erheben.</Unicode>
                </TextEquiv>
            </TextLine>
            <TextLine id="tr_1_tl_34" custom="readingOrder {index:33;}">
                <Coords points="4284,4255 5318,4169 5520,4238 6155,4122 6495,4221 6709,4111 6986,4169 6998,3868 6467,4024 6039,3949 5647,4053 4919,4001 4619,4128 4290,4070"/>
                <Baseline points="4314,4176 4403,4170 4493,4164 4582,4164 4672,4158 4761,4146 4851,4146 4940,4146 5030,4141 5119,4135 5209,4135 5298,4135 5388,4135 5477,4135 5567,4129 5656,4123 5746,4117 5835,4117 5925,4105 6014,4111 6104,4111 6193,4111 6283,4105 6372,4099 6462,4099 6551,4093 6641,4081 6730,4075 6820,4069 6909,4063 6999,4057"/>
                <TextEquiv>
                    <Unicode>Viele. Zum Selast des Königs zum Palast</Unicode>
                </TextEquiv>
            </TextLine>
            <TextLine id="tr_1_tl_35" custom="readingOrder {index:34;}">
                <Coords points="2523,4284 2598,4307 2685,4232 2731,4255 2818,4226 2875,4273 2956,4261 2991,4296 3031,4267 3083,4267 3095,4076 3031,4082 2991,4047 2939,4082 2852,4059 2783,4088 2748,4059 2644,4053 2575,4099 2535,4094"/>
                <Baseline points="2559,4224 2565,4224 2655,4212 2744,4206 2834,4206 2923,4206 3013,4200 3102,4194"/>
                <TextEquiv>
                    <Unicode>(Stille.)</Unicode>
                </TextEquiv>
            </TextLine>
            <TextLine id="tr_1_tl_36" custom="readingOrder {index:35;}">
                <Coords points="4284,4469 4579,4400 4625,4428 4821,4382 4890,4405 4989,4348 5058,4382 5196,4336 5266,4359 5323,4342 5329,4180 5116,4238 5046,4186 4873,4232 4833,4203 4752,4284 4607,4209 4521,4273 4382,4226 4296,4255"/>
                <Baseline points="4320,4349 4355,4349 4445,4349 4534,4343 4624,4343 4713,4337 4803,4331 4892,4326 4982,4326 5071,4320 5161,4320 5250,4320 5340,4314"/>
                <TextEquiv>
                    <Unicode>Ein Bürger (kommt.)</Unicode>
                </TextEquiv>
            </TextLine>
            <TextLine id="tr_1_tl_37" custom="readingOrder {index:36;}">
                <Coords points="1634,4515 1848,4561 2275,4440 2512,4532 2702,4440 3262,4532 3430,4457 4111,4509 4180,4122 3701,4128 3297,4278 2719,4232 2575,4319 2206,4203 1640,4203"/>
                <Baseline points="1664,4427 1676,4427 1766,4433 1855,4427 1945,4421 2034,4421 2124,4421 2213,4421 2303,4421 2392,4415 2482,4415 2571,4415 2661,4409 2750,4397 2840,4397 2929,4391 3019,4391 3108,4391 3198,4385 3287,4385 3377,4385 3466,4385 3556,4385 3645,4379 3735,4373 3824,4373 3914,4373 4003,4361 4093,4361 4182,4361"/>
                <TextEquiv>
                    <Unicode>So ist die Wahl genehmigt, die mich traf</Unicode>
                </TextEquiv>
            </TextLine>
            <TextLine id="tr_1_tl_38" custom="readingOrder {index:37;}">
                <Coords points="4261,4590 4486,4631 4700,4555 4960,4602 5133,4538 5266,4584 5323,4527 5508,4504 5514,4353 5404,4336 5283,4428 5133,4359 4925,4417 4833,4382 4521,4440 4423,4417 4267,4480"/>
                <Baseline points="4296,4516 4361,4516 4451,4516 4540,4516 4630,4516 4719,4510 4809,4505 4898,4499 4988,4499 5077,4493 5167,4493 5256,4493 5346,4493 5435,4493 5525,4493"/>
                <TextEquiv>
                    <Unicode>viele. Nun ists wahr?</Unicode>
                </TextEquiv>
            </TextLine>
        </TextRegion>
    </Page>
</PcGts>
