4440 5752
1351 741 2419 1020 Doch du vermutest nur¬
809 780 1085 1017 10/6
2333 943 3324 1162 O ich vermute nichts,
805 992 1258 1210 Claudius:
3559 1004 3815 1171 grès
1361 1113 3382 1338 Nur Wissen ist dem Sonnenlicht vergleichbar
1373 1300 3241 1524 Und die Vermutung gleicht der Dämmerung,
1367 1457 3164 1604 Geblendet von dem Uebermass des Lichts
793 1511 1332 1636 Tarquinius:
1373 1630 3273 1851 Steh ich entzweiter mit mir da als je. 1)
1354 1829 3295 2047 Entzweit? Ist hier zu wählen? O ich könnte
805 1867 1255 1993 Claudius :
1373 2028 3177 2208 Dir manchen nennen, der in solchem Fall
1361 2172 3302 2323 Nicht einen Augenblick zu zaudern wusste.
812 2387 3392 2512 Tarquinius: Wie seltsam sich's im Geiste mir verbindet.
1367 2522 3388 2692 Ins Unbestimmte schweifte sonst mein Drang
1373 2711 3459 2914 Ich wollte wohl, doch unklar war mein wollen,
1373 2872 3636 3090 Und meine Thaten - nichts! - Du gibst mir Ziele
1367 3100 3498 3231 Nie ward ein Mensch auf Erden gross, der nicht
1367 3244 3404 3440 Ein Ziel gehabt,wär's noch so fern gewesen.
1373 3414 3096 3603 Die Königswurde an der Seite Tullias
3433 3517 3684 3812 (ohol.)
1367 3629 3308 3773 Ist meiner Sehnsucht Fülle und Verlangen,
1373 3757 2955 3988 Jetzt erst fühl' ich mich selbst!
905 3796 1094 3972 19/6
2853 3911 3924 4155 Doch tritt auch Tullia
805 3979 1267 4207 Claudius:
1364 4133 3161 4316 Als das entgegen,was du bist,und denk
1380 4341 3504 4515 Der Mann, der Rom beherrscht, umarmt dies Weib,
1380 4434 3636 4710 Jedoch auch sie lässt dich nicht dran vergessen;
1380 4656 2975 4881 Sei überzeugt.- Doch siehe, Fabius
1367 4826 3523 5060 Naht hier.-O wie ich ihn und all die Sein'gen
1383 4986 3430 5195 Verlachen will! Ihr Geist, ein Schatten bald
1383 5192 3510 5394 Vergangner Grösse, schmeichelt sich vielleicht
