4504 5880
1641 601 1905 840 des
610 779 1322 969 12/4 Gabinius:
1439 828 3417 1025 Ihr wisst gewisses, wo ich selbst nur ahne?
1426 997 3331 1169 Und wo ich fürchte,was im Dunkeln liegt,
1417 1172 3635 1380 Seid ihr schon sicher, was wir fürchten müssen
1414 1347 3684 1515 So käm' selbst des Augurs schlimme Profezeihung,
1420 1521 3322 1736 Die stets nur allzu frühe kommt,zu spät?
3540 1528 3699 1699 1)
816 1607 1190 1831 Fabius:
1414 1718 3224 1896 Nicht mehr bedarfs der Prophezeiungen!
1399 1883 3442 2040 Hört nur.- Camill (ihr kennt ja den Senator
1393 2046 3209 2242 Den edeln, treuen, wohlgesinnten Bürger)
1393 2221 3313 2451 Camilles brachte mir vor wen'gen Stunden
1380 2433 3347 2577 Aus dem Senat gar schlimmer Unruhn Kunde.
1374 2552 3190 2745 Seit ein’gen Tagen - so erzählt er mir
1380 2761 2929 2902 Bereite sich im römischen Senate
1365 2911 3267 3114 Seltsanes vor; er selbst - uneingeweiht,
1380 3061 2960 3307 Inmitten einer ränkevollen Schaar
1362 3261 3328 3491 Von Eingeweihten, steh' mit wen'gen andern
1359 3469 3276 3638 Vereinsamt da, - jedoch unwissend nicht.
1356 3653 3166 3807 Er weiss, wovon die Senatoren flüstern,
1344 3822 3132 3963 Und was sie in geheimen Bund vereint,
1328 4000 3245 4196 Man raunt sich zu von Unzufriedenheiten,
1331 4169 3202 4350 Böswilligen Plänen, die im Keimen wären,
1328 4294 3794 4549 Ja selbst von Aufruhr -! - Ihr erschreckt,Gabinius-?
761 4503 1221 4669 Gabinius:
1331 4531 3482 4684 Begreif' ich euch? Böswillige Pläne, sagt ihr?
1344 4656 3604 4865 Prag ich noch weiter? - Gegen wen? - Doch nicht—?
1310 4908 2969 5077 Nein nein, ich kanns nicht glauben!
739 5034 1126 5193 Fabius:
2853 5025 3773 5334 Glaubts getrost! 3)
