8056 4936
4447 809 4679 1060 sich
7380 839 7837 1113 1. Ausz. 1. K.
1660 880 2293 1083 dane keinander entgegen
4128 873 6459 1203 Und verrungen freines Volkes Liebe
1000 978 2488 1191 Die Mannesbrust dem Gegner mütig dar¬
903 1071 3387 1364 (Am drohenden Geschicke, mütig dar.)
4065 1071 7077 1461 Gabinius (für sich) Und ihr bleibt ungerührt, erhaben Götter?
2600 1120 3874 1337 Von Stimmung, dem Kommenden anzassen können, dürfen
948 1225 3922 1562 und wenn uns dann - doch jetzt der König nicht - (dieser Sache) nicht freundet werden. Pazlich könne ich zu ohneher - ließe überall.
4125 1244 6369 1525 Ihr ändert euere Ratschluss nicht und seht
453 1300 798 1521 sollen
1843 1394 3173 1633 Servius Tullius komt.
4121 1416 6091 1723 Mit ewig gleichem, unbewegtem Sinn
476 1491 1214 1663 beiden eigentlich
4065 1570 6327 1881 Auf ihn herab von des Olympos Höhen?
7219 1573 7788 1798 überhaupt unver-
431 1618 1427 1873 u. des Palastes suchten,
7391 1738 7751 1877 kondlich
1000 1667 3900 2012 Fabius  Gabinius. Heil auch, dem großen König Thomas Heil¬
4192 1723 6863 1989 kein Mitleid kommt in einem Maomorbusen,
7238 1798 7845 1989 Widerpruch
371 1817 877 2057 es welches
1019 1847 3915 2188 Servius. Dank euch für zuere Gruß, Dank, Dach Ami¬
4095 1926 6676 2218 Und ewig starr bleibt im unsterblich Herz¬
397 1971 933 2240 hältnis zum
1030 2064 3368 2353 Ihr Stütze meines Theones, sein gegrüßt.
4113 2075 6399 2371 Gabinus, wirf den Augurstab von der
6526 2135 6799 2304 ungulez
1023 2210 3551 2521 Mir greisem Manne thuts im Herzen wohl,
4087 2207 6769 2499 Dir ziemt ein Umt nicht, das versteinte Herzen
7425 2229 7717 2465 seinem
982 2405 3312 2679 des röm'schen Volkob allertreuße Bürger
4117 2371 6249 2630 Und eiserne Gemüter fordert. O
1041 2547 3241 2870 Um mich zusehe; und alle Römer sind
4128 2547 6829 2855 Du bist nicht verhört, im Zwitterding zu sein,
1049 2716 3420 2971 Wir lieb, wie Kinder, die ich außerzogen.
4128 2682 6934 2975 Das kühn sich anmaßt, Göttern nach zu stehn
1030 2873 3514 3109 Fabias. Wie einen Vater lieben sie auch aller
4117 2858 6672 3154 Und doch in sich ein menschlich Herz noch fühlt
1019 3012 3844 3342 Peraris. O glaubt es ver- darin Legstall mein Glück
4140 3027 6391 3345 Und ein Gemüt wie alle Erdensöhne.
1045 3177 3859 3506 Und reicher Lohn für all mein rastlos kreben.
4173 3229 6961 3484 Serius /wendet sich von Fabris, mit dem er unterdessen gespro¬
2690 3342 2952 3469 (Prys)
1030 3353 3439 3656 Denners sich einen solchen Schatz errungen,
4158 3360 6807 3664 chen zu Gebirnus) Und ihr Gabinius? Was sagen ein
154 3454 907 3728 Neil kräftiger u. bedeutender
1315 3563 1551 3690 ums
6751 3510 7897 3795 Holdes und wünschstes doch?
1041 3518 3255 3821 Wie meines theuern Volkes hiebe ist,
4140 3521 6642 3840 die Götter? Ein bleibse Sertungs holdes Antlitz
165 3626 933 3817 allgemein u. unter auffeinß und
6807 3709 7170 3881 Wenn ich
176 3761 952 3919 dann: Und ich gab meines V. Gr. j.
4147 3694 6627 4031 Nach lange uns so freund sich zugewandt:
1049 3686 3233 3997 Ärheblärich nicht vergebens auf der Erde
6829 3716 7908 3990 Stets erart ihr mird.
1041 3817 3623 4181 Und muß nicht zogen vor dem nahen Tod.
7129 3904 7931 4136 Glücks Verkündigen
4158 3874 6417 4170 Gewiß, Gatinus, ich fühles wohl.
6829 4005 7897 4316 Oberstens auch die Götter
1079 4020 3338 4312 Verlorne Tage muß er nicht beweinen
4181 4053 6695 4293 Mir sagts mein lenkes, unbedrücktes Herz
7137 4185 7635 4409 in er sein
1146 4158 3889 4507 Ihm schwam die Zeit nicht unbemütze dahin¬
4117 4207 6874 4544 Auf dem kam Schatten anher Unheils lastet.
1131 4338 3844 4660 denn Eines Volkes Glück hat ich geschaffen
7343 4372 7519 4604 III.
