4424 5784
1374 695 3748 1030 noch einen schwerverständlichen Charakter. Mir ist
1403 975 2822 1162 jeder Zug klar,aber jeder zug.
1396 1129 3324 1281 Doch Claudius ist so ungewiss als früher.
840 1178 1158 1345 Caius:
1409 1255 3816 1548 Glaubt ihr mir’s, wenn ich euch sage, dass ich diesen
849 1351 1242 1538 Quintus:
1403 1451 3838 1708 Claudius jetzt kenne, wie mich selbst? Ich habe noch
1412 1699 2294 1850 nie gelogen, Caius.
1416 1811 3935 2011 So wahr ihr noch nie gelogen habt, glaub ich euch, dass
872 1889 1181 2046 Caius:
1438 2024 3658 2175 ihr das Wesen des ungewissen Claudius versteht.
1454 2104 3945 2368 Doch bereitet nur weiter die Tarquinischen Feste vor.
878 2268 1316 2394 Tarquius :
1454 2310 3929 2597 Ich weiss - das röm'sche Volk liebt es,seine grossen
1448 2568 2284 2741 Männer zu feiern.
1458 2706 3774 2934 Hm,was sagt ihr Marcus? - Es geht doch etwas vor.
891 2751 1297 2957 Quintus:
911 2876 3272 3108 Tarquinius: Ich danke meinen Römern, dass sie stets
1470 3079 3182 3269 Noch meines Vaters Angedenken ehren!
1477 3160 3838 3433 (Er komnt mehr in den Vordergrund mit Claudius. Das
1503 3452 2503 3597 Volk zerstreut sich).
1509 3639 2368 3816 (ihnen nachsehend)
943 3690 1387 3832 Claudius:
1506 3739 3256 4019 Und alle, die da ihre Strasse wandeln,
1486 3925 3623 4144 In meiner Hand - von meinem Geist beherrscht
1499 4099 3874 4331 Und meinem Willen alle untertänig! (zu Tarquinius)
1512 4308 3440 4521 Ih seh' wohl, mächtig hat es dich berührt
1535 4482 4125 4669 's ist wahr, nicht lang mehr brauchst du nichts zu sein,
1512 4678 3253 4897 Nur gilt’s Entschlossenheit und Mut!
3147 4778 4041 5010 Was sprichst du? -
962 4865 2745 5074 Tarquinius: (sieht ihn betroffen an)
1532 4997 3407 5228 Wozu, mein Freund, dies ewige Verstellen!
972 5113 1458 5293 Claudius:
1548 5216 3626 5428 Dünkt meiner Rede Sinn dir unklar? - Tullia
