8040 4904
989 974 3368 1318 Fabius. Es ist so neuen sies - verletzter Stolz.
1076 1182 3092 1470 Sie sehen wie sich mehr und mehr in Roma
424 1258 890 1447 ergetragen
841 1224 1038 1432 G.C.
273 1368 1053 1523 allen hehrischen Ton) es gelb
712 1311 3690 1652 wieder u. kriebe das Flebs zu Ansehen und zu Macht empor schwingt.
189 1421 368 1572 zu rank.
496 1481 727 1599 auch richtig
186 1546 364 1610 dann so
182 1587 1000 1675 zu rauh u roh. Das Bek: auch
928 1493 2993 1762 Sie sehen, daß ein niedriges Flebiger
186 1618 940 1728 das nicht. Der tenir. Diesl.
201 1686 943 1781 halte ich für das passendste,
201 1731 1068 1845 einzig passende. Überdies folgt gleich
1065 1648 3527 1963 Nicht Frohndienst' mehr und Steuerleisten muß,
216 1792 1015 1891 in der nächsten Zeile Messiger, was
216 1856 568 2016 cher Hohen Karz
496 1917 989 2038 einiger zu einer
731 1841 3027 2152 An denen er vorzeit zu Grund ging,
2349 1970 3042 2125 altererbten
205 1993 1057 2152 Diese Ankumpfung lässt einer
1087 1970 3539 2285 Und frei sie regt auf der ererbten Scholle
212 2099 1012 2205 talschen Sinn zu erheilt – von
216 2163 1027 2266 dem, doch nicht von Serv. Tull. der
227 2228 758 2319 sie ihnen verliehen.
148 2156 3194 2463 hier: dann daß er frei ich regt auch Sie sehen, daß ein Vorschlärz der Slabejer,
152 2235 955 2368 Ich glaube diesen Vers sollkst durch
1027 2300 3569 2595 Wenn er es wert ist und der Unnahm würdig
330 2394 716 2512 eigner Scholle
3076 2406 3830 2667 nur & April
1042 2504 3050 2792 Beim König gilt, wie Senatorenrath.
1065 2648 3660 2917 Und sehe mit Neid, daß unser eiter Herrscher
1068 2800 3535 3080 u seinem Staate alle Menschen gleich liebt
1046 2963 3872 3262 Und gleich hoch schätzt bei gleicher Menschenwürde.
962 3130 3353 3414 18/4 Gabinius. O ihnen gilt die Standesehre höher.
1224 3330 2879 3584 Doch sagt, was wollen sie beginnen?
2603 3497 2868 3732 Noch
1201 3493 1580 3758 Fabius
152 3512 1061 3751 Fasius. Am König selbst
1258 3573 3497 3948 Wiß ich des Nähern nichts; und daß in Gährung
182 3686 981 3921 sei allesform dies
451 3834 1031 4069 Geheimnis
1254 3811 3088 4096 Sich der Senat befindet, ist gewiss.
167 3944 1262 4213 noch kann er eines mit eigner Re¬
1243 3955 3819 4255 Gabinius. So hatt ichs den für meine erste Pflicht
731 4122 1125 4334 doch stelle
1262 4130 3577 4399 dem König das Gefährliche zu künden.
170 4259 500 4437 Ernahl
496 4342 943 4509 der König
1224 4312 3724 4584 Fabris. Un aller Götterwillen - nem. Es ist
170 4384 386 4603 Gab.
212 4429 1118 4744 ab (nicht schon sie Haupt
4054 887 6282 1231 Noch so weit nicht: Wir könnens unterdrücken
5892 1087 6267 1224 Gesahr voll
4126 1118 6418 1402 Mit eigner Kraft; denn nun allzugefährlich;
4103 1273 6267 1561 So fürcht' ich, aus dem König unsre kunde.
3997 1436 6831 1716 Gebenius. Ob wirs nur wenden können? Jene Zeichen,
4062 1625 6217 1872 Die ich mit ahnungsvollm Gericht gesehen.
4118 1750 6316 2054 Sie deuten nicht auf ein erfreulich Ende
7244 1894 7536 2088 dieser
4115 1925 6786 2205 Fabius = So müßten wir uns dem Geschicke fügen
7221 2088 7850 2285 der her schwircke
4149 2088 6217 2372 Wie man sich Eisenfesseln fügen muß
7089 2201 7820 2485 desezler Scen¬
4130 2262 6623 2531 Die unzweistbar um den Leib sich schlingen
7195 2429 7540 2679 dans
4149 2459 6498 2645 Bei allen Göttern, nein! Man muß sich wehren,
4183 2576 6680 2868 Wie man sich wehrt, wenn erst die Fesseln Drohe
4190 2789 6483 3020 Und sich die Anna frei noch regen können.
4118 2895 6831 3179 Gabinus. Dochwenn es klar vor unsern Augen steht.
4168 3080 6365 3345 Vergebens ist es, daß wir tollkühn streiten,
4137 3224 6986 3520 Verloren sind wir- und kann nichts mehr heben?
7115 3315 7911 3569 Ihrtt se ab und das Stück wird
4118 3387 6933 3728 Fabius. So gelts vergessen, was die Zukunft bringt
7115 3535 7907 3637 reicher um einen schöne Senti¬
6638 3558 6998 3675 kämpfen,
7199 3607 7888 3705 ren es im Drame, wenn
4115 3588 6986 3883 Und ruhmvoll mit der Gegenwart zu streiten.
7191 3652 7896 3793 ders sie kräftvoll sind, so
7077 3709 7578 3842 Der Ubergang fehlt.
6983 3755 7937 3978 Er war ja doch kann wel verweis
4092 3709 6699 4035 Gabenius. Oh noch ist Roma nicht verloren. Auf Ich
4126 3940 6763 4175 begin zu höffen, daß nur Warnungszeichen
4202 4069 6645 4323 Die hohen Götter meinem Geist gesandt
4198 4221 6831 4524 Und biete dann - gleich auch die Mannesbrust)
5994 4387 6282 4558 nafebruh)
6524 4399 7816 4584 Arth Schmitzler, Tarquen, Superbus
