7512 5016
5862 535 6207 804 1828
4633 969 6006 1404 Erster Aufzug.
5013 1359 5827 1628 Erste Seene
4064 1584 6386 1818 Ein Vorsaal im Palast des Servius Tullius.
4771 1766 6220 2018 Fabius steht gedankenvoll.
4171 1935 5313 2167 Gabinius tritt ein
3674 2042 6455 2329 Fabius (wendet sich zu ihm.) Seid mir gegrüßt, Gabinius, was
4102 2280 4827 2432 (Oeht ihm eilig entgegen)
5779 2256 6414 2467 bringt ihr?
3788 2408 6355 2701 Oabin O fragt mich nicht! Mich dünkt, obang ich auch
3850 2556 6248 2836 Schon in der Götter Dunkeln Zeichen forsche,
3816 2750 5975 3008 so schlimmes hab ich nie gesehn! Wie klein
3719 2908 6162 3184 muß ich in diesem Augenblick auch fühlen,
6520 2922 6759 3219 Sa
3802 3019 6396 3374 Da ich es können sich, das Grau erhöhtes kommen
3809 3243 6041 3571 In seiner Nähe dumpfern Verkreisahme,
3767 3419 6410 3664 Da -Ihmen muß - und doch nicht wenden kann,
3819 3567 6113 3857 Was unaufhaltsam, um seil schwanger naht
3712 3781 6414 4040 Fabius. Bürger Jupite! – Was saht ihr? Sprecht!
3709 3916 6434 4195 Gabinius Ich sagt mich alles, was ich weiss. - Die Gottheit
3878 4074 6400 4388 hat mir nicht mehr enthüllt, und dunkel wies
3740 4385 6293 4720 Und was treibt untergehges vom zum Nachricht¬
5599 4547 5889 4737 worinn
4478 4595 5251 4768 wünsche Bürger
