4440 5848
1369 760 3549 1049 Sei nicht so lässig im Gespräch! Ein Herrscher
1369 993 3215 1192 Muss reden können,wie er handeln kann;
1384 1154 3632 1372 Denn schlimm ist es mit dem bestellt, der gleich
1369 1380 3534 1545 Zur Tat muss schreiten, weil er nicht gebieten
1361 1512 3606 1763 Nicht schon durchs Wort Gehorsam schaffen kann.
827 1692 3433 1955 Tarquinius: O Claudius,glaube mir - eins fühl' ich wohl
1369 1891 3380 2109 Bin ich erst König, kann ich auch regieren,
1395 2064 3237 2245 Und alles kann ich, wenn ich alles will.
1395 2241 3715 2403 Nur was du musst, nicht was du willst vermagst du!
827 2211 1267 2433 Claudius :
831 2388 3858 2647 Traguinius: Du sagst, du kennst mich und du glaubst nich schwach?
1406 2606 3429 2820 Du zeigst dich schwach, das eine ist gewiss.
827 2636 1275 2809 Claudius :
838 2734 3136 2997 Tarquinius: Beim ewigen Jupiter! In meiner Brust
1387 2940 3343 3155 Wohnt grössre Tatkraft, als ihr alle ahnt.
1399 3113 3756 3313 Ich glaub's nicht blos-mein Claudi us-ich fühl' es!
1406 3290 3140 3497 Und alle, alle sollen's staunend sehn
1406 3493 3516 3640 Und mit Bewund'rung wird's die Welt erfüllen,
1402 3662 2831 3869 Was Lucius Tarquinius vermag,-
1395 3801 3301 4076 Trotz seiner läss'gen Träumerein vermag,
1414 4012 3407 4185 Trotz seines stillen unscheinbaren Wesens.
1399 4204 3561 4418 Bald sollt ihr klar mein ganzes Sein verstehn
1410 4426 3260 4572 Und mich als das erkennen, was ich bin.
1410 4591 2388 4783 Was bist du? Nichts,
850 4561 1301 4738 Claudius :
2301 4704 3414 4911 Nichts?Claudius, nichts?
850 4794 1410 4978 Tarquinius:
1410 4903 3388 5114 Ist der, der Romas König sein wird, nichts?
857 5050 3617 5358 Claudius: Du wirst es sein.Wer weiss, wie lang das währt.
