<?xml version="1.0" encoding="UTF-8" standalone="yes"?>
<PcGts xmlns="http://schema.primaresearch.org/PAGE/gts/pagecontent/2013-07-15" xmlns:xsi="http://www.w3.org/2001/XMLSchema-instance" xsi:schemaLocation="http://schema.primaresearch.org/PAGE/gts/pagecontent/2013-07-15 http://schema.primaresearch.org/PAGE/gts/pagecontent/2013-07-15/pagecontent.xsd">
    <Metadata>
        <Creator>prov=READ-COOP:name=TrHtr:version=2.1.0:model_id=51170:date=28_07_2023_17:02</Creator>
        <Created>2023-05-10T11:39:12.108+02:00</Created>
        <LastChange>2023-07-28T17:02:40.290+02:00</LastChange>
        <TranskribusMetadata docId="1428168" pageId="55389826" pageNr="87" tsid="131365796" status="IN_PROGRESS" userId="64420" imgUrl="https://files.transkribus.eu/Get?id=WFPAGUNEIRCZGEHIMSWCVBNW&amp;fileType=view" xmlUrl="https://files.transkribus.eu/Get?id=INCZMPEKGKGDDOFCZYRSZZAR" imageId="44664715"/>
    </Metadata>
    <Page imageFilename="1428168_0087.jpg" imageWidth="3448" imageHeight="4104">
        <ReadingOrder>
            <OrderedGroup id="ro_1711818313067" caption="Regions reading order">
                <RegionRefIndexed index="0" regionRef="tr_2"/>
                <RegionRefIndexed index="1" regionRef="tr_1"/>
            </OrderedGroup>
        </ReadingOrder>
        <TextRegion id="tr_2" custom="readingOrder {index:0;}">
            <Coords points="450,329 3277,329 3277,2141 450,2141"/>
            <TextLine id="tr_2_tl_1" custom="readingOrder {index:0;}">
                <Coords points="2778,387 2795,384 2815,397 2860,394 2853,306 2822,306 2819,312 2802,306 2771,309"/>
                <Baseline points="2796,379 2841,385 2868,385"/>
                <TextEquiv>
                    <Unicode>1</Unicode>
                </TextEquiv>
            </TextLine>
            <TextLine id="tr_2_tl_2" custom="readingOrder {index:1;}">
                <Coords points="1009,611 1080,645 1314,601 1358,635 1406,594 1447,632 1494,594 1868,615 2099,571 2231,615 2279,601 2286,479 1012,513"/>
                <Baseline points="1026,626 1038,626 1083,626 1128,626 1172,623 1217,620 1262,617 1307,617 1352,614 1396,611 1441,611 1486,608 1531,608 1575,605 1620,608 1665,605 1710,605 1755,602 1799,599 1844,596 1889,596 1934,593 1978,593 2023,590 2068,590 2113,587 2157,587 2202,587 2247,590 2292,590"/>
                <TextEquiv>
                    <Unicode>Dritter Aufzug.</Unicode>
                </TextEquiv>
            </TextLine>
            <TextLine id="tr_2_tl_3" custom="readingOrder {index:2;}">
                <Coords points="1019,710 2309,672 2313,622 1022,666"/>
                <Baseline points="1038,710 1062,707 1107,707 1152,704 1196,704 1241,701 1286,701 1331,698 1375,695 1420,695 1465,692 1510,692 1555,689 1599,689 1644,686 1689,683 1734,683 1778,680 1823,680 1868,680 1913,677 1957,674 2002,671 2047,668 2092,668 2137,668 2181,665 2226,665 2271,665 2316,662"/>
                <TextEquiv>
                    <Unicode>̃ ̃̃ a  =================x</Unicode>
                </TextEquiv>
            </TextLine>
            <TextLine id="tr_2_tl_4" custom="readingOrder {index:3;}">
                <Coords points="1263,910 1837,893 1841,815 1606,808 1542,846 1511,818 1267,818"/>
                <Baseline points="1283,886 1310,889 1355,889 1399,892 1444,892 1489,889 1534,883 1578,883 1623,883 1668,883 1713,880 1758,880 1802,880 1847,880"/>
                <TextEquiv>
                    <Unicode>Erste Szene.</Unicode>
                </TextEquiv>
            </TextLine>
            <TextLine id="tr_2_tl_5" custom="readingOrder {index:4;}">
                <Coords points="431,1094 1848,1060 1851,998 1702,998 1637,941 1559,1009 829,1032 791,988 642,1043 598,992 431,1046"/>
                <Baseline points="450,1092 471,1089 516,1089 561,1089 605,1089 650,1089 695,1086 740,1083 784,1083 829,1080 874,1077 919,1074 964,1074 1008,1074 1053,1071 1098,1068 1143,1068 1187,1065 1232,1062 1277,1062 1322,1062 1367,1056 1411,1056 1456,1056 1501,1053 1546,1053 1590,1050 1635,1044 1680,1044 1725,1044 1769,1041 1814,1044 1859,1044"/>
                <TextEquiv>
                    <Unicode>Halle, die in den Garten führt.</Unicode>
                </TextEquiv>
            </TextLine>
            <TextLine id="tr_2_tl_6" custom="readingOrder {index:5;}">
                <Coords points="445,1267 3074,1199 3172,1077 448,1216"/>
                <Baseline points="462,1265 492,1265 537,1265 582,1268 626,1265 671,1265 716,1265 761,1262 805,1259 850,1256 895,1253 940,1250 984,1247 1029,1247 1074,1247 1119,1244 1164,1241 1208,1238 1253,1235 1298,1235 1343,1232 1387,1235 1432,1232 1477,1232 1522,1229 1566,1226 1611,1223 1656,1220 1701,1220 1746,1217 1790,1217 1835,1214 1880,1214 1925,1214 1969,1211 2014,1208 2059,1208 2104,1205 2149,1205 2193,1202 2238,1199 2283,1199 2328,1196 2372,1193 2417,1193 2462,1193 2507,1190 2551,1187 2596,1187 2641,1187 2686,1181 2731,1178 2775,1175 2820,1172 2865,1170 2910,1170 2954,1170 2999,1170 3044,1170 3089,1167 3133,1167 3178,1167"/>
                <TextEquiv>
                    <Unicode>Tarquinius und die jüngere Tullia kommen innig umschlungen</Unicode>
                </TextEquiv>
            </TextLine>
            <TextLine id="tr_2_tl_7" custom="readingOrder {index:6;}">
                <Coords points="445,1450 652,1474 812,1433 1583,1426 1583,1372 1511,1331 1331,1338 1277,1382 1162,1345 1107,1389 1043,1348 886,1352 835,1399 768,1362 448,1372"/>
                <Baseline points="462,1450 471,1450 516,1447 561,1447 605,1444 650,1441 695,1438 740,1438 784,1432 829,1432 874,1429 919,1429 964,1426 1008,1426 1053,1426 1098,1423 1143,1423 1187,1420 1232,1417 1277,1417 1322,1417 1367,1414 1411,1414 1456,1408 1501,1408 1546,1408 1590,1408"/>
                <TextEquiv>
                    <Unicode>langsam durch die Halle.</Unicode>
                </TextEquiv>
            </TextLine>
            <TextLine id="tr_2_tl_8" custom="readingOrder {index:7;}">
                <Coords points="1138,1593 3040,1539 3070,1437 1138,1542"/>
                <Baseline points="1158,1596 1196,1593 1241,1593 1286,1593 1331,1590 1375,1587 1420,1587 1465,1584 1510,1587 1555,1584 1599,1584 1644,1581 1689,1581 1734,1578 1778,1572 1823,1572 1868,1569 1913,1566 1957,1566 2002,1563 2047,1563 2092,1563 2137,1563 2181,1561 2226,1558 2271,1552 2316,1552 2360,1552 2405,1549 2450,1543 2495,1543 2540,1543 2584,1540 2629,1534 2674,1534 2719,1531 2763,1531 2808,1528 2853,1528 2898,1525 2942,1522 2987,1525 3032,1522 3077,1522"/>
                <TextEquiv>
                    <Unicode>Dass Du mich liebst, konnt' ich es wissen?</Unicode>
                </TextEquiv>
            </TextLine>
            <TextLine id="tr_2_tl_9" custom="readingOrder {index:8;}">
                <Coords points="448,1627 540,1644 618,1627 652,1651 703,1630 944,1613 988,1627 988,1545 448,1559"/>
                <Baseline points="468,1626 504,1623 549,1620 593,1623 638,1623 683,1623 728,1620 773,1620 817,1617 862,1614 907,1611 952,1611 996,1611"/>
                <TextEquiv>
                    <Unicode>Tarquinius:</Unicode>
                </TextEquiv>
            </TextLine>
            <TextLine id="tr_2_tl_10" custom="readingOrder {index:9;}">
                <Coords points="2737,1627 2853,1637 2982,1627 2995,1640 3023,1640 3023,1576 2999,1576 2979,1555 2921,1555 2900,1576 2880,1559 2826,1559 2815,1549 2805,1559 2785,1549 2737,1559"/>
                <Baseline points="2757,1620 2763,1617 2808,1620 2853,1617 2898,1617 2942,1614 2987,1617 3032,1617"/>
                <TextEquiv>
                    <Unicode>Ahnen,</Unicode>
                </TextEquiv>
            </TextLine>
            <TextLine id="tr_2_tl_11" custom="readingOrder {index:10;}">
                <Coords points="1155,1776 2962,1722 3063,1654 1158,1691"/>
                <Baseline points="1175,1775 1190,1778 1235,1775 1280,1772 1325,1772 1369,1769 1414,1766 1459,1766 1504,1763 1549,1760 1593,1760 1638,1758 1683,1755 1728,1755 1772,1752 1817,1752 1862,1749 1907,1749 1952,1746 1996,1743 2041,1743 2086,1740 2131,1737 2175,1737 2220,1734 2265,1731 2310,1731 2354,1728 2399,1725 2444,1725 2489,1719 2534,1719 2578,1716 2623,1713 2668,1713 2713,1713 2757,1710 2802,1710 2847,1707 2892,1704 2936,1704 2981,1701 3026,1698 3071,1689"/>
                <TextEquiv>
                    <Unicode>Nicht mehr als träumen konnte ich davon -</Unicode>
                </TextEquiv>
            </TextLine>
            <TextLine id="tr_2_tl_12" custom="readingOrder {index:11;}">
                <Coords points="1155,1953 3230,1885 3271,1780 1766,1895 1162,1861"/>
                <Baseline points="1175,1952 1217,1952 1262,1952 1307,1952 1352,1949 1396,1949 1441,1946 1486,1943 1531,1940 1575,1940 1620,1937 1665,1937 1710,1937 1755,1937 1799,1934 1844,1931 1889,1931 1934,1928 1978,1925 2023,1922 2068,1919 2113,1919 2157,1916 2202,1913 2247,1910 2292,1910 2337,1904 2381,1904 2426,1907 2471,1904 2516,1901 2560,1898 2605,1892 2650,1892 2695,1889 2739,1889 2784,1889 2829,1886 2874,1886 2919,1883 2963,1880 3008,1877 3053,1874 3098,1874 3142,1871 3187,1871 3232,1868 3277,1871"/>
                <TextEquiv>
                    <Unicode>Nun erst bin ich gewiss! Jetzt weiss ichs erst</Unicode>
                </TextEquiv>
            </TextLine>
            <TextLine id="tr_2_tl_13" custom="readingOrder {index:12;}">
                <Coords points="1155,2133 3131,2079 3019,1960 2819,2021 2364,1990 2306,2045 1899,2011 1800,2072 1746,2017 1610,2075 1162,2038"/>
                <Baseline points="1178,2131 1214,2128 1259,2128 1304,2128 1349,2125 1393,2122 1438,2122 1483,2119 1528,2119 1572,2116 1617,2116 1662,2116 1707,2113 1752,2113 1796,2113 1841,2110 1886,2107 1931,2104 1975,2104 2020,2101 2065,2095 2110,2092 2154,2092 2199,2089 2244,2089 2289,2086 2334,2083 2378,2083 2423,2080 2468,2077 2513,2074 2557,2071 2602,2068 2647,2068 2692,2062 2736,2065 2781,2062 2826,2062 2871,2059 2916,2059 2960,2059 3005,2056 3050,2056 3095,2059 3139,2062"/>
                <TextEquiv>
                    <Unicode>Jetzt, da sich glühend unsre Augen treffen,</Unicode>
                </TextEquiv>
            </TextLine>
        </TextRegion>
        <TextRegion id="tr_1" custom="readingOrder {index:1;}">
            <Coords points="528,2197 3307,2197 3307,3591 528,3591"/>
            <TextLine id="tr_1_tl_1" custom="readingOrder {index:0;}">
                <Coords points="1168,2316 2911,2269 2914,2208 2829,2157 2197,2231 2099,2184 1990,2242 1946,2194 1885,2245 1810,2197 1576,2255 1175,2225"/>
                <Baseline points="1190,2313 1220,2310 1265,2307 1310,2307 1355,2304 1399,2304 1444,2304 1489,2301 1534,2298 1578,2298 1623,2295 1668,2292 1713,2292 1758,2289 1802,2289 1847,2289 1892,2286 1937,2283 1981,2280 2026,2280 2071,2277 2116,2274 2160,2274 2205,2271 2250,2271 2295,2268 2340,2268 2384,2265 2429,2262 2474,2262 2519,2259 2563,2259 2608,2256 2653,2253 2698,2250 2742,2247 2787,2247 2832,2247 2877,2250 2922,2253"/>
                <TextEquiv>
                    <Unicode>Da Deine Hände in den meinen zittern,</Unicode>
                </TextEquiv>
            </TextLine>
            <TextLine id="tr_1_tl_2" custom="readingOrder {index:1;}">
                <Coords points="1182,2489 3111,2439 3026,2326 2275,2411 1664,2377 1600,2439 1185,2391"/>
                <Baseline points="1199,2489 1238,2489 1283,2486 1328,2486 1372,2483 1417,2480 1462,2480 1507,2480 1552,2480 1596,2480 1641,2477 1686,2477 1731,2474 1775,2471 1820,2468 1865,2468 1910,2465 1954,2462 1999,2459 2044,2459 2089,2456 2134,2456 2178,2453 2223,2453 2268,2450 2313,2447 2357,2447 2402,2441 2447,2441 2492,2441 2537,2438 2581,2435 2626,2432 2671,2432 2716,2429 2760,2429 2805,2423 2850,2423 2895,2420 2939,2420 2984,2420 3029,2420 3074,2423 3119,2423"/>
                <TextEquiv>
                    <Unicode>Da Deine Lippen sich an meine schliessen,</Unicode>
                </TextEquiv>
            </TextLine>
            <TextLine id="tr_1_tl_3" custom="readingOrder {index:2;}">
                <Coords points="1175,2666 3036,2622 3063,2554 2832,2506 2734,2564 2527,2523 2401,2578 2235,2537 1919,2602 1824,2551 1175,2622"/>
                <Baseline points="1193,2665 1235,2662 1280,2662 1325,2662 1369,2665 1414,2662 1459,2662 1504,2659 1549,2656 1593,2650 1638,2650 1683,2647 1728,2650 1772,2647 1817,2644 1862,2644 1907,2641 1952,2638 1996,2638 2041,2635 2086,2635 2131,2632 2175,2632 2220,2629 2265,2626 2310,2623 2354,2623 2399,2620 2444,2617 2489,2617 2534,2614 2578,2614 2623,2614 2668,2611 2713,2608 2757,2605 2802,2602 2847,2596 2892,2596 2936,2596 2981,2596 3026,2596 3071,2602"/>
                <TextEquiv>
                    <Unicode>Dein Busen sich an meinen wonnig drückt,</Unicode>
                </TextEquiv>
            </TextLine>
            <TextLine id="tr_1_tl_4" custom="readingOrder {index:3;}">
                <Coords points="1182,2853 3254,2782 3301,2673 1182,2792"/>
                <Baseline points="1199,2835 1202,2835 1247,2832 1292,2832 1337,2835 1381,2832 1426,2829 1471,2826 1516,2826 1561,2823 1605,2823 1650,2820 1695,2820 1740,2823 1784,2817 1829,2817 1874,2817 1919,2811 1963,2808 2008,2805 2053,2808 2098,2805 2143,2802 2187,2802 2232,2802 2277,2799 2322,2793 2366,2793 2411,2790 2456,2790 2501,2790 2545,2787 2590,2787 2635,2787 2680,2787 2725,2784 2769,2781 2814,2781 2859,2778 2904,2775 2948,2772 2993,2769 3038,2769 3083,2766 3127,2766 3172,2766 3217,2763 3262,2766 3307,2763"/>
                <TextEquiv>
                    <Unicode>Jetzt weiss ich - jetzt ist selige Gewissheit</Unicode>
                </TextEquiv>
            </TextLine>
            <TextLine id="tr_1_tl_5" custom="readingOrder {index:4;}">
                <Coords points="1192,3009 2992,2968 3036,2911 2720,2873 2340,2934 2221,2887 1977,2951 1929,2907 1192,2968"/>
                <Baseline points="1211,3011 1253,3011 1298,3011 1343,3011 1387,3008 1432,3008 1477,3005 1522,3005 1566,3005 1611,3002 1656,3002 1701,2999 1746,2999 1790,2996 1835,2996 1880,2993 1925,2993 1969,2990 2014,2987 2059,2984 2104,2981 2149,2978 2193,2978 2238,2975 2283,2975 2328,2972 2372,2972 2417,2972 2462,2972 2507,2969 2551,2969 2596,2966 2641,2963 2686,2960 2731,2957 2775,2957 2820,2957 2865,2954 2910,2954 2954,2954 2999,2951 3044,2954"/>
                <TextEquiv>
                    <Unicode>Der nebelgleiche Zweifel schwindet hin.</Unicode>
                </TextEquiv>
            </TextLine>
            <TextLine id="tr_1_tl_6" custom="readingOrder {index:5;}">
                <Coords points="1195,3196 2673,3159 2707,3067 2452,3111 2371,3070 2316,3118 2150,3080 2075,3128 2024,3087 1817,3135 1199,3118"/>
                <Baseline points="1214,3193 1238,3193 1283,3190 1328,3190 1372,3190 1417,3190 1462,3190 1507,3187 1552,3184 1596,3181 1641,3178 1686,3175 1731,3172 1775,3172 1820,3172 1865,3169 1910,3169 1954,3169 1999,3166 2044,3163 2089,3163 2134,3160 2178,3157 2223,3157 2268,3154 2313,3154 2357,3151 2402,3151 2447,3148 2492,3148 2537,3148 2581,3145 2626,3145 2671,3142 2716,3142"/>
                <TextEquiv>
                    <Unicode>Tarquinius - jetzt bist Du mein!</Unicode>
                </TextEquiv>
            </TextLine>
            <TextLine id="tr_1_tl_7" custom="readingOrder {index:6;}">
                <Coords points="509,3213 564,3237 581,3226 594,3237 723,3223 866,3230 869,3121 849,3121 818,3152 754,3152 717,3118 662,3162 615,3159 588,3131 513,3135"/>
                <Baseline points="528,3220 561,3217 605,3217 650,3217 695,3217 740,3217 784,3217 829,3214 874,3211"/>
                <TextEquiv>
                    <Unicode>Tullia!</Unicode>
                </TextEquiv>
            </TextLine>
            <TextLine id="tr_1_tl_8" custom="readingOrder {index:7;}">
                <Coords points="1202,3369 3074,3322 3111,3216 1484,3325 1206,3284"/>
                <Baseline points="1220,3369 1235,3366 1280,3366 1325,3369 1369,3369 1414,3366 1459,3363 1504,3363 1549,3360 1593,3360 1638,3360 1683,3357 1728,3354 1772,3354 1817,3348 1862,3348 1907,3345 1952,3345 1996,3342 2041,3342 2086,3339 2131,3336 2175,3336 2220,3333 2265,3333 2310,3330 2354,3327 2399,3327 2444,3324 2489,3322 2534,3322 2578,3322 2623,3319 2668,3319 2713,3316 2757,3313 2802,3313 2847,3313 2892,3310 2936,3307 2981,3307 3026,3304 3071,3304 3116,3301"/>
                <TextEquiv>
                    <Unicode>Macht, blick' auf mich mit deinen dunkeln</Unicode>
                </TextEquiv>
            </TextLine>
            <TextLine id="tr_1_tl_9" custom="readingOrder {index:8;}">
                <Coords points="513,3396 601,3413 662,3410 679,3396 703,3417 815,3396 866,3403 866,3332 829,3332 798,3362 761,3332 513,3332"/>
                <Baseline points="531,3396 576,3393 620,3399 665,3396 710,3396 755,3396 799,3393 844,3393 874,3396"/>
                <TextEquiv>
                    <Unicode>Tarqu.:</Unicode>
                </TextEquiv>
            </TextLine>
            <TextLine id="tr_1_tl_10" custom="readingOrder {index:9;}">
                <Coords points="2748,3417 2846,3417 2863,3434 2904,3430 2924,3410 3016,3417 3019,3345 2815,3349 2799,3335 2765,3362 2748,3362"/>
                <Baseline points="2766,3402 2799,3402 2844,3402 2889,3399 2933,3399 2978,3399 3023,3396"/>
                <TextEquiv>
                    <Unicode>Augen</Unicode>
                </TextEquiv>
            </TextLine>
            <TextLine id="tr_1_tl_11" custom="readingOrder {index:10;}">
                <Coords points="1209,3583 3145,3566 3145,3505 3009,3464 1212,3508"/>
                <Baseline points="1229,3581 1271,3578 1316,3575 1361,3575 1405,3575 1450,3572 1495,3572 1540,3572 1584,3569 1629,3569 1674,3569 1719,3569 1763,3566 1808,3566 1853,3566 1898,3566 1943,3566 1987,3566 2032,3563 2077,3563 2122,3560 2166,3557 2211,3557 2256,3557 2301,3557 2345,3554 2390,3554 2435,3551 2480,3551 2525,3548 2569,3548 2614,3548 2659,3545 2704,3545 2748,3545 2793,3545 2838,3545 2883,3542 2928,3542 2972,3542 3017,3542 3062,3542 3107,3542 3151,3551"/>
                <TextEquiv>
                    <Unicode>Und fasse mein unendlich Glück! Dir,Sonne,</Unicode>
                </TextEquiv>
            </TextLine>
        </TextRegion>
    </Page>
</PcGts>
