4424 5816
3621 577 3797 802 13
1811 613 2319 838 Zu Seite 1:
1387 832 3363 1011 Noch nicht gestanden, was sie beide fühlen,
1385 975 3206 1212 Und drängen in das Innerste des Busens
1382 1184 3168 1371 Ihr überschwellend volles Herz zurück.
1387 1357 3080 1552 Talassius, sie sollen's sich gestehn:
1382 1530 3006 1695 Das sinnberückend zauberhafte Weib
1374 1723 3437 1877 Soll an der Brust des Heissgeliebten liegen,
1376 1885 3011 2061 Und er in nie geshntem Wennetaumel
1382 2102 3190 2250 Soll ruhn in ihrer glühenden Umarmung.
1376 2236 2992 2407 Ich kenne Tullia; ihr stolzer Sinn,
1376 2465 3467 2569 Der nach dem Höchsten strebt, ihr kühner Mut,
1393 2654 3602 2794 Der nicht so bald zurückschreckt, ist euch wohl,
1371 2824 2978 2932 So gut als mir, Talassius,bekannt -
1376 2976 2987 3132 Und darauf gründet sich mein Plan.
2959 3022 3470 3278 Ich glaube
802 2998 1313 3330 Talassius:
1374 3294 2239 3478 Euch zu verstehn -
2171 3467 3228 3651 Was uns unmöglich ist,
813 3520 1272 3698 Claudius :
1382 3610 3338 3816 Vollbringe sie; dem heissen Sinnesrausche
1371 3879 3129 3995 Gelinge,was die Arglist nicht vermag.
1390 4003 3168 4179 Und in den Armen des geliebten Weibes,
1376 4215 3080 4380 Von ihrer Küsse Glutenhauch bethört
1382 4360 3127 4517 Erwachse uns Tarquinius zum Helden 2)
1382 4525 3014 4739 Und werde reif zu unerhörter That!
1387 4728 3465 4877 Ihr kennt die Macht, die allem Sein gebietet.
819 4737 1324 4896 Talassius:
1393 4885 3289 5069 Wohl dass ihr sie zu Hilfe ruft und fest
1387 5058 3357 5261 Auf sie vertraut, der niemand widerstanden,
1401 5226 2775 5448 Und niemand widerstehen wird!
