4392 5816
1379 850 3333 1064 Die schon so lang in meinem Busen harren,
1379 1039 3018 1247 Gewärtig ihrer kommenden Erfüllung?
1384 1203 2939 1425 Gewaltiger als je tritt es heran
1387 1401 3309 1571 An mich in mächtig lockender Versuchung -
1390 1541 3325 1746 Empörung naht - der König wird gestürzt -
1420 1722 3196 1938 Tarquinius wird Herrscher über Rom.- -
1409 1870 3528 2122 Er König - und ich nichts?! Die, die ihn liebt
1409 2059 3268 2270 Tief unter dem, den sie in heisser Liebe
1414 2256 3221 2464 In ihre Arme schliessen wollte-! Nein.
1414 2437 3243 2656 Ertragen ist nicht Tullias Sache. Fort
1404 2610 3235 2818 Mit allem, was mich hemmt; hinweg zuerst
1423 2813 3372 3026 Mit allen nicht'gen, kleinlichen Bedenken,
1439 2963 3487 3177 Jetzt,wo die Zeit so nah ist! Wo Verwirrung
1436 3106 3440 3372 Und Aufruhr mich begünst'gen und die Liebe
1445 3281 3649 3517 Mich heftiger durchglüht denn je! Ich fühl' es,
1445 3506 3602 3728 Zu klein für mich ist Uruns Geist und Streben
1439 3660 3372 3887 Mein Gatte ist er und er ist mir nichts!
1456 3832 3166 4038 Für jehen Schatten einer Ehrbarkeit,
1469 4052 3410 4243 Gerade gut fürs Volk, sollt' ich das Glück,
1475 4158 3583 4433 Das sich mir bietet, leichthin von mir werfen.
1469 4386 3106 4603 Ich nenne Ehre nur, was Grösse ist,
1488 4564 3024 4797 Und alles Kleinlich unbedeutende
3155 4507 3438 4723 so ist
1486 4701 3583 4967 War mir seit je verhasst aus tiefster Seele.
1519 4929 3309 5167 (tritt aus dem Hintergrunde ein)
691 4953 1387 5195 17/5 Claudius:
1513 5088 3506 5332 Ich grüsse Eullia! am Hinterhalt verborgen.
2297 5241 3073 5482 Ah, Claudius. esch
946 5340 1330 5513 Tullia:
1702 5280 1924 5513 eines
