<?xml version="1.0" encoding="UTF-8" standalone="yes"?>
<PcGts xmlns="http://schema.primaresearch.org/PAGE/gts/pagecontent/2013-07-15" xmlns:xsi="http://www.w3.org/2001/XMLSchema-instance" xsi:schemaLocation="http://schema.primaresearch.org/PAGE/gts/pagecontent/2013-07-15 http://schema.primaresearch.org/PAGE/gts/pagecontent/2013-07-15/pagecontent.xsd">
    <Metadata>
        <Creator>prov=READ-COOP:name=TrHtr:version=2.1.0:model_id=51170:date=28_07_2023_17:02</Creator>
        <Created>2023-05-10T11:39:08.565+02:00</Created>
        <LastChange>2023-07-28T17:02:09.235+02:00</LastChange>
        <TranskribusMetadata docId="1428168" pageId="55389742" pageNr="68" tsid="131365772" status="IN_PROGRESS" userId="64420" imgUrl="https://files.transkribus.eu/Get?id=ULSYIITEGCHKXUFDBYPUMSZA&amp;fileType=view" xmlUrl="https://files.transkribus.eu/Get?id=XMHCQITNZOTTECKUNVEIZQUR" imageId="44664631"/>
    </Metadata>
    <Page imageFilename="1428168_0068.jpg" imageWidth="8184" imageHeight="5176">
        <ReadingOrder>
            <OrderedGroup id="ro_1711818273617" caption="Regions reading order">
                <RegionRefIndexed index="0" regionRef="tr_1"/>
                <RegionRefIndexed index="1" regionRef="tr_2"/>
            </OrderedGroup>
        </ReadingOrder>
        <TextRegion id="tr_1" custom="readingOrder {index:0;}">
            <Coords points="549,839 3838,839 3838,4147 549,4147"/>
            <TextLine id="tr_1_tl_1" custom="readingOrder {index:0;}">
                <Coords points="673,991 1137,1028 1517,966 1659,1032 1848,961 2069,1003 2245,928 2483,982 2604,936 2608,765 2529,748 2207,823 1651,748 1517,865 1283,886 953,719 681,723"/>
                <Baseline points="698,943 734,949 823,961 913,961 1002,967 1092,961 1182,961 1271,961 1361,961 1450,955 1540,949 1629,943 1719,937 1808,937 1898,937 1988,925 2077,919 2167,913 2256,913 2346,907 2435,907 2525,895 2614,889"/>
                <TextEquiv>
                    <Unicode>Vor andere u. Rolle-Claudens und</Unicode>
                </TextEquiv>
            </TextLine>
            <TextLine id="tr_1_tl_2" custom="readingOrder {index:1;}">
                <Coords points="577,1225 1041,1170 1409,1233 1530,1137 1731,1221 1985,1095 2429,1095 2433,953 2086,1016 1894,961 1639,1045 1522,966 1032,1032 711,991 581,1053"/>
                <Baseline points="602,1110 650,1110 740,1116 829,1122 919,1122 1008,1128 1098,1128 1188,1122 1277,1122 1367,1116 1456,1110 1546,1104 1635,1098 1725,1098 1814,1092 1904,1086 1993,1080 2083,1074 2173,1074 2262,1068 2352,1068 2441,1062"/>
                <TextEquiv>
                    <Unicode>Talassein stehen hier sich gegenüber</Unicode>
                </TextEquiv>
            </TextLine>
            <TextLine id="tr_1_tl_3" custom="readingOrder {index:2;}">
                <Coords points="585,1375 807,1409 1095,1317 1622,1346 1843,1287 1952,1338 2094,1271 2249,1325 2449,1258 2458,1112 2169,1195 1960,1129 1731,1221 924,1175 594,1229"/>
                <Baseline points="614,1313 674,1313 764,1313 853,1307 943,1307 1032,1307 1122,1301 1211,1295 1301,1295 1391,1289 1480,1283 1570,1283 1659,1277 1749,1271 1838,1265 1928,1259 2017,1253 2107,1247 2196,1247 2286,1241 2376,1235 2465,1235"/>
                <TextEquiv>
                    <Unicode>Ich glaub, in diese beide-kennen sich.</Unicode>
                </TextEquiv>
            </TextLine>
            <TextLine id="tr_1_tl_4" custom="readingOrder {index:3;}">
                <Coords points="568,1534 752,1505 999,1597 1526,1459 1873,1517 2086,1438 2696,1459 2704,1283 577,1384"/>
                <Baseline points="597,1498 650,1486 740,1480 829,1474 919,1468 1008,1468 1098,1468 1188,1468 1277,1468 1367,1462 1456,1456 1546,1450 1635,1444 1725,1444 1814,1432 1904,1426 1993,1420 2083,1420 2173,1414 2262,1414 2352,1408 2441,1402 2531,1391 2620,1391 2710,1379"/>
                <TextEquiv>
                    <Unicode>Was sprachliche da vom allgemeine Wohl?</Unicode>
                </TextEquiv>
            </TextLine>
            <TextLine id="tr_1_tl_5" custom="readingOrder {index:4;}">
                <Coords points="552,1676 895,1743 1087,1651 1455,1718 1584,1634 2065,1618 2299,1693 2629,1605 2638,1434 1914,1534 1354,1488 995,1601 702,1501 556,1555"/>
                <Baseline points="573,1653 585,1653 674,1647 764,1641 853,1641 943,1629 1032,1629 1122,1629 1211,1629 1301,1629 1391,1623 1480,1623 1570,1617 1659,1617 1749,1617 1838,1611 1928,1599 2017,1593 2107,1582 2196,1576 2286,1576 2376,1564 2465,1558 2555,1552 2644,1546"/>
                <TextEquiv>
                    <Unicode>das war beim Jügern - wie diese Ziel!</Unicode>
                </TextEquiv>
            </TextLine>
            <TextLine id="tr_1_tl_6" custom="readingOrder {index:5;}">
                <Coords points="539,1839 798,1881 1116,1806 1576,1906 1960,1768 2132,1827 2245,1756 2370,1818 2646,1772 2650,1655 2257,1701 1868,1626 1350,1718 1221,1639 924,1739 548,1689"/>
                <Baseline points="567,1814 597,1814 686,1808 776,1808 865,1802 955,1802 1044,1796 1134,1791 1223,1791 1313,1785 1402,1785 1492,1785 1582,1773 1671,1773 1761,1767 1850,1767 1940,1767 2029,1755 2119,1749 2208,1743 2298,1743 2388,1737 2477,1731 2567,1725 2656,1707"/>
                <TextEquiv>
                    <Unicode>Wir wollten¬ Wir sollten...</Unicode>
                </TextEquiv>
            </TextLine>
            <TextLine id="tr_1_tl_7" custom="readingOrder {index:6;}">
                <Coords points="556,1990 719,1990 828,2048 878,2036 961,2073 1024,2023 1078,2036 1108,2006 1183,2006 1191,1818 1045,1810 945,1860 895,1835 836,1881 765,1894 665,1852 564,1898"/>
                <Baseline points="585,1970 656,1970 746,1964 835,1958 925,1952 1014,1946 1104,1940 1194,1934"/>
                <TextEquiv>
                    <Unicode>Uns selbst¬</Unicode>
                </TextEquiv>
            </TextLine>
            <TextLine id="tr_1_tl_8" custom="readingOrder {index:7;}">
                <Coords points="598,2157 2709,2094 2993,2057 3001,1894 2684,1877 2282,1998 1237,1960 970,2073 606,2015"/>
                <Baseline points="626,2125 680,2131 770,2125 859,2125 949,2119 1038,2119 1128,2113 1217,2113 1307,2107 1396,2101 1486,2095 1576,2095 1665,2083 1755,2083 1844,2077 1934,2077 2023,2071 2113,2071 2202,2065 2292,2059 2382,2059 2471,2053 2561,2047 2650,2035 2740,2029 2829,2023 2919,2023 3008,2017"/>
                <TextEquiv>
                    <Unicode>Marntra dies das Ziel, das wir verfolgte?</Unicode>
                </TextEquiv>
            </TextLine>
            <TextLine id="tr_1_tl_9" custom="readingOrder {index:8;}">
                <Coords points="585,2404 694,2341 1112,2416 1835,2266 2813,2332 2972,2295 2985,2040 1960,2161 1831,2094 1526,2215 1421,2144 732,2153 594,2228"/>
                <Baseline points="614,2310 656,2298 746,2292 835,2298 925,2292 1014,2292 1104,2286 1194,2286 1283,2280 1373,2280 1462,2274 1552,2268 1641,2262 1731,2256 1820,2256 1910,2250 1999,2250 2089,2244 2179,2238 2268,2238 2358,2232 2447,2232 2537,2220 2626,2214 2716,2208 2805,2196 2895,2190 2985,2185"/>
                <TextEquiv>
                    <Unicode>Ihr selbst gestöndelses – und auch gestess -</Unicode>
                </TextEquiv>
            </TextLine>
            <TextLine id="tr_1_tl_10" custom="readingOrder {index:9;}">
                <Coords points="539,2500 752,2491 924,2604 1066,2512 1346,2521 1459,2454 2249,2487 2454,2420 2458,2303 2061,2358 1822,2291 1568,2383 1467,2307 1279,2320 1037,2420 686,2349 543,2437"/>
                <Baseline points="561,2489 585,2489 674,2477 764,2477 853,2471 943,2471 1032,2465 1122,2459 1211,2453 1301,2447 1391,2435 1480,2435 1570,2429 1659,2423 1749,2417 1838,2417 1928,2411 2017,2411 2107,2405 2196,2405 2286,2393 2376,2393 2465,2388"/>
                <TextEquiv>
                    <Unicode>Das eige Wohl war, war unser</Unicode>
                </TextEquiv>
            </TextLine>
            <TextLine id="tr_1_tl_11" custom="readingOrder {index:10;}">
                <Coords points="539,2688 3290,2516 3511,2596 3754,2541 3762,2362 543,2604"/>
                <Baseline points="561,2662 632,2650 722,2650 811,2638 901,2638 991,2632 1080,2626 1170,2620 1259,2614 1349,2608 1438,2602 1528,2602 1617,2596 1707,2590 1796,2585 1886,2585 1976,2579 2065,2573 2155,2567 2244,2567 2334,2561 2423,2561 2513,2555 2602,2549 2692,2543 2782,2543 2871,2531 2961,2525 3050,2519 3140,2513 3229,2501 3319,2495 3408,2495 3498,2489 3587,2483 3677,2483 3767,2483"/>
                <TextEquiv>
                    <Unicode>Um Und alle wissens, die an mit uns als helfen</Unicode>
                </TextEquiv>
            </TextLine>
            <TextLine id="tr_1_tl_12" custom="readingOrder {index:11;}">
                <Coords points="840,2826 1066,2876 1304,2776 2274,2742 2479,2813 2976,2704 2985,2541 2801,2612 2596,2562 2211,2704 1417,2638 844,2730"/>
                <Baseline points="865,2811 925,2799 1014,2793 1104,2787 1194,2782 1283,2776 1373,2770 1462,2770 1552,2764 1641,2758 1731,2752 1820,2746 1910,2746 1999,2740 2089,2740 2179,2734 2268,2728 2358,2728 2447,2716 2537,2710 2626,2710 2716,2704 2805,2698 2895,2692 2985,2686"/>
                <TextEquiv>
                    <Unicode>Dem tùcus Tarquimus geschirmt -</Unicode>
                </TextEquiv>
            </TextLine>
            <TextLine id="tr_1_tl_13" custom="readingOrder {index:12;}">
                <Coords points="777,3001 3825,2859 3833,2709 786,2847"/>
                <Baseline points="805,2979 883,2973 973,2961 1062,2955 1152,2949 1241,2949 1331,2943 1420,2943 1510,2937 1599,2931 1689,2919 1779,2919 1868,2907 1958,2901 2047,2901 2137,2895 2226,2889 2316,2889 2405,2883 2495,2883 2585,2877 2674,2877 2764,2871 2853,2865 2943,2859 3032,2847 3122,2841 3211,2835 3301,2829 3390,2829 3480,2823 3570,2817 3659,2817 3749,2817 3838,2817"/>
                <TextEquiv>
                    <Unicode>der Adel will f. wohl eigens Wohl und kundet.</Unicode>
                </TextEquiv>
            </TextLine>
            <TextLine id="tr_1_tl_14" custom="readingOrder {index:13;}">
                <Coords points="769,3168 2203,3060 2596,3152 3143,3022 3331,3102 3494,3076 3507,2867 777,3039"/>
                <Baseline points="794,3158 823,3152 913,3140 1002,3128 1092,3122 1182,3116 1271,3110 1361,3104 1450,3110 1540,3098 1629,3092 1719,3092 1808,3086 1898,3080 1988,3074 2077,3068 2167,3062 2256,3056 2346,3056 2435,3056 2525,3050 2614,3044 2704,3038 2793,3032 2883,3026 2973,3020 3062,3014 3152,3008 3241,3002 3331,2996 3420,2996 3510,2996"/>
                <TextEquiv>
                    <Unicode>Der Adel will seines Wohl und wahrlich.</Unicode>
                </TextEquiv>
            </TextLine>
            <TextLine id="tr_1_tl_15" custom="readingOrder {index:14;}">
                <Coords points="773,3327 991,3306 1078,3394 1304,3290 1588,3273 1672,3348 1977,3248 2332,3327 2617,3214 3139,3240 3240,3198 3252,3026 2763,3051 2445,3173 2207,3060 1902,3181 1806,3118 782,3202"/>
                <Baseline points="799,3307 835,3307 925,3295 1014,3289 1104,3283 1194,3277 1283,3277 1373,3271 1462,3265 1552,3259 1641,3253 1731,3247 1820,3247 1910,3235 1999,3229 2089,3229 2179,3223 2268,3217 2358,3211 2447,3211 2537,3205 2626,3199 2716,3193 2805,3187 2895,3187 2985,3182 3074,3170 3164,3158 3253,3158"/>
                <TextEquiv>
                    <Unicode>Er strebts nicht an, Klubeyer zu beglücken</Unicode>
                </TextEquiv>
            </TextLine>
            <TextLine id="tr_1_tl_16" custom="readingOrder {index:15;}">
                <Coords points="527,3490 1438,3536 1605,3423 2044,3515 2838,3340 3285,3407 3716,3336 3724,3181 3022,3298 2625,3214 2332,3327 1308,3285 1083,3394 535,3285"/>
                <Baseline points="549,3474 591,3474 680,3468 770,3462 859,3450 949,3444 1038,3438 1128,3432 1217,3432 1307,3420 1396,3420 1486,3420 1576,3414 1665,3414 1755,3408 1844,3408 1934,3396 2023,3390 2113,3384 2202,3379 2292,3373 2382,3373 2471,3367 2561,3361 2650,3355 2740,3343 2829,3343 2919,3337 3008,3337 3098,3331 3187,3325 3277,3319 3367,3307 3456,3307 3546,3307 3635,3307 3725,3313"/>
                <TextEquiv>
                    <Unicode>Claudus: Talassius - der greife Mai muß sterben</Unicode>
                </TextEquiv>
            </TextLine>
            <TextLine id="tr_1_tl_17" custom="readingOrder {index:16;}">
                <Coords points="2746,3448 2792,3448 2805,3436 2817,3448 2855,3436 2909,3444 2934,3423 2993,3436 3010,3453 3026,3440 3076,3444 3085,3361 3026,3361 3014,3348 2968,3361 2939,3348 2922,3365 2897,3340 2842,3340 2822,3352 2796,3344 2780,3361 2755,3361"/>
                <Baseline points="2770,3432 2823,3426 2913,3408 3002,3402 3092,3402"/>
                <TextEquiv>
                    <Unicode>Wir um</Unicode>
                </TextEquiv>
            </TextLine>
            <TextLine id="tr_1_tl_18" custom="readingOrder {index:17;}">
                <Coords points="777,3662 3490,3549 3808,3486 3812,3352 2796,3461 2383,3386 2044,3515 790,3474"/>
                <Baseline points="805,3629 865,3617 955,3617 1044,3611 1134,3611 1223,3605 1313,3599 1402,3599 1492,3587 1582,3587 1671,3582 1761,3576 1850,3570 1940,3564 2029,3558 2119,3552 2208,3546 2298,3546 2388,3540 2477,3534 2567,3528 2656,3522 2746,3516 2835,3516 2925,3510 3014,3504 3104,3498 3193,3492 3283,3486 3373,3480 3462,3480 3552,3480 3641,3474 3731,3468 3820,3474"/>
                <TextEquiv>
                    <Unicode>Sei alles wie es immer für! Was wird es Wie wenn</Unicode>
                </TextEquiv>
            </TextLine>
            <TextLine id="tr_1_tl_19" custom="readingOrder {index:18;}">
                <Coords points="757,3858 2194,3703 2675,3804 2980,3691 3428,3703 3440,3545 769,3649"/>
                <Baseline points="782,3784 847,3790 937,3790 1026,3790 1116,3784 1205,3779 1295,3773 1385,3767 1474,3767 1564,3761 1653,3755 1743,3749 1832,3737 1922,3737 2011,3725 2101,3713 2190,3707 2280,3701 2370,3701 2459,3707 2549,3701 2638,3701 2728,3689 2817,3689 2907,3683 2996,3677 3086,3671 3176,3665 3265,3665 3355,3659 3444,3665"/>
                <TextEquiv>
                    <Unicode>Wir jetzt auf halbe Magestehn bliebe?</Unicode>
                </TextEquiv>
            </TextLine>
            <TextLine id="tr_1_tl_20" custom="readingOrder {index:19;}">
                <Coords points="2061,3825 2115,3816 2165,3837 2190,3816 2245,3825 2312,3800 2337,3821 2408,3787 2466,3783 2495,3804 2533,3800 2537,3737 2500,3745 2462,3708 2429,3724 2404,3703 2349,3749 2316,3749 2245,3699 2199,3699 2128,3754 2065,3749"/>
                <Baseline points="2083,3808 2095,3814 2185,3808 2274,3802 2364,3790 2453,3773 2543,3779"/>
                <TextEquiv>
                    <Unicode>Adhalti</Unicode>
                </TextEquiv>
            </TextLine>
            <TextLine id="tr_1_tl_21" custom="readingOrder {index:20;}">
                <Coords points="677,4013 928,3975 1108,4059 1221,3967 1338,4025 1990,3908 2491,3954 2629,3875 3173,3879 3181,3749 3005,3691 2149,3837 1785,3741 1095,3925 878,3808 681,3921"/>
                <Baseline points="704,3987 770,3976 859,3958 949,3958 1038,3958 1128,3952 1217,3952 1307,3940 1396,3934 1486,3928 1576,3922 1665,3904 1755,3898 1844,3898 1934,3898 2023,3886 2113,3880 2202,3892 2292,3886 2382,3886 2471,3874 2561,3874 2650,3862 2740,3850 2829,3844 2919,3838 3008,3838 3098,3820 3187,3820"/>
                <TextEquiv>
                    <Unicode>A Wenn wir den König Gervantullus.</Unicode>
                </TextEquiv>
            </TextLine>
            <TextLine id="tr_1_tl_22" custom="readingOrder {index:21;}">
                <Coords points="1175,3892 1195,3892 1212,3904 1229,3887 1241,3887 1267,3908 1283,3904 1300,3917 1338,3912 1342,3833 1317,3837 1287,3804 1267,3804 1216,3850 1200,3841 1179,3841"/>
                <Baseline points="1199,3886 1253,3886 1343,3880"/>
                <TextEquiv>
                    <Unicode>wch</Unicode>
                </TextEquiv>
            </TextLine>
            <TextLine id="tr_1_tl_23" custom="readingOrder {index:22;}">
                <Coords points="748,4155 1141,4121 1384,4239 1731,4101 2404,4167 2734,4055 2859,4155 2976,4046 3202,4063 3210,3896 3076,3946 2930,3854 2153,3967 1965,3908 1705,3996 1580,3929 1342,4025 1225,3963 1108,4059 757,4004"/>
                <Baseline points="770,4137 799,4131 889,4125 979,4119 1068,4113 1158,4107 1247,4107 1337,4101 1426,4095 1516,4089 1605,4083 1695,4077 1785,4077 1874,4065 1964,4059 2053,4059 2143,4059 2232,4059 2322,4047 2411,4053 2501,4047 2590,4041 2680,4029 2770,4023 2859,4017 2949,4011 3038,3999 3128,3993 3217,3987"/>
                <TextEquiv>
                    <Unicode>Morwerts auf der betreten Sohn der Greis</Unicode>
                </TextEquiv>
            </TextLine>
        </TextRegion>
        <TextRegion id="tr_2" custom="readingOrder {index:1;}">
            <Coords points="4310,564 7761,564 7761,3550 4310,3550"/>
            <TextLine id="tr_2_tl_1" custom="readingOrder {index:0;}">
                <Coords points="4368,736 4598,652 4673,727 7165,669 7165,497 6713,435 5982,518 5238,422 5066,510 4368,472"/>
                <Baseline points="4393,686 4483,674 4573,656 4662,650 4752,644 4841,644 4931,644 5020,638 5110,638 5199,638 5289,638 5378,644 5468,644 5558,650 5647,650 5737,644 5826,644 5916,638 6005,638 6095,638 6184,632 6274,632 6364,632 6453,632 6543,626 6632,620 6722,626 6811,620 6901,620 6990,620 7080,614 7169,614"/>
                <TextEquiv>
                    <Unicode>Mitsteil es Klarchtswie der Tag. Wie wenn</Unicode>
                </TextEquiv>
            </TextLine>
            <TextLine id="tr_2_tl_2" custom="readingOrder {index:1;}">
                <Coords points="4422,844 6525,886 6968,803 6968,698 6370,648 6157,723 5982,640 5488,773 4794,656 4422,723"/>
                <Baseline points="4447,823 4471,823 4561,823 4650,811 4740,811 4829,811 4919,811 5008,811 5098,811 5187,811 5277,817 5367,817 5456,823 5546,817 5635,823 5725,817 5814,817 5904,805 5993,799 6083,788 6172,794 6262,794 6352,794 6441,788 6531,782 6620,788 6710,782 6799,776 6889,776 6978,776"/>
                <TextEquiv>
                    <Unicode>Er draußen der den Lande Helfe fände.</Unicode>
                </TextEquiv>
            </TextLine>
            <TextLine id="tr_2_tl_3" custom="readingOrder {index:2;}">
                <Coords points="4318,1053 4694,1003 4778,1053 4899,991 5120,1016 5225,1095 5346,1003 5764,1032 5764,907 5643,920 5501,823 5375,899 5229,823 5137,869 4999,840 4924,895 4803,836 4322,886"/>
                <Baseline points="4340,1026 4429,1014 4519,1002 4608,991 4698,991 4787,991 4877,985 4967,985 5056,985 5146,985 5235,985 5325,979 5414,979 5504,979 5593,973 5683,967 5773,967"/>
                <TextEquiv>
                    <Unicode>Wenn er in kurzen an</Unicode>
                </TextEquiv>
            </TextLine>
            <TextLine id="tr_2_tl_4" custom="readingOrder {index:3;}">
                <Coords points="4376,1191 7165,1183 7169,991 5384,995 5225,1108 4895,991 4381,1041"/>
                <Baseline points="4399,1164 4405,1164 4495,1164 4584,1164 4674,1158 4764,1152 4853,1158 4943,1152 5032,1152 5122,1152 5211,1152 5301,1152 5390,1152 5480,1152 5570,1146 5659,1146 5749,1146 5838,1146 5928,1146 6017,1140 6107,1134 6196,1134 6286,1134 6375,1134 6465,1128 6555,1128 6644,1122 6734,1116 6823,1110 6913,1104 7002,1104 7092,1104 7181,1098"/>
                <TextEquiv>
                    <Unicode>Werin Kriegentstunde von der Mann kons?</Unicode>
                </TextEquiv>
            </TextLine>
            <TextLine id="tr_2_tl_5" custom="readingOrder {index:4;}">
                <Coords points="4435,1434 5321,1325 7323,1371 7528,1296 7532,1150 5476,1158 4995,1279 4439,1204"/>
                <Baseline points="4459,1325 4495,1319 4584,1319 4674,1325 4764,1319 4853,1319 4943,1319 5032,1319 5122,1319 5211,1313 5301,1313 5390,1313 5480,1307 5570,1307 5659,1301 5749,1301 5838,1301 5928,1307 6017,1301 6107,1301 6196,1295 6286,1295 6375,1295 6465,1295 6555,1289 6644,1289 6734,1295 6823,1289 6913,1283 7002,1283 7092,1283 7181,1283 7271,1283 7361,1277 7450,1277 7540,1277"/>
                <TextEquiv>
                    <Unicode>Ichwill mein Werk vollendet sehr, Talassium</Unicode>
                </TextEquiv>
            </TextLine>
            <TextLine id="tr_2_tl_6" custom="readingOrder {index:5;}">
                <Coords points="4464,1509 4870,1593 5401,1484 6721,1530 7302,1455 7307,1350 4799,1342 4464,1430"/>
                <Baseline points="4489,1474 4531,1474 4620,1480 4710,1480 4799,1480 4889,1480 4978,1480 5068,1480 5158,1480 5247,1474 5337,1474 5426,1474 5516,1474 5605,1474 5695,1468 5784,1468 5874,1474 5964,1474 6053,1468 6143,1462 6232,1456 6322,1450 6411,1444 6501,1444 6590,1450 6680,1450 6769,1444 6859,1444 6949,1450 7038,1444 7128,1444 7217,1438 7307,1432"/>
                <TextEquiv>
                    <Unicode>wuß still sein überall - das das Oegedeken</Unicode>
                </TextEquiv>
            </TextLine>
            <TextLine id="tr_2_tl_7" custom="readingOrder {index:6;}">
                <Coords points="4335,1714 6730,1613 7165,1705 7700,1517 4335,1559"/>
                <Baseline points="4358,1641 4387,1641 4477,1635 4567,1635 4656,1629 4746,1629 4835,1635 4925,1635 5014,1629 5104,1629 5193,1629 5283,1629 5373,1629 5462,1629 5552,1629 5641,1623 5731,1623 5820,1617 5910,1605 5999,1605 6089,1611 6178,1611 6268,1611 6358,1611 6447,1611 6537,1605 6626,1605 6716,1599 6805,1599 6895,1599 6984,1599 7074,1605 7164,1599 7253,1599 7343,1599 7432,1593 7522,1593 7611,1588 7701,1582"/>
                <TextEquiv>
                    <Unicode>Om Heraus Tullaus. On diese wäre Zeit muß möhlig schwieder</Unicode>
                </TextEquiv>
            </TextLine>
            <TextLine id="tr_2_tl_8" custom="readingOrder {index:7;}">
                <Coords points="5739,1772 5994,1710 6032,1747 6203,1680 6508,1705 6542,1739 6613,1701 6730,1731 6734,1651 6655,1622 6558,1659 6512,1622 6308,1655 6253,1618 6211,1651 6120,1626 5990,1659 5948,1626 5739,1693"/>
                <Baseline points="5761,1731 5850,1719 5940,1707 6029,1701 6119,1689 6208,1677 6298,1683 6387,1689 6477,1689 6567,1689 6656,1689 6746,1689"/>
                <TextEquiv>
                    <Unicode>unkregten Spieger</Unicode>
                </TextEquiv>
            </TextLine>
            <TextLine id="tr_2_tl_9" custom="readingOrder {index:8;}">
                <Coords points="4347,1843 5626,1827 5911,1914 6709,1785 6968,1856 7127,1802 7127,1689 6922,1626 6730,1731 6207,1676 5756,1760 4803,1651 4351,1747"/>
                <Baseline points="4370,1820 4447,1808 4537,1802 4626,1796 4716,1802 4805,1802 4895,1802 4984,1802 5074,1796 5164,1796 5253,1791 5343,1791 5432,1791 5522,1791 5611,1791 5701,1785 5790,1791 5880,1791 5970,1785 6059,1785 6149,1785 6238,1785 6328,1779 6417,1779 6507,1773 6596,1773 6686,1767 6775,1755 6865,1743 6955,1749 7044,1749 7134,1755"/>
                <TextEquiv>
                    <Unicode>Glatt wie des Meeres Spiegel nach dem Sturm</Unicode>
                </TextEquiv>
            </TextLine>
            <TextLine id="tr_2_tl_10" custom="readingOrder {index:9;}">
                <Coords points="4284,2086 4594,1990 4711,2040 5480,1973 5630,2065 5773,1994 5777,1864 5288,1843 5192,1885 5054,1843 4861,1898 4636,1822 4489,1885 4389,1827 4293,1885"/>
                <Baseline points="4310,2005 4352,1993 4441,1988 4531,1988 4620,1988 4710,1982 4799,1988 4889,1982 4978,1976 5068,1970 5158,1970 5247,1964 5337,1964 5426,1958 5516,1964 5605,1958 5695,1952 5784,1952"/>
                <TextEquiv>
                    <Unicode>Muß den man verh.</Unicode>
                </TextEquiv>
            </TextLine>
            <TextLine id="tr_2_tl_11" custom="readingOrder {index:10;}">
                <Coords points="4431,2178 7039,2224 7073,1952 6521,2061 6274,1960 5543,2077 5334,1994 4435,2040"/>
                <Baseline points="4453,2143 4483,2149 4573,2143 4662,2143 4752,2143 4841,2143 4931,2137 5020,2131 5110,2125 5199,2125 5289,2125 5378,2119 5468,2125 5558,2119 5647,2119 5737,2119 5826,2119 5916,2125 6005,2119 6095,2125 6184,2119 6274,2107 6364,2107 6453,2107 6543,2107 6632,2107 6722,2101 6811,2107 6901,2101 6990,2113 7080,2125"/>
                <TextEquiv>
                    <Unicode>An den mon kaum vergangen Sturm kommt.</Unicode>
                </TextEquiv>
            </TextLine>
            <TextLine id="tr_2_tl_12" custom="readingOrder {index:11;}">
                <Coords points="4389,2370 5777,2299 5994,2404 6726,2291 6730,2207 6408,2153 5911,2253 5559,2136 5371,2224 4393,2182"/>
                <Baseline points="4411,2310 4495,2310 4584,2304 4674,2304 4764,2298 4853,2298 4943,2298 5032,2292 5122,2286 5211,2292 5301,2292 5390,2292 5480,2292 5570,2298 5659,2292 5749,2292 5838,2292 5928,2286 6017,2286 6107,2280 6196,2280 6286,2274 6375,2274 6465,2274 6555,2268 6644,2268 6734,2268"/>
                <TextEquiv>
                    <Unicode>Der kaum erinnert an ei gingen Stärme</Unicode>
                </TextEquiv>
            </TextLine>
            <TextLine id="tr_2_tl_13" custom="readingOrder {index:12;}">
                <Coords points="4406,2546 5279,2462 5409,2541 5927,2462 6007,2546 6370,2445 6521,2562 6855,2437 7223,2529 7227,2353 6663,2278 5998,2404 5530,2316 5112,2404 4870,2316 4406,2366"/>
                <Baseline points="4429,2477 4453,2477 4543,2471 4632,2471 4722,2465 4811,2465 4901,2459 4990,2453 5080,2453 5170,2447 5259,2453 5349,2447 5438,2453 5528,2453 5617,2453 5707,2453 5796,2447 5886,2447 5975,2447 6065,2441 6155,2435 6244,2441 6334,2441 6423,2435 6513,2429 6602,2429 6692,2423 6781,2417 6871,2423 6961,2423 7050,2429 7140,2435 7229,2435"/>
                <TextEquiv>
                    <Unicode>da kaum gemahnt an knüpf verwehte Sturme</Unicode>
                </TextEquiv>
            </TextLine>
            <TextLine id="tr_2_tl_14" custom="readingOrder {index:13;}">
                <Coords points="4381,2713 4544,2642 4765,2671 4916,2617 5221,2684 5426,2629 5793,2792 5948,2709 5952,2462 5660,2466 5463,2546 5296,2458 4794,2525 4677,2479 4385,2558"/>
                <Baseline points="4405,2644 4441,2644 4531,2638 4620,2632 4710,2626 4799,2626 4889,2614 4978,2614 5068,2608 5158,2614 5247,2614 5337,2614 5426,2614 5516,2608 5605,2614 5695,2608 5784,2608 5874,2608 5964,2602"/>
                <TextEquiv>
                    <Unicode>Muß diesen Volksvergestlich</Unicode>
                </TextEquiv>
            </TextLine>
            <TextLine id="tr_2_tl_15" custom="readingOrder {index:14;}">
                <Coords points="4389,2880 4531,2822 4677,2863 4857,2805 4941,2838 5008,2801 5146,2826 5317,2788 5426,2834 5493,2809 5497,2650 5367,2629 5229,2692 4966,2646 4899,2692 4828,2642 4602,2642 4393,2692"/>
                <Baseline points="4411,2787 4423,2787 4513,2787 4602,2793 4692,2787 4781,2787 4871,2782 4961,2776 5050,2776 5140,2776 5229,2770 5319,2764 5408,2764 5498,2770"/>
                <TextEquiv>
                    <Unicode>Russ Soll der</Unicode>
                </TextEquiv>
            </TextLine>
            <TextLine id="tr_2_tl_16" custom="readingOrder {index:15;}">
                <Coords points="4489,2955 5070,2947 5258,3047 5417,2943 6542,2930 6772,3014 6956,2939 6960,2784 6420,2759 6111,2872 5898,2746 4489,2863"/>
                <Baseline points="4513,2955 4549,2955 4638,2955 4728,2955 4817,2949 4907,2943 4996,2943 5086,2937 5176,2943 5265,2937 5355,2937 5444,2931 5534,2931 5623,2931 5713,2925 5802,2919 5892,2919 5981,2925 6071,2925 6161,2925 6250,2925 6340,2919 6429,2919 6519,2913 6608,2913 6698,2907 6787,2913 6877,2913 6967,2913"/>
                <TextEquiv>
                    <Unicode>Will ich den Geist des Römervölkes sehe -</Unicode>
                </TextEquiv>
            </TextLine>
            <TextLine id="tr_2_tl_17" custom="readingOrder {index:16;}">
                <Coords points="4414,3173 7453,3148 7754,3089 7758,2876 6780,3010 5380,2951 5242,3051 4418,2934"/>
                <Baseline points="4435,3110 4447,3110 4537,3104 4626,3110 4716,3110 4805,3110 4895,3110 4984,3110 5074,3104 5164,3104 5253,3098 5343,3098 5432,3098 5522,3092 5611,3092 5701,3086 5790,3086 5880,3086 5970,3086 6059,3086 6149,3086 6238,3086 6328,3086 6417,3080 6507,3080 6596,3074 6686,3074 6775,3074 6865,3068 6955,3068 7044,3068 7134,3062 7223,3062 7313,3056 7402,3056 7492,3050 7581,3050 7671,3056 7761,3056"/>
                <TextEquiv>
                    <Unicode>Vergesslich sind sie - Vergessen solle sie, wie alles kann,</Unicode>
                </TextEquiv>
            </TextLine>
            <TextLine id="tr_2_tl_18" custom="readingOrder {index:17;}">
                <Coords points="4431,3311 4824,3344 4945,3281 5116,3403 5313,3281 6082,3265 6379,3365 6730,3260 6730,3181 6492,3097 5961,3198 5639,3110 5238,3231 4790,3202 4707,3114 4435,3152"/>
                <Baseline points="4459,3277 4495,3277 4584,3271 4674,3271 4764,3271 4853,3265 4943,3271 5032,3265 5122,3265 5211,3259 5301,3259 5390,3259 5480,3259 5570,3253 5659,3253 5749,3247 5838,3247 5928,3253 6017,3253 6107,3253 6196,3247 6286,3247 6375,3241 6465,3241 6555,3241 6644,3241 6734,3235"/>
                <TextEquiv>
                    <Unicode>Und nur noch das Werde und Entstehe</Unicode>
                </TextEquiv>
            </TextLine>
            <TextLine id="tr_2_tl_19" custom="readingOrder {index:18;}">
                <Coords points="4468,3545 7139,3398 7628,3478 7670,3240 4473,3357"/>
                <Baseline points="4495,3468 4543,3456 4632,3450 4722,3450 4811,3444 4901,3444 4990,3444 5080,3438 5170,3438 5259,3432 5349,3432 5438,3432 5528,3426 5617,3426 5707,3432 5796,3432 5886,3432 5975,3426 6065,3426 6155,3420 6244,3420 6334,3414 6423,3414 6513,3414 6602,3408 6692,3408 6781,3402 6871,3402 6961,3402 7050,3402 7140,3396 7229,3396 7319,3396 7408,3396 7498,3390 7587,3396 7677,3408"/>
                <TextEquiv>
                    <Unicode>et das Wie alles kam.</Unicode>
                </TextEquiv>
            </TextLine>
            <TextLine id="tr_2_tl_20" custom="readingOrder {index:19;}">
                <Coords points="6103,3670 6329,3612 6479,3657 6554,3612 6638,3653 7123,3657 7282,3574 7428,3591 7399,3415 7236,3440 7139,3394 6922,3469 6834,3394 6667,3457 6471,3415 6099,3440"/>
                <Baseline points="6125,3516 6214,3516 6304,3522 6393,3516 6483,3522 6572,3528 6662,3522 6752,3516 6841,3522 6931,3534 7020,3528 7110,3540 7199,3534 7289,3534 7378,3534 7438,3528"/>
                <TextEquiv>
                    <Unicode>winalles hiesgestaltet</Unicode>
                </TextEquiv>
            </TextLine>
        </TextRegion>
    </Page>
</PcGts>
