4424 5688
1973 532 2588 701 Zu Seite 27.
893 713 3974 924 1) Sie will ihn unterbrechen, ist sehr erregt, er macht eine abweh-
893 861 3927 1104 rende Bewegung mit dem Arm und fährt eifrig fort, erfreut, so weit
893 1057 2102 1304 gekommen zu sein. -
893 1225 3966 1503 Hiebei bemerke ich, dass Du gar nie an einzelnen stellen Rücksicht
893 1441 3829 1644 darauf nimmst durch Bemerkungen dem Schauspieler Deine Ansicht
881 1605 3801 1797 über die jeweilige Situation, den Sinn der Rede, die Haltung der
869 1770 3766 1950 Personen hinzustellen. Wenn ein Lewinsky den Claudius spielen
865 2001 3805 2173 wird, (wär's so weit mit Deinem Drama.), der wird sich wohl ohne
869 2153 3751 2349 Deine Andeutungen auch schon zurecht finden, wenngleich es bei
869 2353 3825 2533 schwierigeren Situationen, die mehrfach ausgelegt werden können,
842 2482 3876 2717 nach dem Genie zugute kommt, die Ansicht des Verfassers zu hören,
857 2690 3872 2862 die ja nicht bindet, nur leitet.- Aber vielleicht wird Dein „Tar-
861 2881 3946 3018 quinius“ so populär wie „Die Räuber“ und auf allen Provincial-Büh-
842 3003 3845 3261 nen, bei allen wandernden Schauspielertruppen in das ständige Re-
834 3175 3778 3383 pertoire aufgenommen; da wird es wohl Charakterdarsteller genug
826 3359 3919 3559 geben, die nicht wissen, wie sie diesen wagrechten Strich mitten im
834 3590 3895 3731 Verse auslegen sollen, nicht wissen,wenn sie erkannt haben, dass er
830 3754 3837 3954 eine Pause bedeute,wie sie diese ausfüllen sollen;in der Klammer
818 3899 3837 4134 steht nur, wie die Tullia sich seinen Worten gegenüber benimmt, er
810 4115 3848 4275 wehrt, da sie ihn unterbrechen will, ihre Unterbrechung durch eine
806 4287 3903 4518 Bewegung mit dem Arme ab.Claudius ist erfreut, nicht minder Tullia
814 4393 3888 4667 über diesen Fingerzeig und die Menschheit ist gerettet.-Spass bei
795 4577 3946 4831 Seite! Der Mangel muss gut gemacht werden! - Du schreibst ja Dein
791 4800 3825 5062 DSchmaufte auch für die Bühne, mehr für dre Böhne als für dee Lectüre,
803 4929 1723 5152 also — — -...
775 5097 2048 5418 2) Ich glaube in seiner M.
