4392 5800
1699 683 2785 949 zu Seite 8.
1278 838 1633 1019 freier:
827 920 2493 1134 1) - - - pfleg'. Das Alter macht
809 1086 3779 1304 2) Die ganze Szene mit Servius könnte wegbleiben,ohne dass da-
1012 1237 3838 1492 durch etwas geändert würde. Dazu entschliesst man sich frei-
1012 1452 1588 1725 lich schwer.
2105 4473 3092 4691 Vielen Hände in den Sohn
1418 4639 3250 4920 Als wär es frei, gleich Adligen geboren.
1411 4891 3361 5094 Es leistet uns nicht Frohndienst mehr; die
1610 5012 3480 5278 im Gefängnis sohnachten sollten, leben 4)
1725 5216 2937 5430 und Frieden ihre Tage hin ich
