6296 4088
3733 445 6125 605 Des - jetzt schon nahen - Tags. Und also schied ich.
3748 591 5879 807 Doch nicht genug-! Als ich nun nächtger Weile
3733 769 5982 959 Die Strassen läss'gen Gangs durchschritt, da sah
5849 878 6030 1027 ich
3736 973 5448 1157 Ein eigentümlich Leben in der Stadt!
3748 1134 5796 1347 In raschem Schritt durcheilten Mann um Mann
3748 1309 5855 1499 Bald da, bald dort die schlummerstillen Wege -
3760 1463 5982 1674 Unhörbar fast - bald da, bald dort verschwinden
3748 1671 5784 1855 Die Eilenden in schnell verschlossnem Thor.
3766 1837 5650 2000 Und in den Häusern, die sich da geöffnet,
3766 2021 5935 2226 Konnt ich gar bald Getös von schwerem Rüstzeug
3772 2217 5632 2350 Und Waffenklirren dumpf vernehmen - ein
3766 2374 5650 2582 Geflüster wurde laut von hangen Stimmen,
3757 2585 5576 2742 Und staunend ob des ungewohnten Lebens
3772 2801 5576 2899 Stand ich in schwankenden Gedanken da.
3760 2956 5623 3054 Doch bald war meinen Sinnen alles klar!
3772 3122 5523 3276 Tarquinius,gegen dich! ja gegen dich
3772 3285 5567 3451 Und unsern Adel rüstet sich das Volk,
