8200 5000
4103 754 6269 1157 Der Führer der Verschwörung, ohn es selbst
1332 856 2470 1110 Fabius. Oalle sind sie
4122 967 7841 1305 Zu wissen -? Schafft mir diesen Autusheit (Fabins ab, kommt gleich wieder)
1360 972 3437 1379 So schuldlos wie-Empörer immer sind.
4140 1175 6366 1457 Was sollen diese Wort? Ich befahle befehle
1346 1231 2225 1504 Servius. Crugover
2063 1277 3655 1601 Ja, es ist das Wort. Gebinns
4127 1365 5991 1638 Auf heute in die Curie die Senot.
1365 1406 1739 1647 Tabius.
171 1397 916 1726 V2-Gabinjus? -
1379 1462 3715 1776 Fabius. Und ich, wir beide sprächen Senatoren
4085 1527 6916 1813 (Zu Fabris) Ihr sandtet schon nach Anlus? – Wohl! (Zu Amms)
3456 1601 3645 1739 für
1388 1628 3955 1943 Und wissen mehr, als daß wir ru gut zu mehre. Kuh
6204 1647 6879 1906 Wann sprachst die
2836 1818 3044 1929 gem.
393 1813 3682 2165 doch 21 - Woher ein Gegen- Und wen gar doch, als daß wir ruhen könten.
4127 1818 5871 2123 Zum letzten Male mit Tarquinius.-
1365 1962 3918 2267 Gabin. Mir sagte einer: der Verschwörung Haupt
4108 2008 6195 2304 Aans. Schon einge Tage sind seither vergangen;
301 2003 541 2239 satz?
1342 2151 3391 2433 Sei - unbewußt — o könig, hört das Wort -
4122 2197 6121 2433 doch nichts erschien mir damalungewöhnlich
1355 2318 3238 2586 Tarquenius sei, ohne es zu wessen
4178 2359 5246 2591 Und sonderbar an ihm.
1388 2461 3058 2753 Der gährenden Eingörunghaupt.
5052 2475 6065 2748 Er sprach nicht anders
4136 2544 4506 2776 Servius.
2623 2618 3502 2845 targeimus -?
4108 2651 6088 2928 Als sonst? Er schien dir nicht verändert.
1379 2688 1749 2901 Servis.
4113 2831 5390 3127 Aruns. zu keiner Weise
1152 2873 2271 3081 Dienstarquinius -!
2008 2928 3497 3243 Was ich gehört, das sagt' ich.
4742 2979 6745 3248 Claudius (kommt, bleibt in thüre stehen
1360 3016 1772 3275 Gabin.
1355 3109 3502 3447 Sero. Turquimus -? Wer sprach dies Wort?
5279 3118 6148 3377 Claudius begrußt
4201 3174 4636 3437 Claudius.
3349 3201 3891 3465 Cin Mann,
4215 3322 5635 3622 dem großen König 6 Roms.
1369 3336 1661 3599 Geb.
1374 3419 3696 3715 Der selbst mit dem beschuldigten verkehrt -
5255 3493 6282 3733 Wir sprechen heute
4173 3544 4529 3757 Servius
1355 3599 3655 3900 Zwar kein Senator, doch mit ihrer manchem
4122 3678 5283 3918 Uns in der Curie noch.
1369 3798 3604 4076 Vertrauter, als es jetzt uns lieb sein darf.
5024 3831 5797 4080 Ich komme nur
4154 3895 4497 4062 Clave.
1360 3923 3502 4247 Von Auslus redich, jenem jungen Freundt
4205 3983 6477 4256 Tero. Die Senatoren werden sich versammeln
1365 4122 2669 4376 des Lucius Tarqui nius.
4182 4154 5612 4464 Und ihrem König Rede stehn.
4705 4335 4982 4501 Herrn
2702 4279 3146 4561 Er sei
1393 4339 1763 4585 Servins
