8200 4920
993 939 3336 1224 Sie betre Jüllen. In das ich baue keinen Plan für sie¬
1085 1095 3678 1427 d. jünge tüllia. Er kommt sich leicht, dir selber unbewußt.
1109 1268 3570 1553 D. ältre tullia. Mein Wille aber macht den Plan zu nichte.
2471 1431 2888 1570 zenigts vor,
1841 1414 3953 1702 (als für sich) Hier Pärk zu schwach zur That zu sein.
1122 1532 1854 1742 d. jungen tullia
1837 1600 2549 1753 Nun laß mich fort.
671 1563 898 1726 Subst.
1119 1631 3743 1915 u älter Tullia. doch jetzt les wohl) ich konnte das Geheimnis
424 1773 949 1976 hier Schreven Wieoben
1129 1780 3393 2068 Allein nicht tragen; schwerer ging mein Athem
210 1807 441 2054 valtenir,
427 1919 824 2054 a l'ébrune cenfer...
1166 1956 2702 2237 Ich fühlte mich bedrückt und banz¬
1197 2058 3410 2380 Verschuld ich den die drängenden Gedanken?
1149 2234 3875 2546 a. jungen Tullia Omin -! Dübist ganz schuldlos. -inte wohl!
1159 2431 3054 2709 Diälter Tullia Lebwohl! (Siegeht.)
2058 2566 3288 2817 Die jungen Jullia (allein)
525 2688 986 2861 Cullia i 4y
1200 2749 3312 3000 Auch du?! Die Gatte ist Tarquimus.
498 2820 963 2956 thearron um,
512 2898 939 3027 mmisses zu
515 2963 980 3098 sondern nur
1210 2895 3180 3231 Er wird der König Roms; und an der Seite
620 3051 875 3180 mit ihrer
1200 3061 3326 3336 des Mannes, den ich liebe, herrschaft du!
698 3139 922 3271 2Cäne
529 3241 871 3376 zu machen.
1264 3258 3176 3532 das große Wie, das ich regieren möchte
197 3312 990 3526 Ganz richtig. Die Reue ist
207 3417 1037 3641 mit zu absichtlich - ichwes¬
1224 3441 2963 3698 Regiereht du! Was immer ich ersehne,
247 3549 939 3780 sie vollständig anntre,
1244 3587 3041 3875 Erreichest du. Und so entreißt du mir.
1244 3749 3295 4010 Stets, was ich mein zu nennen strebe! - Mein!
129 3817 871 4126 (----Nrebs Ganz mein!)
1224 3875 3539 4156 du Wort des Glücks und ungestörter Ruhe;
1186 4065 3187 4380 Gedanke, der des Menschen Seele erst
1244 4224 3183 4529 Zu friedlichstem Genießen kommen läßt!
1271 4390 3454 4709 Wenn ich Targennus setzt und Roma selbst
7122 603 7319 827 2.
5827 719 6404 946 Theißgeliebten.
4824 780 5180 932 (Könnt d)
4088 837 6424 1122 Mein neuen konnte! Wenn ich den Getretter
4109 1024 6187 1295 Umarmen könnte!- ich ganz sein und er
7007 1098 7966 1295 Dieser Hirtus ist sehr polrendre
4122 1146 6610 1475 Ganz mein! Und so das stolze Rom beherrschten
7048 1248 7333 1488 dann)
4838 1322 5078 1458 (Nocth)
4119 1336 6417 1559 Als Königin!- Und hätt' ich so den Frieden
4126 1512 6088 1787 der au sgeregten Seele mir gewonnen:
7150 1532 7987 1848 (2) fürchte, dass mein a)
4143 1654 6682 1922 Wer weiß, ob dann? Ich glaube, daß ein Herz (ahr)
4204 1834 6099 2048 Nur immer oder niemals ruhre kann,
7122 1898 7411 2109 (ohne)
4200 1949 6478 2214 Und Geister, die zu streben nur begonnen,
4227 2088 6200 2420 Sie wählen stets ein neues, weitres Ziel¬
4238 2285 6092 2580 Und immer höher fliegen ihre Wünsche.
4183 2444 6326 2736 Ich selber bin dem ersten Ziel noch fern.
4227 2600 6726 2922 Wie lang noch here? Ist etwas, das mich hemmt,
4153 2766 5990 3058 Dem heistersehnten Ziele zuzustreben!
4166 2926 6149 3187 das meine Willenskraft umwiderstehlich
4227 3098 6173 3390 Zu unerträglichem Gehorsam zweigt?
7146 3214 7407 3482 ?
4227 3258 6434 3519 Was stellt sich meinen Wünschen in den Weg.
4197 3431 6468 3736 die schon so lang in meinen Busen harren,
6980 3424 7933 3773 Wiese Monolog konnte
4139 3600 6109 3915 Gewärtig ihrer kommenden Erfüllung!
6919 3698 7861 3956 wollgrößerthed
4275 3773 6099 4085 Gewaltiger als je tritt es heran
6970 3861 7966 4170 entfalte W. D. Z.A.
4292 3902 6627 4217 An mich in mächtig lockender Versuchung¬
4299 4075 6722 4393 Emporung nicht - der König wird gestürzt -
4302 4309 6292 4560 Carguinius wird Herrscher über Rom
