8120 5288
2054 554 2301 776 .
2540 490 3801 827 Zürich auszuziehen.
4257 533 5625 891 Hylle-Nichtlangmehr,
712 733 3656 1061 Bekonte Zeichen bekannte Worte Zeichen aufbewahrt.
4257 797 4956 1031 Gib, v/A!
4283 852 7304 1172 Stelle. Einweg – Und spricht Womit belohnst du mich?
767 891 3601 1287 In Heichen, die die kunft, gar viel geschrieben.
430 1006 648 1270 P.
2778 1078 3025 1210 sant
4244 1074 6038 1398 Faigu¬ Bedinge die den Lohn, Sibylla¬
737 1116 3294 1436 Was morgen, was in einem Jahr, was ihm
4589 1014 7743 1585 So xxx ist es kein Geschenk, das de mir xxx Verbrecht.
477 1206 643 1453 P.
814 1291 3324 1666 Jahrgeheten, was im langen lange noch
4291 1291 7721 1717 Sibfln. Nein, - eine Gegengab ich verlange reichen Tohr von dir.
477 1385 669 1564 On
857 1317 4150 1773 Jahrhunderten. Die Neu xxx allmählich Rom¬
499 1547 678 1705 6
1981 1526 3869 1892 wie 5 Blühen wird und gedeihe
4334 1624 5535 1866 Torgu. Verlang. die!
5275 1687 6878 1964 Soviel des Goldes wünsch ich
814 1670 2003 1969 Herrnseln wird.
503 1670 699 1883 le
1649 1820 1999 1952 sint
797 1726 4150 2062 Wies fallen wir und Fallem untergehen
4304 1820 4717 2075 Schlle.
4321 1845 6754 2203 Als jener Wagen faßt, in dem dein Weib.
814 1901 4146 2310 In diesen Büchern findetst siehst die aufgezeichnet
550 1854 733 2101 2
865 2041 4202 2412 Das Schicksal deiner Stadtums aller Männer,
4321 2075 5723 2442 the: Schwey, Schweiz.
5429 2016 7197 2497 In dem Dein Weib zum Gertigtum
533 2229 707 2369 Sr
818 2301 2821 2608 Die ihren Rähm und ihre Schuld
4334 2339 4717 2582 Sibgl.
891 2250 4283 2795 Welche der Wei von Ruhm, und wesenicht es für
4376 2467 5096 2714 des Gottes Ehe
6008 2365 7116 2757 Schweiz, sey ich dir¬
1018 2540 3933 2962 Vergroßen wird und sie wer in ihn für sie,
4470 2612 7726 3055 Swiel des Golds verlangst du? Jahre sie Glaubst die
4385 2646 4905 2910 Targn!
891 2604 4291 3089 Sei 5 gute Gegen, sei es Unged schaffen wird, —
7461 2847 7640 2991 R.
4453 2842 7023 3158 Mit allen denen Büchern ist ein End du
908 2864 4176 3290 Du sich xxx in diesen Büchern aufgeschriebene
4453 2987 7121 3307 das mir die Wissenschaft von künftigen Zeit
925 3038 3596 3464 Sie ich den letzten König Roms reiche
4496 3268 5514 3498 Strudl wert ist?
4474 3192 7730 3682 Miesoviel daß mir die Wissenschaft von künftigen Zeit,
950 3320 2126 3656 Von Fremder Hand
857 3396 4061 3814 20/10 In Zeigen, Dir Deckenst von fremde Hand.
4427 3524 6827 3920 Die Klarheit dessen, was nicht kommen wird.
950 3677 2122 3971 cargue. Yib gib.
1943 3805 2446 4057 Hincory
2258 3775 4202 4176 Wie lange vollst du zaudern:
967 3895 1393 4095 Sitzte.
916 4074 1364 4338 Tarch
