3592 4040
3001 310 3149 451 20
801 455 3254 664 Er geht auf einige Tage ins Gebirge. Semmering.
790 649 3171 833 Herbstlich.Es wird ihm wohler.Dumme Angstge-
783 786 3113 978 fühle, wie ich's sie immer hatte.Er telegra-
786 978 3203 1144 phiert ins Ministerium.Neue acht Tage Urlaub.
783 1129 3196 1284 Sein Chef depeschiert sehr freundlich zurück.
361 1122 675 1281 Gustielle
375 1219 736 1346 des Rudes.
779 1223 3214 1447 Er trifft hier oben Frau Y. mit Tochter.Nicht
314 1367 696 1497 Verarent
314 1443 3214 1634 mehr jung.Sie war verlobt. Sogar? Es ist ihm
310 1558 718 1674 Noch recht:
768 1558 1335 1760 sehr wohl.
299 1645 678 1757 Schreuest
307 1728 689 1858 the Valites
768 1728 3120 1908 In der Nacht vor dem Fenster ein Zug von Ge-
328 1825 649 1937 ne serait
335 1912 624 2020 antichl.
750 1901 1201 2027 stalten.
314 1991 592 2125 prote
758 2024 3041 2247 Ich war verhei ratet. Ich habe es total ver
299 2078 610 2201 Sarter
253 2175 631 2291 de lire
740 2186 3131 2348 gessen. Meine Frau ist gestorben. Ob ich sie
256 2269 602 2464 with
747 2309 3034 2522 nicht umgebracht habe? Er fragt sich genau
772 2417 3214 2673 Seine Frau war sehr stark, ein harmloses Weib-
732 2648 3005 2803 chen.Einmal tot im Bett. Aber es könnte ja
1548 2720 3236 2955 Toutes a telle gründe? Ils qu'alende
714 2817 2045 2980 auch - Unsinn. unseitild.
711 2915 3063 3131 Und wie war das mit der Kleinen? Er hat sie
711 3081 3182 3276 dem Engländer überlassen. Er denkt genau nach.
718 3250 2929 3442 Wir waren in Mürren, in Interlaken. In der
703 3427 2983 3629 Hall. Er plauderte mit ihr. Im Scherz fragt
