<?xml version="1.0" encoding="UTF-8" standalone="yes"?>
<PcGts xmlns="http://schema.primaresearch.org/PAGE/gts/pagecontent/2013-07-15" xmlns:xsi="http://www.w3.org/2001/XMLSchema-instance" xsi:schemaLocation="http://schema.primaresearch.org/PAGE/gts/pagecontent/2013-07-15 http://schema.primaresearch.org/PAGE/gts/pagecontent/2013-07-15/pagecontent.xsd">
    <Metadata>
        <Creator>prov=READ-COOP:name=TrHtr:version=2.1.0:model_id=51170:date=15_08_2023_00:21</Creator>
        <Created>2023-05-10T15:00:53.048+02:00</Created>
        <LastChange>2023-08-15T00:21:54.693+02:00</LastChange>
        <TranskribusMetadata docId="1428699" pageId="55428466" pageNr="25" tsid="132832097" status="IN_PROGRESS" userId="64420" imgUrl="https://files.transkribus.eu/Get?id=DCYAHZMMBELFWMGIOVZLGTFL&amp;fileType=view" xmlUrl="https://files.transkribus.eu/Get?id=AITVRMQYBOIXAVSDZUSOFZTE" imageId="44702539"/>
    </Metadata>
    <Page imageFilename="1428699_0025.jpg" imageWidth="3464" imageHeight="4088">
        <ReadingOrder>
            <OrderedGroup id="ro_1711807643615" caption="Regions reading order">
                <RegionRefIndexed index="0" regionRef="tr_1"/>
                <RegionRefIndexed index="1" regionRef="tr_2"/>
            </OrderedGroup>
        </ReadingOrder>
        <TextRegion id="tr_1" custom="readingOrder {index:0;}">
            <Coords points="689,364 3070,364 3070,2015 689,2015"/>
            <TextLine id="tr_1_tl_1" custom="readingOrder {index:0;}">
                <Coords points="2856,459 2884,459 2890,453 2909,468 2936,459 2952,444 2980,441 2983,308 2967,308 2958,317 2946,314 2933,327 2921,320 2893,339 2859,339"/>
                <Baseline points="2873,417 2897,420 2942,420 2986,414"/>
                <TextEquiv>
                    <Unicode>21</Unicode>
                </TextEquiv>
            </TextLine>
            <TextLine id="tr_1_tl_2" custom="readingOrder {index:1;}">
                <Coords points="693,724 2927,622 3001,496 703,558"/>
                <Baseline points="713,674 725,674 769,674 814,671 859,671 904,671 948,671 993,668 1038,668 1083,665 1127,662 1172,659 1217,659 1262,656 1306,653 1351,650 1396,650 1441,644 1486,644 1530,641 1575,641 1620,638 1665,638 1709,635 1754,632 1799,629 1844,626 1888,620 1933,620 1978,620 2023,620 2067,617 2112,614 2157,611 2202,611 2246,611 2291,608 2336,605 2381,602 2425,602 2470,599 2515,596 2560,593 2604,590 2649,587 2694,587 2739,581 2784,578 2828,575 2873,572 2918,572 2963,569 3007,569"/>
                <TextEquiv>
                    <Unicode>er sie: Gefällt er dir besser? Ja. Er atmet</Unicode>
                </TextEquiv>
            </TextLine>
            <TextLine id="tr_1_tl_3" custom="readingOrder {index:2;}">
                <Coords points="678,847 918,900 1581,804 1729,860 1926,789 2520,807 2567,662 1337,755 684,730"/>
                <Baseline points="695,835 737,832 781,829 826,829 871,829 916,826 960,823 1005,823 1050,820 1095,817 1139,814 1184,811 1229,811 1274,808 1318,805 1363,802 1408,802 1453,802 1497,796 1542,796 1587,793 1632,790 1676,787 1721,787 1766,784 1811,778 1856,778 1900,778 1945,778 1990,772 2035,769 2079,766 2124,766 2169,763 2214,760 2258,757 2303,754 2348,754 2393,748 2437,748 2482,748 2527,748 2572,748"/>
                <TextEquiv>
                    <Unicode>auf. Ich lasse dir alle Freiheiten.</Unicode>
                </TextEquiv>
            </TextLine>
            <TextLine id="tr_1_tl_4" custom="readingOrder {index:3;}">
                <Coords points="672,1004 3001,927 3072,783 678,894"/>
                <Baseline points="689,993 698,990 743,987 787,984 832,981 877,981 922,978 966,978 1011,975 1056,972 1101,972 1145,969 1190,963 1235,963 1280,960 1324,960 1369,957 1414,954 1459,954 1503,948 1548,951 1593,948 1638,951 1682,945 1727,939 1772,942 1817,939 1861,933 1906,933 1951,928 1996,925 2041,925 2085,922 2130,922 2175,919 2220,919 2264,916 2309,913 2354,910 2399,907 2443,904 2488,901 2533,898 2578,898 2622,895 2667,892 2712,889 2757,889 2801,889 2846,889 2891,883 2936,880 2980,874 3025,874 3070,868"/>
                <TextEquiv>
                    <Unicode>Am nächsten Tag sagt sie ihm. Er hat mir den</Unicode>
                </TextEquiv>
            </TextLine>
            <TextLine id="tr_1_tl_5" custom="readingOrder {index:4;}">
                <Coords points="672,1177 3007,1078 3050,971 678,1063"/>
                <Baseline points="692,1145 728,1142 772,1139 817,1136 862,1136 907,1136 951,1136 996,1136 1041,1136 1086,1133 1130,1127 1175,1124 1220,1121 1265,1118 1309,1115 1354,1115 1399,1113 1444,1113 1488,1107 1533,1107 1578,1104 1623,1101 1668,1098 1712,1098 1757,1092 1802,1089 1847,1092 1891,1089 1936,1083 1981,1083 2026,1080 2070,1077 2115,1077 2160,1074 2205,1074 2249,1071 2294,1068 2339,1068 2384,1065 2428,1059 2473,1059 2518,1056 2563,1056 2607,1053 2652,1050 2697,1047 2742,1047 2787,1044 2831,1044 2876,1041 2921,1035 2966,1032 3010,1032 3055,1032"/>
                <TextEquiv>
                    <Unicode>Antrag gestellt mit ihm nach Amerika zu rei-</Unicode>
                </TextEquiv>
            </TextLine>
            <TextLine id="tr_1_tl_6" custom="readingOrder {index:5;}">
                <Coords points="678,1319 810,1359 940,1294 1467,1297 1497,1285 1501,1196 1313,1211 1269,1177 1131,1220 992,1199 869,1239 681,1223"/>
                <Baseline points="695,1298 701,1298 745,1295 790,1295 835,1292 880,1292 925,1289 969,1286 1014,1283 1059,1283 1104,1283 1148,1280 1193,1277 1238,1274 1283,1268 1327,1268 1372,1268 1417,1268 1462,1268 1506,1268"/>
                <TextEquiv>
                    <Unicode>sen. Nimm’s an.</Unicode>
                </TextEquiv>
            </TextLine>
            <TextLine id="tr_1_tl_7" custom="readingOrder {index:6;}">
                <Coords points="690,1485 1411,1439 1926,1470 2083,1427 2089,1288 1430,1371 1199,1316 696,1365"/>
                <Baseline points="707,1450 751,1450 796,1450 841,1447 886,1447 930,1447 975,1444 1020,1438 1065,1435 1110,1432 1154,1432 1199,1426 1244,1426 1289,1423 1333,1420 1378,1420 1423,1417 1468,1417 1512,1417 1557,1414 1602,1411 1647,1408 1691,1405 1736,1399 1781,1399 1826,1396 1870,1393 1915,1393 1960,1390 2005,1387 2049,1387 2094,1381"/>
                <TextEquiv>
                    <Unicode>Ja, ob es aber auch so war?</Unicode>
                </TextEquiv>
            </TextLine>
            <TextLine id="tr_1_tl_8" custom="readingOrder {index:7;}">
                <Coords points="684,1652 1544,1578 2228,1624 2557,1522 2927,1550 3007,1430 690,1516"/>
                <Baseline points="704,1602 731,1602 775,1599 820,1599 865,1599 910,1596 954,1593 999,1593 1044,1593 1089,1590 1133,1587 1178,1587 1223,1584 1268,1584 1312,1581 1357,1575 1402,1572 1447,1569 1491,1569 1536,1566 1581,1563 1626,1563 1671,1560 1715,1560 1760,1557 1805,1554 1850,1554 1894,1551 1939,1548 1984,1548 2029,1542 2073,1539 2118,1539 2163,1536 2208,1536 2252,1536 2297,1533 2342,1530 2387,1527 2431,1527 2476,1524 2521,1521 2566,1521 2610,1515 2655,1515 2700,1509 2745,1509 2789,1506 2834,1503 2879,1500 2924,1497 2969,1497 3013,1497"/>
                <TextEquiv>
                    <Unicode>War er nicht eifersüchtig? Hat er sie nicht</Unicode>
                </TextEquiv>
            </TextLine>
            <TextLine id="tr_1_tl_9" custom="readingOrder {index:8;}">
                <Coords points="693,1803 2708,1676 3044,1732 3050,1605 699,1698"/>
                <Baseline points="713,1760 731,1757 775,1757 820,1754 865,1754 910,1751 954,1751 999,1748 1044,1745 1089,1745 1133,1742 1178,1739 1223,1739 1268,1739 1312,1733 1357,1736 1402,1733 1447,1727 1491,1727 1536,1721 1581,1721 1626,1718 1671,1715 1715,1715 1760,1712 1805,1709 1850,1709 1894,1703 1939,1700 1984,1700 2029,1697 2073,1694 2118,1691 2163,1691 2208,1688 2252,1685 2297,1685 2342,1688 2387,1685 2431,1682 2476,1676 2521,1676 2566,1673 2610,1671 2655,1668 2700,1665 2745,1668 2789,1662 2834,1662 2879,1659 2924,1656 2969,1653 3013,1650 3058,1650"/>
                <TextEquiv>
                    <Unicode>ermordet? ImWald? Und hat es vergessen? Dum-</Unicode>
                </TextEquiv>
            </TextLine>
            <TextLine id="tr_1_tl_10" custom="readingOrder {index:9;}">
                <Coords points="690,1935 758,1929 789,1954 847,1913 890,1947 946,1926 992,1944 1069,1929 1125,1957 1220,1960 1226,1836 1183,1824 1118,1840 1057,1818 980,1840 921,1818 823,1833 761,1796 696,1824"/>
                <Baseline points="707,1915 740,1915 784,1909 829,1909 874,1906 919,1906 963,1906 1008,1903 1053,1900 1098,1897 1142,1894 1187,1894 1232,1897"/>
                <TextEquiv>
                    <Unicode>me Träume.</Unicode>
                </TextEquiv>
            </TextLine>
            <TextLine id="tr_1_tl_11" custom="readingOrder {index:10;}">
                <Coords points="807,2034 2542,2024 2625,2009 2638,1812 2191,1855 2068,1796 1294,1966 813,1907"/>
                <Baseline points="826,1999 847,2002 892,2002 936,2005 981,2002 1026,2002 1071,1999 1115,1999 1160,1999 1205,1996 1250,1993 1295,1990 1339,1987 1384,1984 1429,1984 1474,1984 1518,1981 1563,1978 1608,1978 1653,1975 1697,1972 1742,1969 1787,1966 1832,1966 1876,1963 1921,1960 1966,1960 2011,1957 2055,1954 2100,1951 2145,1948 2190,1942 2234,1933 2279,1924 2324,1921 2369,1915 2414,1912 2458,1912 2503,1915 2548,1915 2593,1918 2637,1921"/>
                <TextEquiv>
                    <Unicode>Spapiergang mit Fräulein Formen.</Unicode>
                </TextEquiv>
            </TextLine>
        </TextRegion>
        <TextRegion id="tr_2" custom="readingOrder {index:1;}">
            <Coords points="164,2020 3165,2020 3165,3784 164,3784"/>
            <TextLine id="tr_2_tl_1" custom="readingOrder {index:0;}">
                <Coords points="548,2148 1023,2148 1297,2092 1821,2114 1827,1990 1525,2046 1457,2012 1414,2049 1276,2015 1214,2055 1149,2018 897,2055 776,1994 555,2043"/>
                <Baseline points="566,2139 578,2136 623,2130 668,2127 713,2118 757,2118 802,2115 847,2115 892,2112 936,2109 981,2109 1026,2103 1071,2100 1115,2100 1160,2097 1205,2091 1250,2088 1295,2085 1339,2085 1384,2082 1429,2082 1474,2082 1518,2082 1563,2079 1608,2079 1653,2073 1697,2076 1742,2076 1787,2076 1832,2070"/>
                <TextEquiv>
                    <Unicode>he ist to on the wehueur..</Unicode>
                </TextEquiv>
            </TextLine>
            <TextLine id="tr_2_tl_2" custom="readingOrder {index:1;}">
                <Coords points="684,2234 1365,2237 1476,2289 1750,2237 1756,2098 1316,2092 1189,2151 866,2166 690,2145"/>
                <Baseline points="704,2223 728,2220 772,2220 817,2217 862,2214 907,2217 951,2214 996,2214 1041,2214 1086,2211 1130,2208 1175,2205 1220,2202 1265,2199 1309,2196 1354,2193 1399,2190 1444,2187 1488,2187 1533,2187 1578,2187 1623,2184 1668,2181 1712,2181 1757,2181"/>
                <TextEquiv>
                    <Unicode>Wieder in die Stadt.</Unicode>
                </TextEquiv>
            </TextLine>
            <TextLine id="tr_2_tl_3" custom="readingOrder {index:2;}">
                <Coords points="163,2302 234,2314 342,2265 379,2289 459,2271 530,2289 561,2274 564,2169 524,2163 505,2178 438,2160 357,2191 336,2178 166,2188"/>
                <Baseline points="179,2279 211,2276 256,2270 301,2267 346,2261 390,2261 435,2261 480,2264 525,2264 569,2270"/>
                <TextEquiv>
                    <Unicode>Lre sane</Unicode>
                </TextEquiv>
            </TextLine>
            <TextLine id="tr_2_tl_4" custom="readingOrder {index:3;}">
                <Coords points="690,2413 2092,2391 2200,2326 2671,2333 2678,2243 2243,2197 1479,2286 699,2274"/>
                <Baseline points="710,2381 713,2378 757,2378 802,2375 847,2375 892,2372 936,2369 981,2369 1026,2366 1071,2366 1115,2363 1160,2360 1205,2360 1250,2360 1295,2354 1339,2354 1384,2351 1429,2348 1474,2345 1518,2342 1563,2339 1608,2339 1653,2336 1697,2333 1742,2330 1787,2330 1832,2327 1876,2327 1921,2324 1966,2321 2011,2318 2055,2315 2100,2312 2145,2309 2190,2309 2234,2306 2279,2306 2324,2300 2369,2300 2414,2297 2458,2297 2503,2297 2548,2291 2593,2291 2637,2291 2682,2294"/>
                <TextEquiv>
                    <Unicode>Zum Bruder.Er will ihn direkt fragen.</Unicode>
                </TextEquiv>
            </TextLine>
            <TextLine id="tr_2_tl_5" custom="readingOrder {index:4;}">
                <Coords points="145,2410 274,2385 444,2391 496,2369 539,2391 616,2382 616,2323 545,2280 419,2296 370,2323 299,2289 234,2314 148,2296"/>
                <Baseline points="164,2375 176,2375 220,2375 265,2375 310,2372 355,2372 399,2369 444,2366 489,2363 534,2363 578,2363 623,2363"/>
                <TextEquiv>
                    <Unicode>Cheni in</Unicode>
                </TextEquiv>
            </TextLine>
            <TextLine id="tr_2_tl_6" custom="readingOrder {index:5;}">
                <Coords points="684,2582 955,2527 1516,2597 1861,2511 2329,2499 2369,2360 693,2453"/>
                <Baseline points="704,2533 716,2533 760,2533 805,2530 850,2527 895,2527 939,2524 984,2521 1029,2524 1074,2521 1118,2521 1163,2518 1208,2515 1253,2512 1298,2506 1342,2506 1387,2503 1432,2503 1477,2500 1521,2497 1566,2494 1611,2491 1656,2488 1700,2485 1745,2485 1790,2482 1835,2479 1879,2476 1924,2476 1969,2476 2014,2473 2058,2470 2103,2467 2148,2461 2193,2461 2237,2458 2282,2455 2327,2455 2372,2449"/>
                <TextEquiv>
                    <Unicode>Soll ich schon wieder arbeiten?</Unicode>
                </TextEquiv>
            </TextLine>
            <TextLine id="tr_2_tl_7" custom="readingOrder {index:6;}">
                <Coords points="176,2505 274,2487 348,2524 394,2490 465,2471 567,2483 604,2462 607,2419 493,2400 471,2416 367,2385 348,2400 302,2385 246,2406 179,2397"/>
                <Baseline points="193,2470 205,2470 250,2470 295,2473 340,2473 384,2473 429,2470 474,2467 519,2464 563,2458 608,2461"/>
                <TextEquiv>
                    <Unicode>pour m'a</Unicode>
                </TextEquiv>
            </TextLine>
            <TextLine id="tr_2_tl_8" custom="readingOrder {index:7;}">
                <Coords points="179,2613 203,2607 287,2659 348,2613 413,2625 542,2597 576,2585 579,2496 524,2480 478,2496 447,2480 376,2530 320,2514 293,2530 246,2490 219,2505 182,2499"/>
                <Baseline points="196,2569 223,2575 268,2578 313,2581 358,2578 402,2578 447,2578 492,2572 537,2566 581,2560"/>
                <TextEquiv>
                    <Unicode>guloe.</Unicode>
                </TextEquiv>
            </TextLine>
            <TextLine id="tr_2_tl_9" custom="readingOrder {index:8;}">
                <Coords points="687,2727 758,2702 844,2748 912,2727 1054,2730 1060,2579 1026,2561 980,2588 931,2582 869,2622 810,2616 773,2588 693,2604"/>
                <Baseline points="704,2688 707,2685 751,2685 796,2682 841,2682 886,2679 930,2676 975,2676 1020,2673 1065,2673"/>
                <TextEquiv>
                    <Unicode>Gewiss.</Unicode>
                </TextEquiv>
            </TextLine>
            <TextLine id="tr_2_tl_10" custom="readingOrder {index:9;}">
                <Coords points="684,2878 1112,2832 1722,2875 1833,2838 1843,2653 1655,2668 1485,2752 690,2748"/>
                <Baseline points="704,2843 725,2843 769,2843 814,2837 859,2834 904,2831 948,2831 993,2831 1038,2828 1083,2825 1127,2825 1172,2822 1217,2819 1262,2819 1306,2819 1351,2819 1396,2819 1441,2810 1486,2807 1530,2807 1575,2804 1620,2801 1665,2795 1709,2795 1754,2792 1799,2789 1844,2792"/>
                <TextEquiv>
                    <Unicode>Symptome. Augenlid?"</Unicode>
                </TextEquiv>
            </TextLine>
            <TextLine id="tr_2_tl_11" custom="readingOrder {index:10;}">
                <Coords points="687,2998 2903,2955 2912,2736 2089,2881 693,2887"/>
                <Baseline points="704,2995 719,2995 763,2995 808,2992 853,2992 898,2992 942,2986 987,2983 1032,2983 1077,2977 1121,2977 1166,2974 1211,2974 1256,2974 1300,2972 1345,2972 1390,2966 1435,2966 1480,2963 1524,2963 1569,2957 1614,2954 1659,2951 1703,2951 1748,2951 1793,2948 1838,2948 1882,2948 1927,2942 1972,2942 2017,2942 2061,2936 2106,2933 2151,2930 2196,2930 2240,2924 2285,2921 2330,2918 2375,2918 2419,2912 2464,2912 2509,2909 2554,2906 2599,2903 2643,2900 2688,2900 2733,2897 2778,2894 2822,2894 2867,2891 2912,2894"/>
                <TextEquiv>
                    <Unicode>Gar nichts. Einbildung. Was hast du denn?</Unicode>
                </TextEquiv>
            </TextLine>
            <TextLine id="tr_2_tl_12" custom="readingOrder {index:11;}">
                <Coords points="684,3201 2955,3094 3158,3041 3164,2933 690,3060"/>
                <Baseline points="701,3154 704,3154 748,3151 793,3151 838,3148 883,3145 928,3142 972,3142 1017,3139 1062,3136 1107,3133 1151,3130 1196,3130 1241,3127 1286,3127 1330,3124 1375,3124 1420,3121 1465,3118 1509,3115 1554,3115 1599,3112 1644,3109 1688,3106 1733,3106 1778,3103 1823,3106 1867,3100 1912,3100 1957,3097 2002,3094 2046,3091 2091,3091 2136,3088 2181,3085 2226,3082 2270,3076 2315,3076 2360,3073 2405,3073 2449,3070 2494,3067 2539,3061 2584,3061 2628,3058 2673,3055 2718,3052 2763,3052 2807,3052 2852,3046 2897,3046 2942,3046 2986,3040 3031,3037 3076,3034 3121,3034 3165,3034"/>
                <TextEquiv>
                    <Unicode>Du hast mir das Wort gegeben,wenn der Wahnsim</Unicode>
                </TextEquiv>
            </TextLine>
            <TextLine id="tr_2_tl_13" custom="readingOrder {index:12;}">
                <Coords points="693,3309 1658,3328 1759,3269 2141,3278 2148,3168 1565,3164 1115,3235 968,3171 696,3223"/>
                <Baseline points="710,3303 719,3306 763,3303 808,3303 853,3303 898,3300 942,3300 987,3294 1032,3294 1077,3291 1121,3288 1166,3288 1211,3285 1256,3285 1300,3282 1345,3279 1390,3279 1435,3276 1480,3276 1524,3273 1569,3267 1614,3264 1659,3261 1703,3261 1748,3261 1793,3255 1838,3255 1882,3252 1927,3249 1972,3249 2017,3249 2061,3246 2106,3240 2151,3237"/>
                <TextEquiv>
                    <Unicode>naht,so bringst du mich um.</Unicode>
                </TextEquiv>
            </TextLine>
            <TextLine id="tr_2_tl_14" custom="readingOrder {index:13;}">
                <Coords points="678,3500 857,3547 1066,3494 1972,3513 1984,3275 1377,3374 1054,3309 977,3359 687,3331"/>
                <Baseline points="698,3455 734,3458 778,3455 823,3455 868,3455 913,3455 957,3455 1002,3452 1047,3449 1092,3446 1136,3440 1181,3440 1226,3437 1271,3434 1315,3434 1360,3434 1405,3434 1450,3434 1494,3431 1539,3425 1584,3422 1629,3419 1673,3416 1718,3413 1763,3413 1808,3410 1853,3407 1897,3407 1942,3404 1987,3407"/>
                <TextEquiv>
                    <Unicode>Ich erinnere mich nicht.</Unicode>
                </TextEquiv>
            </TextLine>
            <TextLine id="tr_2_tl_15" custom="readingOrder {index:14;}">
                <Coords points="693,3661 712,3661 740,3639 755,3639 767,3651 783,3642 801,3648 810,3639 832,3651 881,3651 884,3531 847,3510 783,3522 767,3506 696,3500"/>
                <Baseline points="710,3622 754,3625 799,3622 844,3622 889,3619"/>
                <TextEquiv>
                    <Unicode>Oh!</Unicode>
                </TextEquiv>
            </TextLine>
            <TextLine id="tr_2_tl_16" custom="readingOrder {index:15;}">
                <Coords points="675,3818 1507,3771 1633,3821 1778,3765 1910,3808 2064,3744 2175,3815 2342,3784 2351,3620 2126,3574 1501,3667 1310,3614 681,3704"/>
                <Baseline points="695,3771 698,3771 743,3774 787,3774 832,3774 877,3774 922,3771 966,3771 1011,3768 1056,3765 1101,3765 1145,3759 1190,3759 1235,3756 1280,3753 1324,3753 1369,3750 1414,3747 1459,3744 1503,3741 1548,3741 1593,3738 1638,3738 1682,3735 1727,3732 1772,3729 1817,3726 1861,3726 1906,3723 1951,3720 1996,3720 2041,3717 2085,3715 2130,3712 2175,3712 2220,3709 2264,3709 2309,3709 2354,3706"/>
                <TextEquiv>
                    <Unicode>So geb ich dir das Wort zurück.</Unicode>
                </TextEquiv>
            </TextLine>
        </TextRegion>
    </Page>
</PcGts>
