3528 4008
897 394 2140 605 Oder als letzter Brief.
894 562 3029 771 Es erscheint notwendig,dass ich vor dem
886 740 3133 917 Besuch, den ich vorhabe, einiges aufzeichne,
869 886 2939 1060 denn es könnte sich etwas ereignen.was
878 1024 2967 1184 freilich noch nicht vorherzusehen ist.
872 1195 3080 1344 Ich muss bemerken, dass ich bis vor kurzer
844 1364 2917 1522 Zeit schwer krank war,nervös.Doch wird
847 1550 3052 1651 es vielleicht besser sein ich erzähle ge-
844 1631 1938 1825 ordnet,sonst,nun ja
827 1794 2874 2025 Wir waren zwei Brüder,wir sind es noch
816 1994 3066 2149 immerhin. Ich bin der ältere. Wir sind im-
799 2132 2216 2270 mer sehr ungleich gewesen.
788 2275 3026 2436 Ach, will ich denn meine Memoiren erzählen
779 2427 2987 2573 Dazu wird nicht Zeit sein in einer Nacht.
785 2590 2992 2790 Wer weiss, ich habe vielleicht lange Zeit.
771 2725 2498 2936 Oder ich zerreisse diesen Brief.
751 2869 2590 3060 Oder es ist alles ein böser Traum.
745 3063 2815 3215 Man setzte einst grosse Hoffnungen auf
740 3192 2998 3383 mich. Es wäre auch etwas aus mir geworden,
734 3341 2998 3532 Jurist oder Klavierspieler. Oh, wie spielte
720 3493 2717 3743 ich. Nun, vielleicht werde ich's noch.
