3576 4056
1662 245 2176 532 Shizze.
2974 342 3116 505 15
2859 438 3216 617 12.8.1912
2908 571 3237 701 (Brioni)
777 734 3098 889 Er trat wie allabendlich nach dem Diner aus
780 892 3092 1061 dem Saal in den Hotelpark.Zigarette.Schön.
777 1058 2333 1227 Herbstlich. Nicht mehr lange.
750 1215 2309 1369 Der Herr X. trat auf ihn zu,
768 1330 3035 1523 Er plaudert meist mit ihm.Ein älterer Herr
765 1508 2911 1659 mit seiner shhönen Frau.Ein junger Mann.
762 1665 2796 1841 Ah,also doch, denkt sich Robert zuerst,
747 1768 3077 1977 Es ist der Bruder meiner Frau, der jahrelang
762 1965 2781 2152 in Amerika war. Aehnlichkeit frappant.
747 2110 2427 2306 Wollen Sie uns Klavier spielen?
741 2300 2457 2439 Er setzt sich ins Zimmer,spielt.
744 2415 2941 2593 Allerlei Leute zu ihm herein,gehen wieder
744 2602 1022 2769 fort.
731 2732 3162 2886 Später der Herr: Kunst. Ja, ich auch. Ich male
728 2877 2950 3062 wieder. Es ist das Meer. Ich will’s Ihnen
728 3107 1121 3267 zeigen.
719 3231 3022 3443 Draussen gehen die Geschwister hin und her,
707 3406 1874 3576 Sie fahren bald fort?
698 3515 2315 3760 Ja,in drei vier Tagen. Urlaub.
