<?xml version="1.0" encoding="UTF-8" standalone="yes"?>
<PcGts xmlns="http://schema.primaresearch.org/PAGE/gts/pagecontent/2013-07-15" xmlns:xsi="http://www.w3.org/2001/XMLSchema-instance" xsi:schemaLocation="http://schema.primaresearch.org/PAGE/gts/pagecontent/2013-07-15 http://schema.primaresearch.org/PAGE/gts/pagecontent/2013-07-15/pagecontent.xsd">
    <Metadata>
        <Creator>prov=READ-COOP:name=TrHtr:version=2.1.0:model_id=51170:date=15_08_2023_00:21</Creator>
        <Created>2023-05-10T15:00:50.680+02:00</Created>
        <LastChange>2023-08-15T00:21:46.722+02:00</LastChange>
        <TranskribusMetadata docId="1428699" pageId="55428344" pageNr="5" tsid="132832067" status="IN_PROGRESS" userId="64420" imgUrl="https://files.transkribus.eu/Get?id=QEUZMDXPADJQQATMDRMYIBWO&amp;fileType=view" xmlUrl="https://files.transkribus.eu/Get?id=BYARVAKUYPVZXRPJVGAHLMWP" imageId="44702417"/>
    </Metadata>
    <Page imageFilename="1428699_0005.jpg" imageWidth="3560" imageHeight="4104">
        <ReadingOrder>
            <OrderedGroup id="ro_1711807609391" caption="Regions reading order">
                <RegionRefIndexed index="0" regionRef="tr_1"/>
                <RegionRefIndexed index="1" regionRef="tr_2"/>
            </OrderedGroup>
        </ReadingOrder>
        <TextRegion id="tr_1" custom="readingOrder {index:0;}">
            <Coords points="847,481 3190,481 3190,2257 847,2257"/>
            <TextLine id="tr_1_tl_1" custom="readingOrder {index:0;}">
                <Coords points="859,569 2977,558 3069,543 3069,454 859,494"/>
                <Baseline points="874,561 886,558 931,561 976,558 1020,558 1065,558 1110,558 1155,561 1199,558 1244,561 1289,555 1334,555 1379,548 1379,548 1426,552 1471,555 1516,552 1561,552 1605,552 1650,552 1695,549 1740,549 1784,549 1829,549 1874,546 1919,549 1963,549 2008,549 2053,549 2098,549 2143,549 2187,549 2232,546 2277,546 2322,546 2366,543 2411,543 2456,540 2501,540 2545,540 2590,540 2635,540 2680,537 2725,537 2769,534 2814,534 2859,534 2904,534 2948,534 2993,534 3038,531 3074,531"/>
                <TextEquiv>
                    <Unicode>Einer hat Angst wahnsinnig zu werden, verlangt</Unicode>
                </TextEquiv>
            </TextLine>
            <TextLine id="tr_1_tl_2" custom="readingOrder {index:1;}">
                <Coords points="862,724 3089,716 3115,638 862,693"/>
                <Baseline points="877,722 883,722 928,725 973,725 1017,725 1062,728 1107,725 1152,725 1196,725 1241,725 1286,722 1331,722 1375,719 1420,719 1465,719 1510,722 1555,722 1599,722 1644,722 1689,719 1734,716 1778,719 1823,716 1868,716 1913,716 1957,716 2002,716 2047,716 2092,716 2137,716 2181,716 2226,716 2271,713 2316,713 2360,707 2405,707 2450,707 2495,707 2540,707 2584,707 2629,704 2674,704 2719,707 2763,707 2808,704 2853,704 2898,698 2942,698 2987,698 3032,698 3077,698 3122,698"/>
                <TextEquiv>
                    <Unicode>von seinem Bruder, der Arzt ist, dass er ihn bef</Unicode>
                </TextEquiv>
            </TextLine>
            <TextLine id="tr_1_tl_3" custom="readingOrder {index:2;}">
                <Coords points="845,865 3072,871 3046,787 845,796"/>
                <Baseline points="862,862 886,862 931,868 976,874 1020,871 1065,871 1110,871 1155,874 1199,871 1244,871 1289,868 1334,868 1378,871 1423,868 1468,868 1513,868 1558,865 1602,865 1647,868 1692,868 1737,868 1781,868 1826,865 1871,865 1916,865 1960,865 2005,865 2050,865 2095,865 2140,865 2184,862 2229,862 2274,862 2319,859 2363,862 2408,859 2453,859 2498,856 2542,856 2587,856 2632,856 2677,853 2722,850 2766,850 2811,850 2856,850 2901,850 2945,853 2990,853 3035,853 3080,856"/>
                <TextEquiv>
                    <Unicode>Ausbruch des Wahnstens täte (schmerzlos vergf.</Unicode>
                </TextEquiv>
            </TextLine>
            <TextLine id="tr_1_tl_4" custom="readingOrder {index:3;}">
                <Coords points="854,1035 2877,1029 3012,1009 3012,928 854,1000"/>
                <Baseline points="868,1035 871,1035 916,1035 961,1035 1005,1035 1050,1032 1095,1029 1140,1029 1184,1029 1229,1026 1274,1026 1319,1026 1364,1023 1408,1023 1453,1023 1498,1023 1543,1023 1587,1023 1632,1020 1677,1020 1722,1020 1766,1020 1811,1020 1856,1017 1901,1017 1946,1017 1990,1017 2035,1017 2080,1017 2125,1014 2169,1014 2214,1014 2259,1011 2304,1011 2348,1011 2393,1011 2438,1008 2483,1008 2528,1011 2572,1011 2617,1011 2662,1011 2707,1008 2751,1008 2796,1005 2841,1005 2886,1002 2931,999 2975,999 3020,996"/>
                <TextEquiv>
                    <Unicode>te). Dieser Mensch wird nun von einer einigen</Unicode>
                </TextEquiv>
            </TextLine>
            <TextLine id="tr_1_tl_5" custom="readingOrder {index:4;}">
                <Coords points="831,1170 2629,1184 2954,1170 2994,1092 831,1135"/>
                <Baseline points="847,1167 850,1170 895,1172 940,1178 984,1184 1029,1187 1074,1187 1119,1187 1164,1184 1208,1184 1253,1181 1298,1181 1343,1181 1387,1178 1432,1178 1477,1178 1522,1181 1566,1181 1611,1178 1656,1178 1701,1175 1746,1175 1790,1175 1835,1175 1880,1175 1925,1178 1969,1175 2014,1172 2059,1172 2104,1170 2149,1170 2193,1170 2238,1167 2283,1167 2328,1164 2372,1164 2417,1164 2462,1164 2507,1164 2551,1164 2596,1161 2641,1161 2686,1158 2731,1158 2775,1158 2820,1158 2865,1155 2910,1155 2954,1149 2999,1152"/>
                <TextEquiv>
                    <Unicode>Angst gequält (später), dass ihn sein Bruder</Unicode>
                </TextEquiv>
            </TextLine>
            <TextLine id="tr_1_tl_6" custom="readingOrder {index:5;}">
                <Coords points="842,1351 3147,1313 3147,1221 842,1313"/>
                <Baseline points="859,1346 871,1343 916,1343 961,1340 1005,1337 1050,1337 1095,1334 1140,1334 1184,1331 1229,1331 1274,1331 1319,1331 1364,1331 1408,1328 1453,1328 1498,1325 1543,1325 1587,1328 1632,1322 1677,1322 1722,1325 1766,1325 1811,1325 1856,1325 1901,1325 1946,1325 1990,1328 2035,1325 2080,1328 2125,1325 2169,1322 2214,1322 2259,1319 2304,1319 2348,1316 2393,1319 2438,1319 2483,1316 2528,1316 2572,1316 2617,1313 2662,1313 2707,1310 2751,1310 2796,1307 2841,1310 2886,1307 2931,1307 2975,1307 3020,1301 3065,1298 3110,1295 3154,1295"/>
                <TextEquiv>
                    <Unicode>fälschlich für wahnsinnig hält, verfüllt dadurch</Unicode>
                </TextEquiv>
            </TextLine>
            <TextLine id="tr_1_tl_7" custom="readingOrder {index:6;}">
                <Coords points="854,1497 3012,1474 3040,1382 856,1420"/>
                <Baseline points="868,1495 898,1495 943,1492 987,1492 1032,1492 1077,1489 1122,1489 1167,1489 1211,1489 1256,1486 1301,1486 1346,1486 1390,1486 1435,1483 1480,1483 1525,1480 1569,1480 1614,1480 1659,1480 1704,1483 1749,1480 1793,1483 1838,1480 1883,1480 1928,1477 1972,1477 2017,1474 2062,1474 2107,1474 2151,1474 2196,1474 2241,1474 2286,1474 2331,1471 2375,1471 2420,1471 2465,1471 2510,1471 2554,1468 2599,1468 2644,1468 2689,1465 2734,1465 2778,1465 2823,1462 2868,1462 2913,1462 2957,1462 3002,1459 3047,1462"/>
                <TextEquiv>
                    <Unicode>in wirklichen Wahnsinn und bringt endlich sei¬</Unicode>
                </TextEquiv>
            </TextLine>
            <TextLine id="tr_1_tl_8" custom="readingOrder {index:7;}">
                <Coords points="831,1650 928,1661 1322,1641 1325,1546 831,1560"/>
                <Baseline points="847,1647 880,1647 925,1647 970,1644 1014,1644 1059,1644 1104,1641 1149,1641 1193,1641 1238,1638 1283,1635 1328,1635"/>
                <TextEquiv>
                    <Unicode>nen Bruder</Unicode>
                </TextEquiv>
            </TextLine>
            <TextLine id="tr_1_tl_9" custom="readingOrder {index:8;}">
                <Coords points="908,1877 3184,1839 3184,1741 2992,1733 911,1785"/>
                <Baseline points="925,1874 952,1874 996,1871 1041,1871 1086,1871 1131,1868 1175,1865 1220,1865 1265,1868 1310,1868 1355,1862 1399,1859 1444,1862 1489,1862 1534,1862 1578,1862 1623,1862 1668,1862 1713,1859 1758,1859 1802,1856 1847,1856 1892,1853 1937,1853 1981,1856 2026,1856 2071,1859 2116,1856 2160,1856 2205,1856 2250,1856 2295,1856 2340,1847 2384,1844 2429,1844 2474,1841 2519,1841 2563,1838 2608,1835 2653,1835 2698,1832 2742,1832 2787,1829 2832,1826 2877,1826 2922,1826 2966,1826 3011,1826 3056,1829 3101,1832 3145,1832 3190,1838"/>
                <TextEquiv>
                    <Unicode>Beginn, so bleibt er das Knept : gelebennte hisunter-</Unicode>
                </TextEquiv>
            </TextLine>
            <TextLine id="tr_1_tl_10" custom="readingOrder {index:9;}">
                <Coords points="862,1997 2417,2009 2971,1969 2974,1911 865,1934"/>
                <Baseline points="877,1984 919,1981 964,1981 1008,1981 1053,1981 1098,1981 1143,1981 1187,1981 1232,1981 1277,1978 1322,1975 1367,1969 1411,1969 1456,1969 1501,1969 1546,1969 1590,1966 1635,1966 1680,1966 1725,1966 1769,1966 1814,1966 1859,1966 1904,1969 1949,1969 1993,1969 2038,1969 2083,1969 2128,1972 2172,1972 2217,1972 2262,1966 2307,1966 2351,1963 2396,1963 2441,1963 2486,1963 2531,1960 2575,1960 2620,1960 2665,1960 2710,1960 2754,1957 2799,1957 2844,1957 2889,1960 2933,1960 2978,1960"/>
                <TextEquiv>
                    <Unicode>at seer hebt der hatte er es in Erfällt ihnen</Unicode>
                </TextEquiv>
            </TextLine>
            <TextLine id="tr_1_tl_11" custom="readingOrder {index:10;}">
                <Coords points="833,2109 2948,2104 3075,2043 2736,1980 2411,2049 833,2063"/>
                <Baseline points="850,2107 886,2104 931,2104 976,2107 1020,2101 1065,2101 1110,2101 1155,2098 1199,2098 1244,2098 1289,2098 1334,2095 1378,2092 1423,2092 1468,2089 1513,2089 1558,2089 1602,2089 1647,2086 1692,2086 1737,2083 1781,2086 1826,2083 1871,2086 1916,2086 1960,2086 2005,2089 2050,2089 2095,2092 2140,2089 2184,2089 2229,2089 2274,2086 2319,2089 2363,2086 2408,2086 2453,2086 2498,2086 2542,2086 2587,2086 2632,2083 2677,2080 2722,2080 2766,2080 2811,2083 2856,2086 2901,2086 2945,2089 2990,2089 3035,2089 3080,2095"/>
                <TextEquiv>
                    <Unicode>dafür und nicht, erste mich ärterleh. Die ver¬</Unicode>
                </TextEquiv>
            </TextLine>
            <TextLine id="tr_1_tl_12" custom="readingOrder {index:11;}">
                <Coords points="833,2247 2894,2242 2974,2187 2730,2135 2104,2190 2043,2138 1971,2193 1267,2196 1213,2144 833,2204"/>
                <Baseline points="850,2247 877,2244 922,2247 967,2244 1011,2244 1056,2241 1101,2241 1146,2238 1190,2238 1235,2238 1280,2238 1325,2235 1369,2238 1414,2238 1459,2238 1504,2238 1549,2241 1593,2241 1638,2244 1683,2241 1728,2241 1772,2241 1817,2238 1862,2238 1907,2238 1952,2235 1996,2238 2041,2235 2086,2232 2131,2232 2175,2232 2220,2232 2265,2232 2310,2232 2354,2232 2399,2235 2444,2235 2489,2235 2534,2235 2578,2235 2623,2232 2668,2229 2713,2232 2757,2229 2802,2229 2847,2229 2892,2229 2936,2229 2981,2235"/>
                <TextEquiv>
                    <Unicode>dies stellen der Stadt- des Konnete meinen Bruder</Unicode>
                </TextEquiv>
            </TextLine>
        </TextRegion>
        <TextRegion id="tr_2" custom="readingOrder {index:1;}">
            <Coords points="820,2313 3160,2313 3160,3842 820,3842"/>
            <TextLine id="tr_2_tl_1" custom="readingOrder {index:0;}">
                <Coords points="839,2448 1081,2385 1848,2431 3086,2368 3084,2316 842,2302"/>
                <Baseline points="856,2414 901,2396 946,2393 990,2393 1035,2390 1080,2387 1125,2387 1170,2387 1214,2387 1259,2387 1304,2387 1349,2387 1393,2387 1438,2387 1483,2387 1528,2387 1572,2387 1617,2387 1662,2390 1707,2390 1752,2390 1796,2387 1841,2387 1886,2387 1931,2387 1975,2381 2020,2381 2065,2381 2110,2381 2154,2378 2199,2378 2244,2378 2289,2378 2334,2375 2378,2378 2423,2378 2468,2381 2513,2381 2557,2381 2602,2381 2647,2378 2692,2375 2736,2375 2781,2372 2826,2369 2871,2366 2916,2369 2960,2369 3005,2366 3050,2366 3095,2363"/>
                <TextEquiv>
                    <Unicode>leiten warten – daß ich litt hin- und seinem</Unicode>
                </TextEquiv>
            </TextLine>
            <TextLine id="tr_2_tl_2" custom="readingOrder {index:1;}">
                <Coords points="828,2555 2629,2569 3069,2538 3072,2480 1474,2443 828,2509"/>
                <Baseline points="844,2554 883,2545 928,2540 973,2537 1017,2534 1062,2534 1107,2534 1152,2534 1196,2537 1241,2534 1286,2537 1331,2537 1375,2537 1420,2534 1465,2537 1510,2537 1555,2534 1599,2531 1644,2531 1689,2531 1734,2534 1778,2534 1823,2534 1868,2537 1913,2540 1957,2537 2002,2540 2047,2540 2092,2540 2137,2540 2181,2537 2226,2534 2271,2534 2316,2531 2360,2534 2405,2534 2450,2537 2495,2540 2540,2540 2584,2540 2629,2540 2674,2534 2719,2531 2763,2528 2808,2528 2853,2525 2898,2525 2942,2525 2987,2522 3032,2525 3077,2528"/>
                <TextEquiv>
                    <Unicode>eine trepfelen. Es geht zu ihm. Gleichliche</Unicode>
                </TextEquiv>
            </TextLine>
            <TextLine id="tr_2_tl_3" custom="readingOrder {index:2;}">
                <Coords points="845,2681 3155,2707 3155,2650 2813,2581 2644,2652 845,2632"/>
                <Baseline points="862,2680 907,2674 952,2671 996,2671 1041,2671 1086,2671 1131,2668 1175,2671 1220,2674 1265,2677 1310,2677 1355,2680 1399,2680 1444,2677 1489,2677 1534,2674 1578,2674 1623,2671 1668,2674 1713,2674 1758,2674 1802,2674 1847,2674 1892,2674 1937,2677 1981,2677 2026,2677 2071,2677 2116,2677 2160,2677 2205,2677 2250,2677 2295,2677 2340,2677 2384,2680 2429,2680 2474,2680 2519,2680 2563,2680 2608,2680 2653,2680 2698,2680 2742,2677 2787,2677 2832,2680 2877,2683 2922,2683 2966,2683 3011,2689 3056,2695 3101,2695 3145,2701 3160,2701"/>
                <TextEquiv>
                    <Unicode>konnten haben. Wie es wird am ich: - Tuchtlich</Unicode>
                </TextEquiv>
            </TextLine>
            <TextLine id="tr_2_tl_4" custom="readingOrder {index:3;}">
                <Coords points="859,2793 1089,2790 1167,2848 1216,2811 1440,2811 1437,2767 1368,2742 1342,2762 1267,2762 1216,2713 1175,2756 1106,2750 1089,2767 994,2727 957,2744 925,2716 894,2750 859,2750"/>
                <Baseline points="874,2793 919,2790 964,2787 1008,2790 1053,2790 1098,2793 1143,2796 1187,2802 1232,2802 1277,2805 1322,2802 1367,2805 1411,2808 1447,2805"/>
                <TextEquiv>
                    <Unicode>Soll et fliebe</Unicode>
                </TextEquiv>
            </TextLine>
            <TextLine id="tr_2_tl_5" custom="readingOrder {index:4;}">
                <Coords points="1813,3003 1971,2940 3150,2923 3121,2822 1816,2842"/>
                <Baseline points="1829,2939 1856,2942 1901,2945 1946,2945 1990,2942 2035,2939 2080,2942 2125,2939 2169,2939 2214,2936 2259,2936 2304,2936 2348,2931 2393,2925 2438,2925 2483,2922 2528,2922 2572,2922 2617,2919 2662,2916 2707,2916 2751,2913 2796,2913 2841,2913 2886,2913 2931,2913 2975,2916 3020,2916 3065,2919 3110,2919 3154,2928"/>
                <TextEquiv>
                    <Unicode>zu bei, ich bin nicht wlt</Unicode>
                </TextEquiv>
            </TextLine>
            <TextLine id="tr_2_tl_6" custom="readingOrder {index:5;}">
                <Coords points="851,2937 1690,2946 1767,2934 1767,2808 1716,2805 1638,2882 951,2882 914,2845 851,2882"/>
                <Baseline points="865,2933 910,2933 955,2933 999,2931 1044,2931 1089,2933 1134,2936 1178,2933 1223,2936 1268,2933 1313,2936 1358,2936 1402,2936 1447,2936 1492,2933 1537,2933 1581,2933 1626,2933 1671,2933 1716,2931 1760,2936 1772,2936"/>
                <TextEquiv>
                    <Unicode>Au ceci bien Je</Unicode>
                </TextEquiv>
            </TextLine>
            <TextLine id="tr_2_tl_7" custom="readingOrder {index:6;}">
                <Coords points="805,3063 2086,3084 2954,3043 2974,2980 1526,3035 1026,2963 948,3015 885,2951 805,3009"/>
                <Baseline points="820,3062 832,3062 877,3065 922,3068 967,3068 1011,3068 1056,3068 1101,3068 1146,3068 1190,3068 1235,3068 1280,3068 1325,3068 1369,3068 1414,3065 1459,3068 1504,3068 1549,3071 1593,3071 1638,3068 1683,3068 1728,3071 1772,3068 1817,3068 1862,3068 1907,3068 1952,3068 1996,3068 2041,3068 2086,3068 2131,3068 2175,3065 2220,3065 2265,3062 2310,3062 2354,3059 2399,3053 2444,3053 2489,3050 2534,3053 2578,3050 2623,3047 2668,3044 2713,3041 2757,3038 2802,3035 2847,3035 2892,3032 2936,3032 2981,3035"/>
                <TextEquiv>
                    <Unicode>Au t'eut reçu tout été de l'un et... De</Unicode>
                </TextEquiv>
            </TextLine>
            <TextLine id="tr_2_tl_8" custom="readingOrder {index:7;}">
                <Coords points="831,3181 1753,3196 1750,3147 1652,3150 1612,3118 1578,3147 1043,3135 1020,3112 828,3135"/>
                <Baseline points="847,3181 892,3178 937,3181 981,3181 1026,3184 1071,3181 1116,3181 1161,3181 1205,3181 1250,3181 1295,3187 1340,3193 1384,3187 1429,3190 1474,3190 1519,3190 1563,3190 1608,3190 1653,3193 1698,3193 1743,3193 1760,3193"/>
                <TextEquiv>
                    <Unicode>the l d. t    ise...</Unicode>
                </TextEquiv>
            </TextLine>
            <TextLine id="tr_2_tl_9" custom="readingOrder {index:8;}">
                <Coords points="859,3290 1379,3319 1724,3305 1724,3262 1296,3265 1250,3221 1101,3216 1058,3259 974,3259 917,3216 859,3253"/>
                <Baseline points="874,3289 919,3289 964,3295 1008,3295 1053,3298 1098,3298 1143,3298 1187,3301 1232,3301 1277,3301 1322,3304 1367,3304 1411,3304 1456,3304 1501,3301 1546,3298 1590,3298 1635,3298 1680,3298 1725,3304 1731,3304"/>
                <TextEquiv>
                    <Unicode>Sein Llellant, mais</Unicode>
                </TextEquiv>
            </TextLine>
            <TextLine id="tr_2_tl_10" custom="readingOrder {index:9;}">
                <Coords points="871,3420 3046,3448 2983,3336 1029,3371 871,3302"/>
                <Baseline points="886,3417 931,3417 976,3417 1020,3420 1065,3420 1110,3420 1155,3420 1199,3420 1244,3420 1289,3423 1334,3423 1378,3426 1423,3423 1468,3423 1513,3426 1558,3423 1602,3420 1647,3423 1692,3423 1737,3423 1781,3426 1826,3426 1871,3426 1916,3426 1960,3429 2005,3423 2050,3423 2095,3423 2140,3423 2184,3420 2229,3420 2274,3420 2319,3423 2363,3426 2408,3429 2453,3432 2498,3438 2542,3435 2587,3429 2632,3426 2677,3423 2722,3420 2766,3417 2811,3417 2856,3417 2901,3420 2945,3423 2990,3429 3035,3441 3053,3444"/>
                <TextEquiv>
                    <Unicode>Et wa eieren vermehlt jene huis, no oob</Unicode>
                </TextEquiv>
            </TextLine>
            <TextLine id="tr_2_tl_11" custom="readingOrder {index:10;}">
                <Coords points="897,3538 2265,3546 2265,3463 897,3463"/>
                <Baseline points="913,3536 958,3533 1002,3530 1047,3533 1092,3530 1137,3533 1181,3536 1226,3536 1271,3539 1316,3539 1361,3542 1405,3542 1450,3542 1495,3542 1540,3542 1584,3539 1629,3542 1674,3542 1719,3542 1763,3536 1808,3536 1853,3536 1898,3539 1943,3536 1987,3533 2032,3533 2077,3536 2122,3533 2166,3536 2211,3536 2256,3536 2271,3536"/>
                <TextEquiv>
                    <Unicode>not sine nicht geworden:</Unicode>
                </TextEquiv>
            </TextLine>
            <TextLine id="tr_2_tl_12" custom="readingOrder {index:11;}">
                <Coords points="943,3693 2397,3696 2540,3750 2879,3704 2799,3621 2095,3670 1842,3612 1756,3664 1540,3595 1345,3661 1201,3572 1115,3653 943,3627"/>
                <Baseline points="958,3689 1002,3692 1047,3689 1092,3686 1137,3686 1181,3689 1226,3689 1271,3692 1316,3695 1361,3695 1405,3698 1450,3701 1495,3698 1540,3698 1584,3698 1629,3701 1674,3701 1719,3701 1763,3698 1808,3698 1853,3698 1898,3695 1943,3695 1987,3695 2032,3695 2077,3695 2122,3695 2166,3695 2211,3698 2256,3695 2301,3695 2345,3695 2390,3695 2435,3698 2480,3701 2525,3698 2569,3701 2614,3701 2659,3701 2704,3701 2748,3698 2793,3698 2838,3695 2883,3692"/>
                <TextEquiv>
                    <Unicode>Ist Burel. Es bleibt, wie mit ntig, et</Unicode>
                </TextEquiv>
            </TextLine>
            <TextLine id="tr_2_tl_13" custom="readingOrder {index:12;}">
                <Coords points="937,3836 1543,3822 1543,3785 1345,3790 1322,3765 1253,3796 1218,3762 1158,3762 1124,3793 1098,3767 1063,3796 983,3773 937,3799"/>
                <Baseline points="952,3829 967,3829 1011,3832 1056,3826 1101,3826 1146,3823 1190,3820 1235,3820 1280,3820 1325,3820 1369,3817 1414,3817 1459,3814 1504,3811 1549,3814"/>
                <TextEquiv>
                    <Unicode>le volève</Unicode>
                </TextEquiv>
            </TextLine>
        </TextRegion>
    </Page>
</PcGts>
