3544 4056
3044 379 3175 562 12
789 492 1388 682 16.IV.1912.
776 630 1470 834 Angstzstände.
773 770 3093 1006 Wie kommt’s, dass man nicht umgebracht wird?
767 981 3032 1140 Er kommt von einer Reise zurück, auf der er
755 1116 3075 1287 seine letzte Geliebte einem Andern zurückge
755 1253 1348 1458 lassen hat.
743 1443 3160 1595 Er erlebt dort etwa die sache mit dem Irrsin-
734 1568 2656 1727 nigen, der sich plötzlich wohl fühlt.
721 1733 3172 1928 dadurch bekommt er wieder Angst um sich selbst
706 1867 1568 2084 Dies als Anfang,
