3576 4072
1685 222 2149 533 skirre.
3015 400 3145 562 13
2771 482 3171 632 26. VI. 1912.
797 549 3193 889 Am See. Er plaudert mit dem Herrn, auf dessen
800 768 1704 987 Irrsinn er kommt.
784 879 2679 1117 Sonderbar der Irrsinn. Meine Musik.
778 1085 2237 1254 Er hat einmal Angst gehabt,
778 1219 3148 1473 Seine letzte Geliebte haü er zurückgelassen.
768 1387 2399 1577 Ein Jahr war er fort aus Wien.
755 1549 1895 1761 -Nun plötzlich zurück.
755 1707 2841 1873 Brief von seinem Bruder. (von Tausenau?
739 1850 1292 2053 Heimfahrt.
752 1977 3120 2196 In einer kleinen Stadt sonderbares Abenteuer
730 2161 3031 2339 mit zwei Frauen,die plötzlich verschwinden.
724 2310 2053 2520 Hat er sie nur geträumt?
720 2466 3088 2644 Er zieht ins Hotel (Wandel).Sonderbares düs-
724 2625 1311 2796 teres Haus.
752 2723 2501 2996 Soll ich mich wieder einrichten?
698 2967 3028 3098 Er hat nämlich Urlaub genommen wegen seiner
692 3101 2952 3320 Nervosität; ein Jahr lang; hat ganz verges-
695 3250 2104 3437 ssen; sucht wieder Wohnung.
444 3482 2996 3701 J. Seis int. Erlebnis, - das Jahrschuli exeles bei Tüchler
451 3694 819 3843 geles.
