3480 4088
961 434 2186 643 sich das Schnitzel ein
961 623 3092 783 Es wäre doch wohl Zeit meinen Bruder zu
961 777 1456 969 besuchen.
972 884 3180 1112 Ob ich nicht noch einmal eine ordentliche
950 1088 2211 1277 Arbeit beginnen könnte?
964 1274 2038 1431 Was? Klavierspieler.
961 1381 3101 1576 Ich treffe Fräulein Fanny mit ihrer Mut.
953 1596 1148 1736 ter
950 1714 2543 1870 Kommen Sie doch einmal zu uns.
945 1829 2903 2051 Ich verschiebe den Besuch bei meinem
942 1986 2895 2208 Bruder. Ich sehe zu schlecht aus und
939 2150 3114 2337 ferner, ich habe eine kleine Schwäche des
939 2310 2060 2510 Augenlids beobachtet.
