3544 4040
2004 303 3136 529 Referet úber Neuverties 24/du
2044 468 3020 661 nurikosellicheht...
722 526 1955 685 Regelmäs sig ins Bureau.
710 667 1674 829 Besucht die Damen.
1655 673 2111 857 shee flau
707 771 3121 952 Hält um Fanny an. Sie wird ihm gewahrt.Sie ma-
236 897 615 1040 Mitil alwa
710 961 3069 1148 chen Einkäufe.Er führt sie bei seinem Bruder
205 994 594 1120 eur. Rain
233 1092 649 1203 verin, en ccht
719 1089 3182 1288 ein. - (Sie cesself itre usend etwas le istgerichtet über
230 1160 591 1276 sullid te
1359 1224 1558 1313 nich.
202 1255 520 1417 hilleres.
698 1242 3146 1444 Einmal sieht er den Bruder in das Haus hinein
337 1435 514 1551 peur
704 1398 2038 1582 gehen. Ah,er verrät mich.
698 1551 2509 1735 Er geht zu ihm hinauf spät Abends.
698 1701 3069 1876 Ich ge be dir das Wort zurück. Selbst, wenn ich
698 1851 3106 2041 verrückt bin, es wäre ja die Möglichkeit.dass
695 2017 2693 2188 ich gesund würde,gerade durch die Ehe
682 2200 2953 2362 Gewiss.Aber da wir schon davon sprechen,du
679 2326 2980 2503 bist noch nervös. Ich würde bis zum Frühjahr
679 2476 3005 2653 warten. Nun hat er immer räplichere Ampt, dass
242 2479 471 2671 & Red
220 2629 560 2757 mi und
716 2625 2212 2788 ihr den Bruder verpfter und
248 2705 594 2806 ront écier
208 2769 575 2910 Ant. ye
673 2708 3066 2984 Was bleibt übrig? Ich muss mich ihr eröffnen,
177 2864 618 3011 dit was in
165 2938 536 3167 glaubet
667 2916 2879 3136 Und er sagt ihr: Ein Unglück.Versate dich
673 3072 2938 3268 nicht. Mein Bruder ist krank. Aber ich kann
187 3146 529 3348 Sanatorium
661 3241 3036 3430 nichts machen. Er will unsere Ehe stören. Kurz
646 3378 2365 3684 und gut er ist in dich verliebt.
