5111 9826
1297 419 2326 584 Neue Freie Presse.
2975 516 3347 652 Mai 1913
975 573 1226 684 Personen
1315 541 4042 803 und zwar der Kommandant Kapitänleutnant frei, umbständig und durch den Glanz äußern
986 652 2469 806 v. Zastrow und zwei Obermatrosen, sind ertrunken.
2627 760 4039 896 nicht zu gewinnen, jede Unabhängigkeit zu achten
1057 745 2595 910 Stapellauf eines spanischen Schlachtschiffes.
2638 821 4186 964 und den Mann, der die Klarheit und ruhige Sicherheit
2638 885 4025 1003 des Urteils mit ausgezeichneten Eigenschaften des
2007 892 2580 993 El Ferrol, 7. Mai.
1125 903 2598 1079 Heute wurde das Panzerschiff „Alfons XIII.“ glücklich
2652 957 4200 1132 vereint. Wir fühlen uns mit ihm und seinem Lebenswerk
968 935 1573 1107 vom Stapel gelassen.
2652 1007 3541 1150 reng verbunden. Die Redaktion.”
2763 1082 4232 1233 Mit Recht wird in dem obigen Glückwunsch der
1111 1036 2616 1312 „Alfous XIII.“ verdrängt 15.700 Tonnen und soll acht
2652 1129 4222 1312 Redaktion der Wohltätigkeitssinn Rudolf Moses hervor¬
971 1168 1960 1308 30·5=Zentümeter=Geschütze führen.
2656 1233 4247 1383 gehoben. Er übt die Wohltätigkeit im größten und vor¬
2645 1304 4279 1469 nehmsten Stil zum Teil in der Oeffentlichkeit und zu
982 1244 2602 1494 Der französische Gesetzentwurf zur Regelung des
2652 1362 4300 1534 einem vielleicht ebenso großen Teil im stillen. Die be¬
1570 1405 2021 1505 Luftverkehrs.
2638 1416 4286 1598 deutendes seiner Stiftungen ist die Emilie=Rudolf Mosse=
986 1426 2605 1609 Erklärungen des französischen Ministers für öffentliche
2656 1494 4275 1659 Stiftung in der Berliner Vorstadt Wilmersdorf, ein Er¬
1663 1541 1982 1620 Arbeiten.
2641 1552 4247 1720 ziehungsdaus, in dem hundert Kinder verarmter Familien
1111 1563 2595 1709 Paris, 7. Mai. Der Minister für öffentliche Arbeiten
2638 1641 4243 1788 vom 6. bis 16. Lebensjahre aufgenommen, verpflegt und
986 1631 2602 1767 erklärte einem Berichterstatter, daß der von ihm angekündigte
2645 1706 4254 1842 erzogen werden. In seiner Vaterstadt Grätz, deren Ehren¬
1000 1717 2595 1824 Gesetzentwurf zur Regelung des Luft
989 1774 2602 1889 verkehrs den Zweck habe, für die Sicherheit der
2638 1781 4268 1935 bürger er ist, hat er ein Krankenhaus und ein Altenheim
982 1821 2587 1953 Lufischiffahrt und des Publikums zu sorgen, da=
2648 1860 4279 1985 errichtet. Aus Anlaß seines siebzigsten Geburtstages wird
986 1889 2602 2010 Privateigentum zu schützen und die Bedingungen
2648 1910 4254 2064 Rudolf Rosse morgen der Stadt Berlin eine Million
986 1950 2595 2075 des Verkehrs und der Landung festzustellen. Das Gesetz sei
2638 1964 4247 2143 Mark übergeben, aus deren Zinsen jährlich 40 bis
982 2007 2591 2143 sehr liberal, so verbiete es keineswegs grundsätzlich den Flug
2656 2046 4247 2190 50 bedürftige Familien oder Personen mit Beträgen von
978 2082 2602 2186 über Städte und größere Ortschaften. Man werde vielleicht
2652 2114 4247 2265 900 bis 1000 Mark unterstützt werden sollen. An die
996 2132 2598 2258 später eine Mindesthöhe für die Flüge anordnen
2638 2179 3921 2358 Angestellten des Berliner Tageblatt“ werd
1007 2208 3512 2369 müssen. Im allgemeinen behandle die geplante Vorlage die 300.000 Mark verteilt werden.
978 2247 2605 2412 Luftfahrzeuge so, wie gegenwärtig die Automobile behandelt
4021 2261 4232 2398 morgen
3695 2294 3917 2380 Votre Monde
996 2315 1218 2415 werden.
2885 2326 4250 2494 bedeutende Vermögen, das Mosse sich erarbeitet
1007 2380 2598 2512 Die von einem deutschen Rechtsgelehrten erhobene
2659 2372 2835 2466 hat, er
2906 2408 4240 2552 gericht ihm diese großartige Wohltätigkeitsaktion.
993 2415 2595 2566 Forderung, daß die Lustfahrzeuge gewissermaßen den Schiffen
2641 2448 2820 2537 Rudol
2885 2458 4240 2613 Rosse, der aus kleinbürgerlichen Verhältnissen
993 2530 2605 2627 zeichgestellt würden, sei seiner Ansicht nach unberechtigt, denn
2652 2523 2813 2609 hervon
2896 2548 4268 2702 ungen ist, ist heute einer der Reichsten in Deutsch¬
982 2566 2602 2688 eine Eigentümlichkeit des Schiffes bestehe darin, daß es keine
2871 2609 4240 2745 ist unter den Berliner Steuerzahlern der höchst¬
982 2627 2595 2742 Grenzen überschreite. Die Behandlung der aus dem Auslande
2652 2595 2820 2738 besteu.
2871 2670 4240 2820 er besitzt ein Rittergut bei Berlin und sein
978 2691 2806 2820 kommenden Fahrzeuge werde vorläufig auf dem Verwaltungs=
978 2745 2598 2892 wege geregelt werden. Die Regierung werde sich so die volle
2871 2731 4254 2878 auf dem Leipzigerplatz ist eines der vornehmsten
2867 2810 4257 2939 Privathäusern der Reichshauptstadt. Dieses
989 2810 2605 2924 Freiheit für die Verhandlungen wahren, die über diesen
2656 2792 2817 2942 Palais
2889 2874 4197 3007 derst seine Gemäldegalerie, die anzusammeln ihr
986 2881 2613 3032 Gegenstand unter den Mächten geführt werden würden. In
982 2935 2272 3086 Frankreich gebe es bereits über 1800 Fahrzeuge.
2874 2964 4204 3086 liebsten Lebensaufgaben gewesen ist. Sie enthält
2638 2985 2820 3082 namet
2878 3003 4229 3143 ich moderne Kunstwerke von größtem Wert, und
1136 3057 2473 3218 Rudolf Moses siebzigster Geburtstag.
2889 3086 4204 3207 et man unter anderm eines der schönsten Bilden
2889 3150 4222 3283 Israels gemalt hat, und eines der Meisterwerke
1365 3150 2229 3265 Von unserem Korrespondenten.
2881 3211 4247 3362 risten Ludwig v. Hoffmann. Eine überlebens¬
2075 3207 2577 3344 Berlin, 7. Mai.
2860 3272 4171 3412 truppe des Bildhauers Lederer, welche die Mutter
1416 3290 2602 3465 osse, der Verleger des Berliner Tage¬
2860 3347 4032 3480 ersinnbildlicht, ist kürzlich von Rudol
2003 3387 2605 3498 n, und der Chef der
2867 3430 4254 3573 worden, der zur Aufstellung des Bildwerkes
1559 3455 2473 3562 den Annoncenfirma feiert am 8.
2638 3462 4240 3627 einen eigenen stimmungsvollen Raum in seiner Galerie
1355 3512 2616 3634 sten Geburtstag. Es wird ihm an diesem
2806 3551 4257 3695 thauen lassen. Das Palais auf dem Leipzigerplatz
978 3534 2605 3698 Tage ein Album überreicht werden, in welchem die
2853 3641 4283 3756 eine Stätte liebenswürdiger Gastlichkeit. Die gesell¬
975 3652 2602 3770 Bildnisse aller hervorragenden Persönlichkeiten, zu denen
2853 3698 4311 3835 gen Veranstaltungen im Hause Mosse gehören zu
986 3709 2595 3831 Rudolf Mosse in Beziehung getreten ist, mit handschrift¬
2853 3752 4440 3878 ###zendsten und beliebtesten der Berliner Saison,
989 3781 2605 3906 lichen Widmungen versehen, vereinigt sind. Unter diesen
2849 3824 4272 3964 um in irgendeinem anderen Hause finden sich so
986 3842 2602 3985 Widmungen befindet sich diejenige eines Wiener Freundes,
2853 3892 4254 4028 interessante Persönlichkeiten aus allen Kreisen des
978 3906 2598 4053 die zugleich die treffendste Charakteristik des Geseietten
2885 3967 4361 4100 Lebens zusammen. Daß hier eine zugleich vor¬
968 3999 2602 4111 liefert. Die Widmung erinnert an den aus der öster¬
2659 3999 2820 4107 nehme
4247 4064 4490 4265 Monsieur
2860 4028 4265 4175 und behagliche Geselligkeit gepflegt wird, ist nicht
971 4057 2616 4175 reichischen Geschichte bekannten Beinamen Rudolf der
2656 4093 4272 4225 weniger als dem Hausherrn der Hausfrau zu danken,
975 4111 2598 4261 Stifter“ und fährt fort: „Dieser Beiname scheint mir der
2914 4171 4265 4308 Emilie Mosse, die auch in der Wohltätigkeit
968 4182 2602 4318 schönste zu sein, den ein Mensch erwerben kann. Stiften
2648 4197 2813 4304 die in
2878 4240 4261 4365 terin und Mitarbeiterin ihres Mannes ist und
964 4250 2598 4394 und Schaffen, Leben und Arbeit um sich verbreiten, diese
957 4318 2595 4458 männlichste aller Begabungen hat auch Rudolf der
2914 4333 4261 4440 einiger Zeit den Wilhelms=Orden erhalten hat,
2656 4361 2831 4451 eine xxx
2935 4379 4268 4526 höchsten Auszeichnungen, die in Deutschland
1240 4372 1881 4505 der Gränder der groß=
1924 4422 2183 4548 Berlinen
2222 4444 2580 4526 Zeitusa. de
2638 4422 3627 4544 einer Lame zuteil werden können.
3788 4480 3967 4559 G.C.F.P.
3691 4526 4240 4705 Onationen aus den
1842 4354 2136 4705 In le
2645 4680 4240 4838 feiers. Das entspricht, wie im Berliner Tageblatt mit Rechts=
1749 4684 2595 4777 geschaffen, hat sie durch eigene
1573 4748 2598 4867 racht. Er ist der Typus des Self=
2645 4748 4290 4913 hervorgehoben wird, durchaus seinem Wesen. Er liebt es
2652 4831 4261 4981 nicht, sich in den Vordergrund zu stellen und in die große
1720 4856 2605 5006 kleinen. Verhältnissen hervor¬
2645 4885 4247 5039 Oeffentlichkeit hinauszutreten, und er ist trotz der be¬
1494 4935 2598 5060 würde als Sohn eines Arztes im Jahre
2645 4949 4257 5150 deutenden Erfolge, die er im Leben errungen hat, ein
1434 5010 2605 5132 in der Provinz Posen geboren. Seine
2673 5021 3401 5161 schlichter Mann geblieben.
1426 5085 2598 5200 fierte er in der Buchhandlung des Louis
3971 5110 4179 5232 G.F.P.
2638 5107 4279 5333 Die Tragödie der Brüder Grimus v. Grimburg.
1570 5157 2605 5265 des Begründers des „Posener Tage=
1516 5250 2609 5336 ausgelernt hatte, ging er nach Berlin
2924 5243 3971 5397 Der Revolverschuß in der Irrenzelle.
2670 5261 2838 5401 de la
1602 5300 2613 5419 hindern in der Verlagsbuchhandlung
3673 5336 4257 5458 Wien, 7. Mai.
2756 5340 4283 5508 Das Lebensdrema der Brüder Dr. Wilhelm und
1695 5376 2595 5476 Im Jahre 1867 betrat er den
1656 5429 2602 5548 Unternehmers und begründete seine
4404 5394 4591 5515 G.F.P
2638 5429 4265 5591 Anton Grimus v. Grimburg hat in den weitesten
1423 5490 2605 5637 tion. „Zu jener Zeit,“ so schreibt die Zeit¬
4412 5472 4605 5680 de cette
2645 5501 4293 5687 Kreisen unserer Stadt Aufsehen und tiefstes Mitgefühl
960 5548 3061 5659 schrift Der moderne Buchdrucker“, der diese Daten ent¬ hervorgerusen.
971 5619 2587 5763 nommen sind, „war das Anzeigewesen in Deutschland noch
2752 5609 4272 5788 Die genaueren Meldungen über die Bluttat in der
968 5677 2595 5820 sehr wenig entwickelt. Zu der wachsenden Verbreitung der
2656 5695 4247 5863 Zelle des geisteskranken Anton v. Grimburg in der
1222 5770 2595 5888 und dem intensiveren Lesebedürfnis des Bolkes
2659 5795 4247 5928 Ikrenanstalt Quarto bei Genua besagen, daß nicht
1229 5842 2580 5960 Pflege des Annoncenwesens in keinem richtigen
2659 5852 4275 5978 Wilhelm v. Grimburg von seinem kranken Bruder
1383 5913 4261 6128 am verstand noch nicht die Möglichkeiten, Täter, der Geisteskranke Anton aber das
2645 5924 4272 6067 erschossen worden sei, sondern daß Wilhelm der
1276 5960 1512 6060 für die
1552 5988 2587 6089 geschäftliche Propaganda verborgen
1563 6046 2587 6164 Der direkte Verkehr des Publikums
2652 6053 4272 6189 Opfer gewesen ist. Wilhelm v. Grimburg, der seinen
1437 6117 2598 6229 gen war noch recht umständlich und kost=
2659 6128 4247 6250 unglücklichen Bruder in der Irrenanstalt besuchte, um ihn
1616 6196 2602 6300 eine ganz richtige und weitsichtige
2656 6203 4240 6318 von dort nach Wien zu bringen, hat nach den vorliegen¬
2641 6257 4211 6383 den Telegrammen augenscheinlich nicht die Absicht gehabt
1813 6279 2587 6397 eine gewisse Zentralisierung.
2656 6325 4236 6458 den Kranken zu töten, sondern es handelte sich, wenigstens
1713 6318 2591 6440 Grundlage für die spätere
2666 6408 4243 6555 nach seinen glaubwürdigen und psychologisch nicht kurz¬
1641 6393 2577 6558 dieses Zweiges der Tagespresse
2659 6469 4265 6616 weg von der Hand zu weisenden Aussagen, um einen
2641 6540 4229 6659 verhängnisvollen Zufall, um das unvor¬
1813 6526 2580 6651 die Hauptschöpfung Moses.
2666 6612 4229 6741 ergesehene Losgehen der todbringenden Wasse.
1666 6608 2584 6727 Rit gewesen und hat vom liberalen
2709 6684 4240 6802 Es ist kein zureichender Grund vorhanden, an der
1709 6673 2595 6791 Erscheinungen des öffentlichen
2695 6737 4218 6877 antwortung Wilhelm v. Grimburgs zu zweifeln, um
1803 6763 2598 6863 an, wenn es nötig war, mit
2720 6806 4225 6927 mehr als man weiß, mit welch zärtlicher Liebe er an
1885 6831 2591 6938 Daß er seinem Blatte
2691 6866 4232 7006 in geisteskranken Bruder hing, für den er gesorgt hat,
1874 6895 2602 7003 ist eines der schönsten
2788 6956 4247 7078 er seine freie Zeit widmete und pekuniäre
2745 6992 3577 7124 Erstützung angedeihen ließ.
3645 7049 4229 7157 Das Vorspiel zu
2677 7081 4236 7214 sem blutigen Familiendrema läßt erkennen, wie
2691 7160 4236 7282 er Wilhelm das Leben seines Bruders war,
2702 7221 4243 7354 d selbst wenn seine Verantwortung nicht vorliegen
2867 7314 4240 7429 könnte man nur an einen verzweifelten Akt
2831 7383 4240 7501 leids mit dem gelstig dahinsiechenden Bruder oder
2871 7458 4164 7565 an eine Tat der Notwehr gegenüber eine
2810 7512 4189 7633 htsanfall des Kranken denken, unter leinen Um=
2734 7587 4175 7734 den aber an ein irgendwelchen unedlen Motiv
2724 7648 3333 7759 prungenes Verbrechen.
2727 7701 3734 7845 Die Geschichte der Brüder Grimburg,
2777 7798 3817 7906 soll und liest sich wie ein quälendes
3010 7870 3179 7974 nger.
3340 7884 3874 7977 gesvoller Mensch,
