3544 4072
2948 440 3080 573 11
745 490 3154 788 In Todesangst vor seinem Bruder will er flie.
782 715 3126 872 hen.Er will das junge Mädchen mitnehmen, das
779 856 3222 1056 er liebt.Alles ist bereit.Da kommt der Bruder
779 1010 3228 1291 selbst,er,der Wahnsinnige,fühlt sich verfolgt.
761 1232 1531 1361 bringt ihn um.
761 1324 3157 1503 Also der Brief müsste als ein Abschiedsbrief
758 1528 2587 1725 vor der Flucht geschrieben werden.
752 1712 3083 1805 Der Bruder tritt ein statt des Mädchens,das
742 1860 1395 1977 er erwartet.
727 1959 2957 2168 Bevor ich diese Stadt verlasse notier ich
724 2181 2849 2332 alles ganz genau.Wem übergeb ich diesen
708 2298 3151 2519 Brief? Einem Notarz einem Arzt’. Das ist neben-
708 2461 1186 2612 sächlich.
699 2553 3117 2763 Soll ich ihn dir selbst schicken,mein gelieb.
699 2778 3071 2935 ter Bruder? Denn ich liebe dich noch immer, je
671 2935 2495 3083 mehr ich dich beklage umso tiefer
668 3040 2661 3225 Hier bin ich in Sicherheit vorläufig.
668 3197 3145 3391 Er hat ihr geschrieben,dass er sie hier erwar-
678 3373 1167 3570 ten wird.
