3576 4072
3024 327 3411 594 6.VIII.1912
877 607 3219 784 Durch Bekanntschaft mit diesem Wahnsinnigen
874 724 3048 904 wieder seine Angst aus der Jugendzeit,er
868 907 3141 1054 könnte Paralyse fürchten. Von hier aus wäre
865 1066 3150 1219 es möglich die Novelle in jenem alten Plan
907 1219 3222 1360 (Reversde la medaille Glück bei Frauen)
859 1360 1940 1537 aufgehen zu lassen).
865 1498 3237 1684 Im Laufe der Erzählung denkt er an alle jene
847 1699 1600 1850 fernen Dinge.
856 1777 3126 1988 Obwohl es sonst nicht meine Art ist dieses
838 1997 3180 2159 Sache muss ich aufnotieren als seltsames Er
847 2144 2405 2315 lebnis ( Genfersee-Geschichte)
829 2279 3099 2438 Nun gewöhnt er sich an Tagebuch zu schrei-
829 2450 1057 2597 ben.
817 2621 3093 2762 Später erscheint ihm auch das als Symptom.
826 2720 3237 2912 Oder ein Brief und es wird dann, da der Adres-
817 2906 2144 3075 sat stirbt, ein Tagebuch.
