3592 4104
1853 204 2087 327 dʼune manière
2994 285 3114 399 2
629 463 3059 596 Er blickt in den Spiegel: gelähmtes Augenlid,
619 645 1435 748 Pupillenstarre.
609 765 2799 878 Er erschrickt. Hebt nun der Wahnsinn an?
609 933 3204 1034 Es fällt ihm ein, dass er auch nichts mehr arbei¬
612 1108 823 1199 tet.
603 1212 2893 1335 Dann wieder versucht er sich zu beruhigen.
593 1387 3169 1494 Er erinnert sich (plötzlich?) wie er vor vielen
593 1545 3198 1646 Jahren mit seinem Bruder verabredet,dass der ihn
580 1707 2994 1805 schmerzlos vergiften solle, wenn der Wahnsinn
577 1869 1555 1967 bei ihm ausbräche.
570 2002 3130 2116 Erinnerungen an die Jugend. Eltemhaus. Gemeinsa-
564 2193 2618 2271 mes Leben mit dem Bruder, Entfremdung.
564 2317 3133 2430 Er selbst war einmal vermählt. Seine Frau starb
557 2492 839 2595 bald
551 2602 3059 2728 Wieso starb sie? Hab ich sie am Ende gemordet?
548 2812 2978 2893 Dumpfe schwere Erinnerungen. Neue Beruhigung.
541 2945 1733 3049 Besuch bei dem Bruder.
541 3097 1947 3204 Glückliches Familienleben.
528 3285 3039 3373 Er fühlt sich ganzbehaglich,vergisst alle sei-
518 3415 2070 3515 ne wüsten Träume und Sorgen.
518 3583 2832 3684 Plötzlich ein Blick des Bruders, der ihn er.
