3544 4088
630 427 2959 617 schreckt. Was ists? Merkt er mein gelähmtes
623 626 2856 777 Augenlid? Er wird übertrieben lustig. Nun
607 765 3103 970 scheint ihm, dass der Bruder ihn noch sorgsamer
614 980 1205 1083 beobachtet.
610 1137 1034 1253 Er geht
604 1224 2853 1394 Am nächsten Tage besucht er seinen Bruder,
642 1369 3148 1561 (Vielleicht liegt eine Reise dazwischen,auf der
601 1593 1442 1715 er sich erholt).
591 1629 2962 1854 Er sagt dem Bruder:Ich bin nicht wahnsinnig.
588 1828 3135 2005 Der Bruder versteht ihn nicht. Oder tut nur so?
581 2017 3135 2184 Er redet von jener Verpflichtung,die sie in den
581 2191 3113 2329 Studentenjahren vielleicht gegenseitig übernom-
572 2342 2965 2490 men. Er selbst könnte auch Mediziner gewesen
572 2435 3158 2628 sein und dann eine andere Laufbahn eingeschlagen
565 2695 874 2792 haben
556 2766 2965 2933 Der Bruder: Falls ich Dir einmal ein solches
562 2952 2660 3084 Wort gegeben,so nehme ichs eben zurück.
559 3113 3135 3241 Warum nimmst Du’s zurück? Du willst mich beruhi-
562 3267 2994 3447 gen.Wenn Du mich für gesund hieltest müsstest
543 3431 2438 3624 Du ja Dein Wort nicht zurücknehmen.
540 3579 1911 3755 Gut denn, es bleibt dabei.
