3528 4040
2989 304 3132 453 25
747 536 986 679 Wie?
2099 569 3177 780 (dieser n'en Theil selbst).
738 667 2049 849 Glaub mir. Ich kenne ihn.
2918 694 3237 840 staubt.
741 813 3001 968 Und er erfindet furchtbare Lügen über ihn.
729 935 3010 1128 Du darfst auch deiner Mutter nichts sagen.
741 1078 3114 1379 Wir müssen die Stadt verlassen. Du wirst mir
735 1289 1137 1516 folgen.
729 1551 2337 1715 Er reist ab. In seinem Zimmer,
727 1754 2948 1938 Nun wird alles gut. Mein Bruder, der mich
732 1858 3022 2043 für wahnsinnig hält,wird mich nicht verfol.
729 2028 1909 2230 gen. Hier nicht finden.
721 2188 2930 2370 Statt der Geliebten tritt der Bruder ein.
718 2352 2075 2531 Du,Du! Er erschiesst ihn.
712 2439 3031 2689 Die Leute kommen. Er hat in Notwehr gehan-
712 2745 3109 2957 dert. Mein Bruder ist hergekommen,um mich zu
721 2900 2183 3040 ermorden.Er sinkt zusammen.
706 3031 2188 3240 Stimme: Ich muss ihn sehen.
700 3228 2867 3388 Fanny tritt ein.Ihre Mutter ist auch da.
691 3314 3061 3531 Die Vermählung findet ja morgen statt.Gåaub,
703 3454 2992 3671 mir, ich habe eine gute Tat getan. Sein Ende
