4866 9559
783 474 1088 590 sette 10
1566 478 2092 675 Wien, Donnerstag
2695 554 3442 735 Neue Freie Pre-
755 623 2337 779 gewesen sein, der einen Funken von Licht in die geistige
2398 679 3578 843 schwister, sein Bruder Anton ist 32 Jahre alt
739 699 2213 839 Finsternis des Irren bringen konnte. er war es, det
2386 755 2848 847 Heinrich, 87. der
739 787 2149 904 unsagbaren Opfern alle die materiellen Folgen vor
2888 779 3338 920 Angste, Oskar.
2374 819 2839 912 25 Jahre alt.
719 847 2109 964 das unbändige Freiheitsbestreben Antons zeitigte.
2578 876 3494 1004 Anton v. Grimburg hatte pharmakolo
2169 855 2325 976 Jmmert.
719 904 2169 1044 wieder wußte dieser seinen Pflegern zu entweichen
2386 904 3506 1076 trieben und sollte sich der Apothekerlaufba=
731 976 2193 1137 sich in die Ferne zu flüchten, aus der ihn dem
2382 1008 3675 1129 er vor mehr als sechs Jahren geistig umachtet
2454 1052 3627 1209 gien sich bei ihm Spuren von Verfolgungs=
675 1052 1751 1145 Bruder wieder heimbrachte.
827 1117 2329 1249 Neuerdings hatte Wilhelm v. Grimburg das Schicksal
2398 1145 3635 1285 solche Dimensionen annahm, daß nichts übrig
2382 1193 3675 1321 in Wien in einer Irrenanstalt zu internieren.
719 1165 2317 1317 des Bruders in die Hand genommen. Auf seltsamen Ita=
2390 1245 3627 1390 Wilhelm war durch den Schmerz über das Ge=
747 1253 2337 1382 fahrten war Anton nach Genua gelangt, und der Bruder
2382 1309 3779 1510 überwältigt und er verbrachte jede seine Stunde
719 1317 2321 1478 benutzte den ersten freien Tag seines Urlaubes, um zu
2386 1374 2831 1470 tranken Bruder.
735 1390 2145 1526 ihm zu eilen und ihn durch sanftes Zureden zur
2498 1438 3546 1570 Bald gelang es Anton, aus der Irren=
727 1466 2325 1590 reise zu bewegen. Da fällt ein Schutz in der Zelle des
2382 1458 3964 1659 weichen und nach Afrika zu entfliehen.
743 1530 2329 1687 Jren, und ins Herz getroffen linkt der Krank tot
2382 1566 4016 1727 einiger Zeit wurde er als ersinnig aufgegriffen und auf Ver=
755 1611 2325 1727 wieder, durch die Hand des Bruders gefallen, die ihm
2390 1623 3996 1783 anlassung des österreichisch=ungarischen Konsuls privat inter¬
2370 1671 4012 1827 niert, bis ihn Wilhelm v. Grimburg abholte. Derselbe Vor¬
751 1671 2313 1799 seine besten Mannessahre treu und liebreich geopfen hat
2382 1755 3976 1904 gang wiederholte sich mehrfach. Immer war es Dr. Wilhelm
771 1763 2329 1924 Wir lassen unsere Depeschen über die Tragödie der
2382 1815 3980 1992 v. Grimburg, der den Bruder zurückbrachte, die erheblicher
723 1783 1570 1948 Brüder Grimburg folgen.
2370 1864 3904 2028 Kosten dieser Affären trug, wie er denn überhaupt durch
699 1888 2076 2008 Die Ermordung des ierflanigen Bruder
2382 1940 3884 2076 ganzen Jahre hindurch materiell den Kranken, erhalten
707 1952 876 2048 G. P.
2060 1916 2285 2076 8.
920 1960 2076 2080 (Telegenen der denen Ferienmeister.)
2498 2004 3892 2141 Vor einigen Monaten entwich Anton wieder. Die
839 1988 2317 2137 Genna, 7. Mai. Der 43 Jahre alte, erst seit kurzem ver
2382 2044 3956 2205 floh er nach den Kanarischen Inseln, wo er so lan=
980 2092 2305 2197 milie im Irrenhaus von Quarto bei Genua wie
2370 2125 3988 2269 blieb, bis die Anfülle seines Verfolgungswahnsinnes derartig
707 2161 2317 2261 nierte Anton Grimus Ritter d. Grimburg aus Wien
2374 2189 4008 2345 heftig auftraten, daß er festgenommen werden mußte. Durch
719 2201 2329 2354 wurde gestern von seinem Bruder, der ihn im Irren¬
2374 2257 4089 2398 unsere Konsulate wurde die Familie des Irren verständigt,
719 2261 1948 2422 hause besuchte, niedergeschossen.
2386 2313 4000 2466 und auch jetzt war es Wilhelm, der die weite Reise antrat,
839 2325 1787 2458 Der Brudermörder wurde verhaftet.
2390 2378 3880 2514 um den Bruder heimzubringen. Die Brüder gelangten
904 2374 2040 2522 Die vermutlichen Motive der Schrocken
2386 2442 3599 2570 nur bis Genna. Dort weigerte sich Anton,
1137 2494 2040 2582 (Telegenen der denen Ferlen Vestr.)
3611 2502 4097 2615 weiterzureisen.
2370 2506 4012 2655 und da alles gütige Zureden nichts fruchtete, entschloß sich
823 2514 2313 2651 Seuna. 7. Mai. Die Nachricht von der Tragödie in
2374 2562 4012 2711 Dr. Wilhelm, dessen Urlaub abgelaufen war, den Bruder in
715 2550 2313 2711 Irenhause von Quarto hat hier den tiefsten Eindruck hervor
2370 2635 3988 2783 der Anstalt von Quarto zurückzulassen, um ihn später zu
683 2671 2337 2767 gerufen. Was die Motive der Tat anlangt, so wird an¬
2374 2687 2611 2787 holen.
747 2731 2317 2831 genommen / daß Dr. Wilhelm Grimus v. Grimbitt
711 2779 2329 2932 dem Leben seines Bruders, den er sehr zärlich liedte, ein
2478 2719 4012 2904 Vor einigen Tagen trat Dr. Wilhelm v. Grimburg einen
3743 2759 3956 2835 G.H.F.P
2370 2787 3964 2956 neuen Urlaub und gleichzeitig die Fahrt nach Genua zu
723 2852 2329 2968 Ende gesetzt habe, um ihn nicht weiter leiden zu sehen.
2374 2880 3972 3048 Bruder an, den er nun nicht lebend, sondern als Leiche na=
723 2900 2329 3024 Anderseits wird behauptet, daß ein unglücklicher Zufall zu
2374 2944 3904 3076 Wien bringen wird. Wie die Hausgenossen Dr. Will
723 2976 2333 3109 liege und daß eine Unvorsichtigkeit beim Hantieren mit den
2390 3012 3759 3137 v. Grimburgs seinem jüngsten Bruder, der heute
719 3020 2329 3173 Revolver den tödlichen Schuß zur Folge gehadt habe.
2390 3068 3707 3201 Wohnung war, versicherten, trug Dr. Wilhelm
727 3088 2329 3241 Verhör Wilhelm v. Grimus durch den Untersuchungsrichter
2374 3137 3715 3285 immer eine Pistole bei sich. Da diese Pisto###
843 3189 2337 3305 Untersuchungsrichter Lanera und Professor Le-
2374 3209 3338 3309 einer gründlichen Untersuchung der
751 3197 2341 3374 nellini, Dozent für gerichtliche Medizin, haben den Bruder
2382 3257 3370 3378 so kann kaum ein Zweifel darüber,
739 3293 2329 3438 des Getöteten einem vierstündigen Verhöre unter
2386 3313 3237 3474 helm auch diesmal die Waffe im
731 3358 2350 3490 zogen, das bis 3 Uhr morgens währte und über den
2414 3390 2856 3482 G.C.H.S.
727 3394 2305 3574 Ergebnisse das strengste Stillschweigen bewahrt wird. Ma-
2534 3454 2703 3534 in der
1566 3522 2289 3619 Dr. Wilhelm v. Grun
3506 3502 3952 3635 Wien, 7. Mai.
1458 3558 2341 3671 d seines Bruders sei durch einen
2498 3538 4000 3691 Das unfreundlich kühle, windige Wetter hielt auch Tags¬
1257 3639 4085 3815 verursacht worden. Dr. wülzeln v. Stinns | über 7^8 Grad gegen 10:8 Stad gestern. Das Bärmemittel
2378 3643 3988 3759 über an und die Temperatur erhob sich in der Stadt nicht
1092 3687 2309 3795 sch befand mich seit einigen Stunden in der Zel=
791 3731 2341 3864 nes Bruders, die er seit dem 28. März innehatte. Wir
2394 3763 4004 3880 war mit 6·4 Grad um 2•7 Grad niedriger als jenes vor=
743 3783 2257 3924 hatten gegessen und getrunken und lange miteinander
2398 3819 4008 3940 Dienstag. Nachmittags um 4 Uhr war die Temperatur in der
727 3860 3956 4093 sprochen. Als mein Bruder bemerkte, daß ich einen Nieuwwer  / Ausserhängigkeit auf 6-9 Grad gegenüber 87 Grund am 8.
2398 3888 3944 4000 Stadt bei lebhaften Nordwestwind und 78 Prozent relativ
711 3912 2145 4036 trage, zog er mir die Waffe aus der Tasche. Obgleich
715 3992 2125 4101 glaubte, daß die Waffe nicht geladen sei, wollte ich
2410 4016 3699 4121 lage zur selben Zeit registriert. Der Luftdruck
707 4024 2177 4157 doch entreißen. Es entstand ein kleines Handgemenge
2956 4097 3639 4201 und betrug um 4 Uhr
2402 4076 2827 4165 steigende Tende
868 4105 2040 4213 wobei die Waffe losging und eine Kugel mit
2410 4137 2807 4241 neier gegen 73
3008 4161 3342 4297 imeter früh.
739 4157 2048 4277 in die Brust traf. Er fiel rücklings auf das Bett=
2028 4153 2350 4261 einen Bruder
2386 4197 2767 4301 Wolkentreiben
892 4221 2105 4370 sowohl der Untersuchungsrichter als auch
2402 4265 2578 4346 eigentlich
896 4285 2345 4410 lini machten gegenüber dem Verhafteten verschiedene
2153 4253 2333 4362 Professor
2398 4326 2578 4402 hatte.
823 4350 2333 4470 wände gegen seine Angaben. Man weiß nicht, was
2390 4378 2771 4482 rückgangen in
831 4406 2317 4538 auf die Frage antwortete, warum er so sehr daran
2390 4458 2908 4538 einen weit geringen
775 4466 2305 4599 redrungen yade, allein ohne Begleitung von Wättern.
2398 4514 2860 4607 das Frostwetter als
863 4522 1430 4627 in Bruder ausgehen.
2844 4482 3466 4623 auf den Alpenhöhen ein
1514 4562 2165 4647 können. Als ihm die Er¬
2386 4566 2747 4643 Der Einbruch
2852 4546 4024 4691 fühlen Weiters dürfte keine weitere Ver¬
747 4579 1418 4663 verweigert wurde, habe er
1518 4619 2169 4699 fälschlich angegebe
2570 4623 3016 4711 ung erfahren, da
2402 4627 2582 4699 schärfte
3004 4651 3996 4759 sich die allgemeine Wetterlage wesentlich
735 4639 2265 4751 Direktor der Irrenanstalt, Professor Maccabrunt,
2406 4691 4020 4811 günstiger zu gestalten beginnt. Die aus dem Polargebiete
751 4695 2341 4824 ihm die Erlaubnis gegeben, mit dem Wahnsinnigen allein in
2410 4751 3908 4896 üdlich vorgedrungene Antizyklone die das kühle Wetter
735 4747 1297 4864 der Zelle zu bleiben.
3153 4824 3815 4936 im Abzuge begriffen.
1221 4832 1775 4952 heiten des blutigen
3105 4896 3852 5012 Depression vordringt, die durch
851 4880 1944 5032 Ueber die Tat selbst werden noch folge
3137 4964 3872 5073 mit jenem Fallgebiete in
747 4960 2036 5085 bekannt: Im März dieses Jahres kam Anton
3052 5008 3840 5157 gestern im Süben ausbildete,
743 5044 2217 5153 v. Gründurg, ein sympathisch aussehender, etwa 34.
3125 5085 3880 5193 mit dem Kerne über Alb
743 5113 2253 5217 alter Mann in Genua an und stieg im Hotel de France
3024 5141 3952 5249 chen Dalmatien, Ungarn, Serbie
904 5181 2265 5265 atte einen dressierten Affen mitgebracht, mit dem er
2904 5213 4024 5322 nänien Regenwetter verursacht wurde. Aber
847 5261 2277 5342 einem Kinde spielte. Die Gesellschaft der anderen Ge=
2313 5217 4000 5386 auch diese Depression zieht rasch oftwärts ab, während vor
916 5297 4008 5454 otels mied er und so hielt man ihn zunächst für einen / Schriebvesten hoher Lustbruck nachrückt. In Italien ist bereits
1153 5362 2277 5466 Wald aber bemerkte man, daß man es
2406 5370 4008 5522 Ausheiterung eingetreten. Durch diese Veränderungen in den
2390 5418 2554 5510 Durch
1016 5426 2293 5530 stücklichen Irrfinigen zu tun habe, der 1
2699 5450 4000 5579 hältnissen erscheint die Gefahr des Eintrittes vor
1100 5498 2366 5595 dahn befallen war. Da er für sich und seine Un=
2558 5498 4012 5651 kosten in unseren Gegenden nunmehr beseitigt, wenn
952 5563 2281 5643 gefährlich schien, wurde er am 28. März in die Jr=
2518 5571 4012 5711 die Temperatur nachts noch weiter zurückgehen sollte.
843 5603 2281 5715 stalt von Duarto gebracht und seine in Wien wohn
2594 5635 4016 5767 wird sich schon morgen besseres und wärmeres
831 5651 2301 5775 amilie wurde sofort davon verständigt. Sein Bru=
2647 5695 3884 5828 geltend machen und damit bessern sich auch die Be=
767 5743 2273 5832 Dr. Wilhelm Grimus v. Grimburg ist nun vor einigen Tä=
2494 5755 3884 5884 sichten für die Pfingstfeiertage. Für die nächste Zu=
759 5783 2285 5924 hier angekommen und im Hotel Germania abgestiegen. Er
2582 5824 4000 5944 noch wechselnde Bewölkung und sehr kühles Weiter be=
759 5848 2245 5964 suchte oft seinen Bruder und trachtete, es zu erwirken,
2570 5892 3968 6020 ledhaften Nordwestwinden, dann aber abnehmen
747 5924 2317 6024 dieser aus der Irrenanstalt entlassen und ihm anvertro-
2398 5956 3864 6073 Bewölkung bei zunehmender Temperatur zu gewärtigen.
747 5976 2281 6085 werde. Er wollte ihn nach Wien führen und dort in
2474 5992 3864 6141 Die Prognose der Meterologischen Zentralansten
751 6044 2301 6161 Landesheil und Pilegeanstalt am Steinh.
2510 6085 3988 6201 gegen lautet für unsere Gegenden: Wechselnde, später als
884 6105 2293 6249 erbringen lassen. Es scheint, daß die Leitung der An=
2510 6153 3916 6257 nende Bewölkung, sehr kühl, lebhafte nördliche Winde.
1370 6189 2305 6297 g aufgenommen hatte, und der
2506 6209 3884 6318 Von Semwering wird gemeldet: Der heutige
1374 6237 1952 6354 lassen werden sollen.
2426 6261 3755 6370 schrieb zwar sei von Niederschlag, doch hält noch
1522 6269 2301 6426 sich nun Dr. Wilhelm Grin###
2422 6334 3767 6478 Bewölkung an, der Fernblick ist aber frei. Die Not=
1522 6378 2297 6474 In einem Korb trug er ein
2414 6394 3595 6526 imperatur detrug + 8 Grad.
1486 6406 2301 6546 für welche Tiere der Wahnsinn
1498 6494 2305 6607 Wilhelm v. Grimus bat d
2578 6466 3747 6643 Neue Gewalttaten der Zuffragett
1446 6559 2317 6663 einige Zeit mit seine
2438 6559 3832 6703 Ein Bombenattentat gegen die St. Pauls=Kathe
1442 6615 2277 6715 iben zu dürfen. Dies w
2458 6691 3976 6800 London, 7. Mai. In der St. Pauls=Kath
1466 6691 2305 6804 mit der Bemerkung, daß der Geiz
2438 6735 4032 6856 drale wurde heute früh unter dem Stuhle des
1651 6759 2317 6844 wesen sei und in der
1522 6828 2317 6908 gebracht werden müsse. Es wir
2458 6795 3888 6920 Bischofs eine Bomba gefunden. Sie
1518 6888 2269 6984 Fruder im Sprechzim
2450 6872 3663 7045 gefort in Wasser gedaucht und sodann der
1811 6940 2113 7045 Auch der
2699 6956 2884 7045 G. A.
3358 6972 3538 7061 A. W.
1827 7000 2157 7089 ammer auf
2562 6980 3534 7121 London, 7. Mai. In der
1920 7065 2145 7149 en eine
2518 7089 3422 7193 Pauls=Kathedrale und in dem
2450 7153 3490 7265 „Daily Newe“ wurden heute von
2450 7237 3398 7342 gefunden.
1755 7189 2141 7334 Amus erklären.
2518 7285 3474 7406 Ein Kricketpavillon ist
1663 7294 2117 7430 nis gegeben.
2450 7334 3213 7462 erstört worden.
1719 7382 2129 7518 der Wärter in
2888 7382 3498 7563 ist die Schuld den
1831 7490 2121 7567 er auf
1679 7543 2157 7639 in war der Wärter
3064 7543 3342 7675 Die in
1518 7599 2193 7699 e Detonation hörte.
3080 7659 3370 7743 mit
1570 7667 2301 7759 sinnigen auf das B
2771 7711 2940 7800 in der
1727 7731 2241 7828 in der Bru=
1683 7779 2241 7920 Grimus den Körper
