6168 4056
3571 373 5586 621 einem Paar, einem nicht mehr sehrjungen,
3580 573 5523 744 wohlbeleibten Paar, und Tachte so laut,
3568 712 5726 864 dass sie erschraken und ihn gross ansahen.
3511 812 5640 1035 (Er in Verlegenheit nahm seine Zigarrema-
3582 1032 5444 1183 sehe aus dem Rock, oder war es nicht
3574 1186 5595 1359 seine Brieftasche,-nein,es war ganz be-
3580 1305 5666 1471 stimmt seine Zigarrentashe, denn es steck
3597 1476 5885 1642 ten ja Zigarren darin und keine Banknoten.
5452 1570 5840 1719 Kneider.
3585 1630 5569 1761 Nun war es doch seine Brieftasche. Aus
3580 1801 5706 1966 Versehen hatte er sie genommen. Der Irrtum
3580 1915 5566 2098 war leicht gut gemacht. Rechts steckte
3585 2069 5609 2237 die Zigarrentasche,drei Zigarren waren
3580 2212 5632 2374 darin, ja genau so viel als er beim Weg
3600 2383 4797 2565 gehen zu sich gesteckt.
4044 2534 5728 2705 Es war noch nicht spät,er setzte
3600 2676 5566 2864 sich auf eine Bank. Ja, es war ganz si-
3605 2813 5728 3012 cher eine, obzwar nicht darauf geschrieben
3605 2990 5726 3144 stand, dass es eine Bank war und der Teich
3588 3112 5726 3317 drüben, der wohlbekannte war ganz bestimmt
3600 3275 5751 3463 ein weich- oder ein Weiher ober ein kleine
3591 3409 5748 3591 See oder ein weer, ja, es kam nur darauf an,
3611 3591 5654 3771 wie man ihn ansah, für eine Eintagsfliege
