6184 4008
3098 181 3420 327 17.10
3937 674 5469 818 Bis zu diesem Tage war er ein
5299 781 5658 900 (a nt tout)
3744 820 5722 977 völlig normaler Mensch gewesen. Füh um
3736 990 5634 1150 sieben Uhr stand er auf, möglichst ge-
3741 1160 5422 1322 räuschlos, um seine Frau nicht zu
3730 1258 5642 1463 stören,die gern etwas länger schlief,
3741 1434 5528 1596 trank eine Tasse Kaffee,küsste den
3722 1598 5727 1771 achtjährigen Buben auf die stirn, der in
5379 1766 5557 1843 chergh.
3736 1768 5870 1896 die Schule musste,und bemerkte seufleiten
3730 1922 5589 2066 zend zu der sechsjährigen Marie: „Ja,
3722 2060 5514 2238 nächstes Jahr kommst du auch dran."
3733 2212 5706 2419 Während er noch mit der Kleinen scherz-
3722 2339 5642 2536 te,pflegte seine Frau einzutreten und
3717 2520 5552 2711 es gab eine harmloskruhige Unterhal
3728 2676 5499 2849 tung,manchmal sogar recht vergnügt
3725 2825 5626 2995 und immer ruhig, denn es war eine gute
3706 2997 5586 3151 Ehe, ohne Misserständnisse und ohne
4875 3122 5671 3234 nous nous faisent et je
3712 3128 5652 3298 Onzufriedenheit, sie hatten sich gegen-
3781 3252 4144 3356 "  bescheidée
3712 3308 5631 3470 seitig nichts vorzuwerfen. Om ein Uhr
3690 3409 5700 3629 kam er aus dem Geschäft nach Hause, nicht
