6200 4008
3633 443 5716 663 einmal sonderlich müd, denn was er zu tun
3560 615 5612 792 hatte, war weder sehr anstrengender noch
3576 754 5657 948 sehr verantwortungsvoller Natur. Er w ar
3566 926 5638 1098 Abteilungsvorstand, sogenannter Rayonchef
3563 1079 5711 1267 in einem Warenhaus mässigen Ranges in der
4309 1240 5534 1329 (allmals onterlige; - tels d'un tout
3579 1267 5676 1447 Währingerstrasse; dann kam ein einfaches,
4970 1402 5177 1479 son deux
3568 1404 5636 1565 wohl zubereitetes Mittagessen, die Kinder
3568 1533 5711 1732 sassen dabei und waren brav und hübsch, der
3550 1705 5698 1871 Bub erzählte von der Schule, Maxiaxxn die
3539 1885 5636 2027 Mutter von einem Spaziergang, den sie mit
4237 2011 4583 2100 du tout
3536 2041 5496 2234 der Kleinen gemacht hatte, ehe sie den
5410 2156 5810 2341 du Water-
3552 2204 5528 2363 Orbssen von der Schule abgeholt, und er
4946 2317 5217 2430 allerly
3560 2325 5582 2537 selbst berichtete wohl (gelegentlich) von
4339 2462 4675 2564 Erlehnen
3544 2497 5475 2666 geringfügigen Ereignissen,die sich im
5279 2645 5453 2744 &c
3555 2650 5469 2835 Warenhaus zugetragen, (sprach) von (neuen
5695 2749 5904 2902 Londres
5233 2752 5633 2889 of crot Pays
3552 2782 5706 2986 «Crépationen, Sendungen aus Brünn und — Par
4070 2932 4317 3026 He is the
3533 2940 5515 3109 dubitz,erwähnte die besondere Trägheit
5300 3064 5896 3219 un justetant,
3533 3093 5668 3262 des Chefs, der meist erst um zwölf kam, von
3539 3227 5612 3415 irgend einer korischen Erscheinung unter
4095 3388 4352 3482 die...
3531 3394 5606 3582 den Kunden, von einem eleganten Herrn, der
3520 3552 5563 3743 weiss Gott durch weichen zufall sich in
