6184 4024
3641 407 5627 604 die Hauptrolle gespielt und ihm so be-
3656 584 5055 783 sonders gut gefallen hatte.
4037 731 5705 919 am nächsten Morgen begab er sich,
3821 803 4141 931 not all
3639 832 5956 1049 wie es seine Sonntagsgewohnheit war (auf und hu)
3639 965 5754 1191 einen kleinen Ausflug, fuhr mit der Stras-
3650 1116 5705 1306 sen bahn nach Slievering,wanderte auf den
3667 1274 5774 1459 Preim rkstein, wo er einem guten Bekannten
3644 1425 5670 1644 begegnete, mit ihm stehen blieb und über
3644 1558 5716 1760 das schöne Water plauderte, dann spazier-
3650 1728 5583 1951 te er allein (weiter und endlich hinab
3624 1887 5809 2037 nach Neuwaldegg. Er überschritt eine klei-
5598 2029 5786 2124 inke
3644 2037 5766 2228 ne Brücke (wie er es schon) hundert-Mal (ge-
3650 2188 5685 2373 tan, eine wei te grosse Wiese mit prächti-
3639 2329 5673 2529 gen Baumgruppen lagvor ihm, die er weiss
3624 2491 5948 2699 Gott wie oft gesehen, dann fiel sein Blick
3639 2650 5748 2815 von ungefähr auf eine roh hölzerne Tafel,
3624 2789 5754 2965 die an einen Baum am genagelt war und auf
3644 2956 5725 3130 der mit grossen schwarzen Buchstaben, wie
3639 3110 5783 3289 von Kinderhand geschrieben, das Wort „Park“
3650 3263 5664 3477 zu lesen stand. Er erinnerte sich nicht
3639 3419 5711 3575 diese Tafel jemals früher gesehen zu ha-
3644 3552 5794 3745 ben. Sie fiel ihm auf, aber natürlich dach-
