6200 4072
3042 302 3544 472 22./10.1927.
3393 441 5715 653 ehe sie aus dem Mittagschlaf erwacht war.Dann
3390 641 5642 835 begab er sich in das Kaffeehaus und las Zei¬
3399 810 5579 962 tung,vielmehr,er versuchte es nur. All das
3411 959 5591 1119 Gedruckte, das er vor sich sah,erschien ihm
3411 1061 5500 1249 verwirrend und beruhigend zugleich. Hier
3417 1210 5509 1424 standen Namen.Bezeichnungen,über die ein
3420 1394 5742 1600 Zweifel nicht bestehen konnte. Aber die Din-
3411 1509 5845 1702 ge, auf die sich diese Namen bezogen, waren weit.
3423 1672 5697 1863 Es war ganz sonderbar zu denken, dass irgend
3435 1802 5721 2038 eine peziehung bestand zwischen irgend einem
3438 1978 5721 2238 Wort,das da gedruckt war,z.B.:Theater in der
3435 2162 5615 2328 Josefstadt und dem Haus, das ganz wo anders
3447 2289 5624 2495 in einer anderen Strasse stand. Er las die
3447 2446 5660 2673 Namen der Barsteller.Z.B. Dubonet,Advokat -
3456 2628 5794 2782 Herr Mayer. Diesen Herrn Dubonet, das war das
3453 2779 5546 2963 Allerseltsamste, den gab es gar nicht.Den
3456 2879 5567 3142 hatte irgendwer erfunden, aber hier stand
3471 3081 5700 3244 sein Name gedruckt. Der Herr Mayer aber, der
3474 3208 5700 3438 den Dufonet spielte, der existierte wirklich.
3468 3371 5642 3532 Es konnte sein, dass er diesem Herrn Mayer
3495 3529 5667 3740 schon oft auf der Strasse begeget war, ohne
