6168 4056
1470 397 1864 594 "A"
3504 443 5568 643 hr hatte weder bemerkt, dass er die stras
1549 600 1744 758 G.C.H.F.P.
3523 641 5617 819 senbahn verlassen, noch dass er durch sei
3529 780 5593 988 ne Gasse gegangen,noch dass er durch das
3515 944 5582 1161 Haustor getreten, noch dass er die Treppe
3534 1111 5538 1298 hinaufgegangen war. Möglich, dass er he-
3531 1235 5448 1456 raufgeflogen war. Es war besser nicht
3523 1418 5546 1588 weiter darüber nachzudenken. Und da war
3529 1563 5450 1711 seine Frau und der Bub und das Mädel.
3841 1662 4626 1785 Le jouge fut bient un
3523 1741 5546 1883 Er war ganz glücklich. Nun ja,was hätte
3523 1845 5497 2007 indess alles geschehen können? Der Bub
3523 2026 5565 2226 hätte aus dem renster fallen können, das
3523 2176 5637 2368 Haus hätte einstürzen oder auch ein Erd-
5168 2291 5355 2406 two
3540 2332 5686 2505 ben hätte das Haus und sie alle verschlin-
4440 2450 4706 2538 at the
3523 2442 5423 2683 gen können. Und den Park dazu.) Man
3540 2623 5541 2795 setzte sich zu Tisch. Dies war der Sup-
3540 2806 5658 2970 pentopf, dies waren die Suppenteller, Löf
3523 2943 5623 3113 fel,Gabel, Messer. er wusste es von allen
3523 3063 5418 3228 ganz genau. Für ihn musste man keine
3529 3244 5694 3419 Bezeichnungen hinschreiben. Er betrachtete
3545 3384 5746 3537 alle gegenstände sehr sorgfältig. Es stim-
3778 3509 4602 3633 Mooholde gewese fgt
3540 3529 5606 3761 te. Und er erzählte von der Eintagsflie-
