<?xml version="1.0" encoding="UTF-8" standalone="yes"?>
<PcGts xmlns="http://schema.primaresearch.org/PAGE/gts/pagecontent/2013-07-15" xmlns:xsi="http://www.w3.org/2001/XMLSchema-instance" xsi:schemaLocation="http://schema.primaresearch.org/PAGE/gts/pagecontent/2013-07-15 http://schema.primaresearch.org/PAGE/gts/pagecontent/2013-07-15/pagecontent.xsd">
    <Metadata>
        <Creator>prov=READ-COOP:name=TrHtr:version=2.1.0:model_id=51170:date=27_07_2023_23:59</Creator>
        <Created>2023-05-10T11:14:05.493+02:00</Created>
        <LastChange>2023-07-27T23:59:41.652+02:00</LastChange>
        <TranskribusMetadata docId="1428133" pageId="55384478" pageNr="17" tsid="131309454" status="IN_PROGRESS" userId="64420" imgUrl="https://files.transkribus.eu/Get?id=EEEMTAGBXRNYNSOCUGIMRUTQ&amp;fileType=view" xmlUrl="https://files.transkribus.eu/Get?id=IAVOGGIOGFAGWZLMYSZABXTU" imageId="44659377"/>
    </Metadata>
    <Page imageFilename="1428133_0017.jpg" imageWidth="6168" imageHeight="4088">
        <ReadingOrder>
            <OrderedGroup id="ro_1711824530391" caption="Regions reading order">
                <RegionRefIndexed index="0" regionRef="tr_1"/>
            </OrderedGroup>
        </ReadingOrder>
        <TextRegion id="tr_1" custom="readingOrder {index:0;}">
            <Coords points="3544,428 5755,428 5755,3703 3544,3703"/>
            <TextLine id="tr_1_tl_1" custom="readingOrder {index:0;}">
                <Coords points="5341,506 5372,506 5413,487 5465,503 5475,490 5503,487 5497,380 5475,380 5437,358 5410,361 5399,353 5385,358 5363,347 5336,345"/>
                <Baseline points="5355,478 5444,478 5504,484"/>
                <TextEquiv>
                    <Unicode>14</Unicode>
                </TextEquiv>
            </TextLine>
            <TextLine id="tr_1_tl_2" custom="readingOrder {index:1;}">
                <Coords points="3528,651 5574,656 5612,476 3528,533"/>
                <Baseline points="3544,645 3556,639 3645,639 3735,633 3825,633 3914,627 4004,627 4093,627 4183,633 4273,633 4362,627 4452,627 4542,627 4631,633 4721,633 4811,627 4900,627 4990,633 5080,633 5169,627 5259,627 5349,633 5438,633 5528,627 5618,627"/>
                <TextEquiv>
                    <Unicode>ge, die eben ihren Geburtstag feierte.Sie</Unicode>
                </TextEquiv>
            </TextLine>
            <TextLine id="tr_1_tl_3" custom="readingOrder {index:2;}">
                <Coords points="3534,851 3681,796 5645,810 5645,621 5385,697 3534,706"/>
                <Baseline points="3550,788 3591,788 3681,788 3771,788 3860,788 3950,788 4040,788 4129,788 4219,788 4309,782 4398,782 4488,782 4578,788 4667,788 4757,788 4847,788 4936,788 5026,788 5115,782 5205,788 5295,782 5384,782 5474,782 5564,782 5653,782"/>
                <TextEquiv>
                    <Unicode>hatte grosse Assemblé. Das Wort flatter</Unicode>
                </TextEquiv>
            </TextLine>
            <TextLine id="tr_1_tl_4" custom="readingOrder {index:3;}">
                <Coords points="3553,974 5615,979 5615,831 3553,853"/>
                <Baseline points="3568,938 3651,938 3741,938 3831,944 3920,938 4010,938 4099,938 4189,938 4279,938 4368,944 4458,944 4548,944 4637,938 4727,938 4817,944 4906,938 4996,938 5086,938 5175,938 5265,938 5355,938 5444,944 5534,938 5623,920"/>
                <TextEquiv>
                    <Unicode>te durch die Luft. Niemals in seinem Le-</Unicode>
                </TextEquiv>
            </TextLine>
            <TextLine id="tr_1_tl_5" custom="readingOrder {index:4;}">
                <Coords points="3542,1116 4948,1102 5568,1173 5568,957 3542,1023"/>
                <Baseline points="3556,1087 3645,1093 3735,1099 3825,1099 3914,1093 4004,1093 4093,1087 4183,1093 4273,1093 4362,1093 4452,1093 4542,1093 4631,1093 4721,1093 4811,1093 4900,1093 4990,1093 5080,1093 5169,1093 5259,1093 5349,1093 5438,1093 5528,1093 5576,1099"/>
                <TextEquiv>
                    <Unicode>ben hatte er dieses Wort ausgesprochen.</Unicode>
                </TextEquiv>
            </TextLine>
            <TextLine id="tr_1_tl_6" custom="readingOrder {index:5;}">
                <Coords points="3547,1253 5582,1275 5582,1168 5295,1190 5120,1113 3547,1173"/>
                <Baseline points="3562,1243 3651,1249 3741,1249 3831,1249 3920,1249 4010,1249 4099,1249 4189,1249 4279,1249 4368,1249 4458,1249 4548,1255 4637,1243 4727,1237 4817,1243 4906,1243 4996,1249 5086,1249 5175,1249 5265,1243 5355,1249 5444,1249 5534,1249 5588,1249"/>
                <TextEquiv>
                    <Unicode>Wo kam es her? Wo ging es wieder hinn?</Unicode>
                </TextEquiv>
            </TextLine>
            <TextLine id="tr_1_tl_7" custom="readingOrder {index:6;}">
                <Coords points="4647,1354 4721,1324 4762,1340 4805,1321 4912,1326 4934,1346 4972,1340 4972,1280 4942,1264 4871,1244 4825,1272 4718,1253 4693,1236 4647,1242"/>
                <Baseline points="4661,1314 4751,1314 4841,1314 4930,1314 4978,1320"/>
                <TextEquiv>
                    <Unicode>konnte</Unicode>
                </TextEquiv>
            </TextLine>
            <TextLine id="tr_1_tl_8" custom="readingOrder {index:7;}">
                <Coords points="4056,1430 4942,1422 5035,1474 5166,1403 5585,1417 5640,1400 5642,1299 5035,1362 4472,1288 4059,1305"/>
                <Baseline points="4070,1404 4123,1404 4213,1398 4303,1398 4392,1398 4482,1398 4572,1398 4661,1404 4751,1398 4841,1398 4930,1398 5020,1398 5110,1392 5199,1398 5289,1398 5378,1392 5468,1392 5558,1392 5647,1398"/>
                <TextEquiv>
                    <Unicode>Nachmittags konxer nicht schla-</Unicode>
                </TextEquiv>
            </TextLine>
            <TextLine id="tr_1_tl_9" custom="readingOrder {index:8;}">
                <Coords points="3558,1589 5593,1553 5593,1447 5352,1488 5169,1403 5035,1474 3558,1436"/>
                <Baseline points="3574,1547 3627,1553 3717,1553 3807,1553 3896,1553 3986,1547 4076,1547 4165,1547 4255,1547 4344,1541 4434,1541 4524,1541 4613,1547 4703,1541 4793,1541 4882,1541 4972,1541 5062,1535 5151,1541 5241,1541 5331,1541 5420,1541 5510,1535 5600,1541"/>
                <TextEquiv>
                    <Unicode>fen. Er lag auf dem Divan im Speisezim-</Unicode>
                </TextEquiv>
            </TextLine>
            <TextLine id="tr_1_tl_10" custom="readingOrder {index:9;}">
                <Coords points="4819,1633 4956,1625 5011,1646 5079,1619 5134,1636 5229,1630 5259,1646 5259,1570 5238,1564 5166,1573 5147,1556 5084,1564 5057,1548 5021,1567 4967,1545 4923,1575 4887,1548 4819,1562"/>
                <Baseline points="4835,1625 4906,1619 4996,1619 5086,1619 5175,1619 5265,1619"/>
                <TextEquiv>
                    <Unicode>I is but him</Unicode>
                </TextEquiv>
            </TextLine>
            <TextLine id="tr_1_tl_11" custom="readingOrder {index:10;}">
                <Coords points="3553,1731 5549,1731 5574,1616 4792,1655 4518,1553 3553,1652"/>
                <Baseline points="3568,1703 3657,1703 3747,1709 3836,1703 3926,1703 4016,1703 4105,1703 4195,1703 4285,1703 4374,1703 4464,1703 4554,1703 4643,1697 4733,1703 4823,1703 4912,1703 5002,1697 5092,1697 5181,1703 5271,1697 5361,1697 5450,1697 5540,1697 5582,1703"/>
                <TextEquiv>
                    <Unicode>mer.niemand war bei ihm. Da kam er auf</Unicode>
                </TextEquiv>
            </TextLine>
            <TextLine id="tr_1_tl_12" custom="readingOrder {index:11;}">
                <Coords points="3553,1882 5467,1895 5470,1748 3553,1764"/>
                <Baseline points="3568,1852 3657,1858 3747,1858 3836,1858 3926,1858 4016,1858 4105,1858 4195,1858 4285,1864 4374,1858 4464,1852 4554,1858 4643,1858 4733,1852 4823,1852 4912,1858 5002,1852 5092,1852 5181,1852 5271,1852 5361,1852 5450,1852 5474,1852"/>
                <TextEquiv>
                    <Unicode>einen Einfall.Er nahm sein Notizbuch.</Unicode>
                </TextEquiv>
            </TextLine>
            <TextLine id="tr_1_tl_13" custom="readingOrder {index:12;}">
                <Coords points="3542,2035 5366,2049 5366,1956 5087,1939 4991,1873 4174,1942 4010,1873 3728,1950 3542,1912"/>
                <Baseline points="3556,2020 3579,2014 3669,2014 3759,2014 3848,2014 3938,2014 4028,2014 4117,2014 4207,2014 4297,2014 4386,2014 4476,2014 4566,2014 4655,2014 4745,2014 4835,2008 4924,2014 5014,2014 5104,2014 5193,2008 5283,2008 5372,2014"/>
                <TextEquiv>
                    <Unicode>Es war bestimmt sein Notizbuch und</Unicode>
                </TextEquiv>
            </TextLine>
            <TextLine id="tr_1_tl_14" custom="readingOrder {index:13;}">
                <Coords points="3564,2196 5333,2166 5448,2218 5599,2185 5599,2024 5317,2114 3564,2070"/>
                <Baseline points="3579,2169 3633,2169 3723,2169 3813,2169 3902,2169 3992,2169 4082,2169 4171,2169 4261,2169 4350,2163 4440,2169 4530,2169 4619,2169 4709,2169 4799,2163 4888,2163 4978,2163 5068,2163 5157,2163 5247,2169 5337,2163 5426,2163 5516,2163 5606,2157"/>
                <TextEquiv>
                    <Unicode>weder seine Brief-noch seine Zigarrente</Unicode>
                </TextEquiv>
            </TextLine>
            <TextLine id="tr_1_tl_15" custom="readingOrder {index:14;}">
                <Coords points="3553,2336 5574,2341 5574,2256 4773,2185 3553,2232"/>
                <Baseline points="3568,2324 3657,2330 3747,2330 3836,2330 3926,2324 4016,2324 4105,2324 4195,2324 4285,2324 4374,2324 4464,2318 4554,2324 4643,2318 4733,2324 4823,2324 4912,2324 5002,2318 5092,2324 5181,2318 5271,2318 5361,2318 5450,2318 5540,2324 5582,2330"/>
                <TextEquiv>
                    <Unicode>sche, und schrieb auf ein Blatt Kredenz,</Unicode>
                </TextEquiv>
            </TextLine>
            <TextLine id="tr_1_tl_16" custom="readingOrder {index:15;}">
                <Coords points="3553,2494 5489,2511 5615,2500 5615,2393 3750,2352 3553,2429"/>
                <Baseline points="3568,2486 3651,2480 3741,2480 3831,2480 3920,2480 4010,2480 4099,2480 4189,2474 4279,2474 4368,2474 4458,2474 4548,2480 4637,2474 4727,2474 4817,2474 4906,2474 4996,2474 5086,2474 5175,2474 5265,2474 5355,2474 5444,2468 5534,2468 5623,2468"/>
                <TextEquiv>
                    <Unicode>auf ein anderes „Schrank“, auf ein anderes</Unicode>
                </TextEquiv>
            </TextLine>
            <TextLine id="tr_1_tl_17" custom="readingOrder {index:16;}">
                <Coords points="3564,2650 5369,2658 5443,2650 5443,2513 5238,2560 4934,2486 4745,2576 4007,2505 3733,2579 3564,2519"/>
                <Baseline points="3579,2641 3657,2635 3747,2635 3836,2635 3926,2635 4016,2635 4105,2635 4195,2635 4285,2635 4374,2629 4464,2629 4554,2629 4643,2623 4733,2629 4823,2623 4912,2623 5002,2623 5092,2629 5181,2629 5271,2629 5361,2623 5450,2629"/>
                <TextEquiv>
                    <Unicode>„Bett“, auf ein anderes „Sessel“. Das</Unicode>
                </TextEquiv>
            </TextLine>
            <TextLine id="tr_1_tl_18" custom="readingOrder {index:17;}">
                <Coords points="3558,2803 5648,2787 5506,2647 5347,2740 5150,2691 4830,2743 4554,2634 3558,2699"/>
                <Baseline points="3574,2791 3591,2785 3681,2785 3771,2785 3860,2785 3950,2785 4040,2785 4129,2785 4219,2785 4309,2779 4398,2779 4488,2779 4578,2779 4667,2779 4757,2779 4847,2779 4936,2779 5026,2773 5115,2773 5205,2773 5295,2773 5384,2779 5474,2773 5564,2773 5653,2773"/>
                <TextEquiv>
                    <Unicode>musste er jk einige Male schreiben. Dann</Unicode>
                </TextEquiv>
            </TextLine>
            <TextLine id="tr_1_tl_19" custom="readingOrder {index:18;}">
                <Coords points="5196,2839 5229,2853 5295,2836 5350,2850 5415,2833 5434,2853 5497,2858 5492,2784 5380,2779 5347,2803 5311,2795 5284,2812 5232,2792 5221,2801 5196,2795"/>
                <Baseline points="5211,2838 5235,2838 5325,2832 5414,2832 5504,2832"/>
                <TextEquiv>
                    <Unicode>in Litz</Unicode>
                </TextEquiv>
            </TextLine>
            <TextLine id="tr_1_tl_20" custom="readingOrder {index:19;}">
                <Coords points="3553,2967 5716,2957 5754,2842 5232,2853 5073,2784 3556,2844"/>
                <Baseline points="3568,2916 3657,2916 3747,2916 3836,2916 3926,2916 4016,2916 4105,2916 4195,2916 4285,2916 4374,2910 4464,2910 4554,2910 4643,2910 4733,2910 4823,2910 4912,2910 5002,2910 5092,2904 5181,2910 5271,2904 5361,2904 5450,2904 5540,2904 5629,2904 5719,2910 5755,2922"/>
                <TextEquiv>
                    <Unicode>befestigte er diese Blätter an die Kredenz,</Unicode>
                </TextEquiv>
            </TextLine>
            <TextLine id="tr_1_tl_21" custom="readingOrder {index:20;}">
                <Coords points="3553,3088 4866,3069 5216,3134 5588,3063 5588,2954 4485,2940 3553,3022"/>
                <Baseline points="3568,3071 3621,3071 3711,3071 3801,3071 3890,3066 3980,3066 4070,3066 4159,3066 4249,3066 4339,3071 4428,3066 4518,3066 4607,3060 4697,3066 4787,3066 4876,3066 4966,3066 5056,3060 5145,3060 5235,3060 5325,3060 5414,3060 5504,3060 5594,3060"/>
                <TextEquiv>
                    <Unicode>an den Schrank, dann schlich er sich ins</Unicode>
                </TextEquiv>
            </TextLine>
            <TextLine id="tr_1_tl_22" custom="readingOrder {index:21;}">
                <Coords points="3553,3263 5609,3241 5667,3069 3556,3167"/>
                <Baseline points="3568,3227 3609,3227 3699,3227 3789,3227 3878,3227 3968,3221 4058,3221 4147,3221 4237,3221 4327,3221 4416,3221 4506,3221 4596,3215 4685,3221 4775,3215 4864,3215 4954,3215 5044,3215 5133,3215 5223,3215 5313,3215 5402,3215 5492,3215 5582,3209 5671,3215"/>
                <TextEquiv>
                    <Unicode>Schlafzimmer, wo seine Frau ihren Nachmit-</Unicode>
                </TextEquiv>
            </TextLine>
            <TextLine id="tr_1_tl_23" custom="readingOrder {index:22;}">
                <Coords points="3558,3413 4409,3402 4554,3460 5210,3370 5607,3424 5629,3236 4718,3293 4614,3225 4075,3315 3558,3274"/>
                <Baseline points="3574,3388 3663,3382 3753,3382 3842,3382 3932,3382 4022,3382 4111,3376 4201,3376 4291,3376 4380,3376 4470,3376 4560,3376 4649,3370 4739,3370 4829,3370 4918,3370 5008,3370 5098,3370 5187,3370 5277,3370 5366,3370 5456,3370 5546,3370 5635,3376"/>
                <TextEquiv>
                    <Unicode>tagsschlummer hielt, was sie nur Sonntags</Unicode>
                </TextEquiv>
            </TextLine>
            <TextLine id="tr_1_tl_24" custom="readingOrder {index:23;}">
                <Coords points="3575,3588 3758,3648 4113,3542 5659,3577 5708,3430 3826,3476 3577,3402"/>
                <Baseline points="3591,3538 3651,3538 3741,3544 3831,3538 3920,3538 4010,3532 4099,3532 4189,3532 4279,3532 4368,3532 4458,3532 4548,3532 4637,3526 4727,3526 4817,3526 4906,3526 4996,3526 5086,3526 5175,3526 5265,3526 5355,3526 5444,3532 5534,3526 5623,3526 5713,3526"/>
                <TextEquiv>
                    <Unicode>tat) und mit einer Steeknadel befestigte er</Unicode>
                </TextEquiv>
            </TextLine>
            <TextLine id="tr_1_tl_25" custom="readingOrder {index:24;}">
                <Coords points="3564,3720 5002,3690 5432,3755 5497,3739 5497,3550 4518,3618 4267,3572 3758,3648 3564,3594"/>
                <Baseline points="3579,3693 3621,3693 3711,3693 3801,3693 3890,3693 3980,3693 4070,3693 4159,3693 4249,3693 4339,3693 4428,3687 4518,3687 4607,3687 4697,3687 4787,3687 4876,3687 4966,3687 5056,3687 5145,3687 5235,3687 5325,3687 5414,3681 5504,3681"/>
                <TextEquiv>
                    <Unicode>das Blättehen „Betf“. Er ging weg ehe</Unicode>
                </TextEquiv>
            </TextLine>
        </TextRegion>
    </Page>
</PcGts>
