6184 4072
4044 378 4580 510 wahescheulen
3672 435 5615 611 war es gewiss ein Meer.Öie sah gewis
3684 591 5618 793 nicht das jenseitige üfer. Für solche
3672 752 5808 888 Eintagsfliegen sollte man auch eine Tafel
3672 871 5676 1061 hinhängen: Teich. Aber für die Fintags-
3667 992 5552 1185 fliege war es ja eben kein Teich und
3667 1165 5748 1349 nebstbei konnten sie nicht lesen. Nun, wer
3667 1349 5653 1450 weiss, dachte er weiter, wir wissen ver-
3678 1470 5658 1637 dammt wenig von den Eintagsfliegen. Da
4869 1562 5287 1683 Nills was in
3672 1640 5820 1822 schwirrte eine um ihn. Die war just einen
3661 1758 5978 1928 halben Tag alt, vielmehr fünfzig Jahre, in Voht
3692 1905 5653 2122 denn am Abend war sieja tot. Vielleicht
3678 2038 5785 2179 feierte sie soeben ihren fünfzigsten Ge-
3672 2196 5745 2364 burtstag. Und die andern kleinen Fliegen,
5041 2338 5281 2427 waren
3661 2335 5814 2542 die um sie schwirren, die sind Gratulanten-
3678 2476 5606 2686 Ein Gehurtstagsfest, dem er beiwohnte.
3632 2617 5733 2865 (Er sah um sich. Es war ihm, als sässe er
3678 2784 5932 2975 sehr lange da und es war doch - er sch
4428 2934 4918 3032 et cous un
3678 2940 5823 3125 auf die Uhr Drei Minuean war er da geses-
3684 3102 5837 3318 sen nach der Ohr, ja dies war bestimmt eine
3667 3234 5802 3416 Ühr, wenn auch auf dem Deckel nicht einge-
3678 3381 5725 3563 graben stand, dass sie eine war. Aber es
