6200 4040
5424 310 5611 476 11
3612 441 5639 626 Beweis für sein Wachsein gelten laasen.
3607 609 5720 805 Kein sehr zwingender freilich, denn am En-
3607 767 5674 933 de konnte er auch den Fusstritt und den
3612 936 5742 1110 Griff an die Nase träumen. Aber er wollte
3623 1074 5410 1281 sich für diesmal zufrieden geben.
3990 1243 5595 1406 Er machte sich auf den Heimweg-
3637 1374 5736 1635 ging raschum eins erwartete ihn das Mit-
4673 1529 4891 1618 sich
3637 1605 5821 1714 tagessen. Er fühlte xxx ssonderbar leicht,
3648 1692 5622 1863 er lief geradezu,er schwebte, nicht nur
3642 1858 5538 2018 figürlich. Es kam immer ein Bruckeil
3653 2032 5720 2190 einer Sekunde, in der keiner seiner Füsse
3653 2171 4651 2375 den Boden berührte.
4053 2307 5571 2489 Er nahm die Strassenbahn. Die
3661 2456 5685 2655 flog noch rascher als er; geheimnisvoll
3661 2592 5554 2788 diese elektrische Kraft. Es war halb
3667 2774 5802 2959 zwei. Nun feierte die Eintagsfliege ihren
3667 2924 5696 3109 fünfund fünfzigsten Geburtstag. Die Häu-
3683 3071 5859 3250 ser rasten an ihm vorbei. (Nein, sie standen
3683 3231 5723 3403 still, er flog vorbei. War das auch ganz
3694 3376 5674 3628 sicher? So, nun musste er umsteigen. Er
3702 3541 5802 3737 wusste genau, dass er hier umsteigen muss-
