6120 4120
5447 373 5598 540 19
822 482 1276 699 Monsieur
3796 482 5556 719 Indess hatte er, ohne es selbst zu
3442 705 5676 849 merken seinen schwarzen Kaffee ausgetrunken
3442 830 5534 1000 die runde Marmorplatte der Kellner räum
3459 1008 5539 1164 te die Tasse mit Schale und Glas fort, die
3451 1139 5556 1292 weisse Marmorplatte lag nackt vor ihm.Un-
3442 1303 5587 1479 willkürlich nahm er seinen Bleistift und
3453 1448 5450 1629 schrieb mit grossen Buchstaben auf die
3501 1621 5592 1791 Platte: „Tisch“. Auch das erleichterte ihn
3453 1755 5545 1919 ein wenig. Aber wie viel gab es noch zu
3459 1941 3696 2139 tun?
3813 2041 5498 2228 Als er wieder heimkam waren alle
3459 2256 5659 2367 zettel entfernt,die er an die verschiedenen
3459 2395 5587 2523 Gerätschaften befestigt hatte. Seine Frau
3459 2559 5539 2729 fragte ihn, was ihm denn eigentlich einge
3453 2682 5484 2877 fallen sei. Er fühlte,dass er sie vor-
4690 2816 4854 2908 duy
3459 2835 5581 2991 läufig nicht einweihen konnte und sagte,
3829 2969 4512 3072 en Scherz zu
3465 2991 5481 3155 er habe einen Scherz gemacht. Immerhin,
3459 3172 5545 3306 es sei doch ein nützlicher Scherz, nie-ht
3453 3339 5573 3490 wahr? Man sollte die Kleinen rechtzeitig
5060 3434 5464 3534 it here to
3465 3448 5539 3685 daran gewöhnen von allen Dingen auch zu
