6200 4024
5639 205 6046 338 1911.
3577 557 5596 731 Am Eingang des Schwarzenbergparks eine
3583 745 5767 876 Tafel mit der Aufschrift: Pakk. Jemand ist
3583 927 5568 1018 sehr impressioniert davon. Wie er nach
3589 1049 5747 1174 Hause kommt heftet er seinem Mobiliar Zet-
3583 1197 5750 1351 tel mit dem Bezeichnungen an: Tisch, Divan,
3577 1354 5599 1482 Kasten. Dann greift diese Zwangsvorstel-
3580 1504 5605 1638 lung weiter, er versieht auch seine Frau
3552 1664 5744 1806 mit einem Zettel, seinen Sohn, seine Köchin,
3552 1797 5554 1942 endlich pickt er auf sich selbst einen
3560 1971 5699 2099 Zettel, auf dem steht: Ich und spaziert so
3543 2119 4388 2235 auf die Strasse.
3540 2244 5724 2429 Sein Wahnsinn begihnt damit, dass er Annoncen,
3549 2420 5830 2559 Plakate etc. ernst und wörtlich nimmt,Strei¬
3546 2582 5315 2727 tigkeiten mit ihnen anfängt u.s.w.
5434 2693 5909 2849 Nun nirke
5122 2741 5955 2963 antdun Tefilleh: Re
3680 2847 5941 3066 Bist diene Tag n an ein gany monde hew She ettor
3697 3006 4399 3159 from. I’selb
5568 3023 5833 3191 my wex
3731 3111 4374 3239 Viele.. Part.
3737 3137 5136 3373 Noch es ist dort will alle so klar...
3740 3299 4436 3512 Erstlief erklärt
3885 3438 5073 3634 Mr M und Fagere in
3697 3481 5611 3776 Tussefels, eher nicht auf alle Baum. ist
3697 3640 4581 3802 auf der Himmel.
