6200 4040
5631 267 5794 448 10
448 408 931 627 halber das
3745 424 5885 616 konnte ja auch sein,dass er träumte.Dann
3745 606 5885 787 war das keine Ohr, dann lag er im Bett und
3737 766 5724 952 schlief und auch die Eintagsfliege war
3745 923 5684 1075 nur ein Traum. (Ein Lachen neben ihm.)
4764 1040 5226 1174 un noule
3718 1086 5690 1270 Zwei junge Burschen. Lachten sie über
3753 1235 5719 1451 ihn? Ueber seine dummen Einfälle? Aber
3756 1384 5724 1574 die wussten ja niehts davon. So sicher
3756 1536 5663 1734 war das freilich nicht. Es gab ja Ge-
3753 1697 5682 1881 dankenleser. Sehr möglich,dass dieser
3761 1849 5604 2025 Junge mit der Hornbrille ganz genau
3751 1995 5727 2193 wusste, was in ihm vor ging und darüber
3761 2166 5756 2329 lachte. Die Frage nur, ob er Grund dazu
3815 2302 5810 2502 hatte dieser Jüngling mit der Hornbril
3761 2457 5708 2625 le? Denn es wäre ja möglich, dass dies
3775 2625 5820 2825 Ganze wirklich ein Traum war, dann träum-
3780 2761 5901 2934 te er auch das Lachen dieses Andern. Me
3881 2892 4471 2990 avec traînist de
4479 2905 4828 2993 lachl w
4076 2921 5639 3126 Und mit einem plötzlichen Ent-
3769 3108 5722 3257 schluss trat er sich selbst mit einem
3777 3217 5767 3420 Fuss auf den andern und zum Ueberfluss
3775 3396 5735 3545 fasste er sich an der Nase. pr spürte
3801 3500 5828 3734 alles ganz genau. Udd das wollte er als
