6200 4216
3580 531 5689 733 Er kommt nach Hause, ist empört, dass alle
3599 697 5644 875 Zettel wieder entfernt sind. Die Kinder
3607 836 5691 1025 kommen aus der Schule, er ist beruhigt, da
3622 1002 5733 1196 er die Zettel, die aus irgend einem Grunde
3609 1170 5273 1333 nicht entfernt wurden, vorfindet.
3975 1306 5791 1504 Indessen hat die Frau den Arzt ver-
3628 1501 5657 1688 ständigt. Wie der hereintritt, tritt ihm
3609 1611 5723 1822 der Kranke entgegen mit einem Zettel auf
3633 1769 5715 1951 der Brust, auf dem mit grossen Buchstaben
3643 1977 4316 2148 steht: Ich.
