6184 4056
4410 404 4844 552 dits we
3670 458 5824 646 te er gleich: sie war immer da gewesen, man
3659 644 5770 824 sah es ihr (geradezu) anndass es eine selte
4214 746 4793 864 Cher marien dans
3664 792 5808 940 Tafel war. Ja natürlich, dies war ein Park,
3659 915 5783 1101 niemand konnte daran zweifeln, der Schwarz-
5525 1031 5883 1150 boteeisch
3670 1139 5732 1265 zenbergpark war es, Privatbesitz des Für-
5579 1139 5975 1314 rent schiphe
3904 1225 4216 1352 M. H. de
3670 1265 5794 1451 sten/Schwarzenberg, aber dem Publikum frei
3659 1408 5827 1556 gegeben. Doch da stand nicht Schwarzenberg
3670 1562 5732 1712 park oder Privatbesitz, sondern komischer
3659 1710 5654 1906 Weise einfach: Park. Man sah doch, dass
3659 1842 5738 2062 hier der Park anfing,man sah), dass es ein
3659 2011 5670 2151 Park war, niemand konnte daran zweifeln.
3664 2181 5670 2359 (Freilich) er unterschied sich nicht son-
3670 2324 5641 2491 derlich von der Umgebung,er war nicht
3664 2469 5689 2622 geschlossen,es gab kein Entrée,er stand
3678 2636 5646 2838 nichts unter besonderen Gesetzen (nicht
3678 2792 5797 2986 einmal Blumenbeete waren zu sehen es war
3670 2962 5732 3110 Wald und Wiese und Wege und Bänke, jedes-
4208 3061 4725 3153 Marten cu
3683 3123 5673 3277 falls war es ziemlich überflüssig, dass
3670 3258 5816 3411 da eine Tafel hing, auf der das Wort „Rark“
3670 3390 4626 3570 geschrieben stand.
4087 3535 5713 3788 Immerhin musste es seinen Grund
