6200 4120
3146 338 3500 581 7.11.37.
5359 381 5521 508 20
3632 489 5662 695 auch zu wissen,wie sie heissen. Welche
3632 686 5594 884 ungeheuere Verwirrung war in der Welt.
3632 843 4840 1016 Niemand kennt sich aus.
3992 967 5767 1186 Nachmittag kam die Schwiegermutter
3632 1184 5808 1343 mit der veheirateten Schwägerin zu Besuch.
3640 1303 5564 1486 Während sie drin ihren Kaffee trinkun
3640 1467 5797 1651 mit Marie (seiner Frau) benützt er die Ge-
3651 1613 5802 1808 legenheit, schreibt Zettel, Schwiegermutter,
3646 1784 5713 1954 Schwägerin und heftet sie an die Mäntel.
3632 1903 5732 2054 Die merkten es nicht, als sie fortgingen.
4056 2062 5813 2211 Am nächsten Morgen versieht er die
3627 2235 5773 2381 Kleidungsstücke mit von Sohn und Tochter
3646 2389 5681 2519 ehe sie in die Schule gehen mit Zettel.
4075 2516 5654 2684 Im Geschäft lässt er sich beim
3656 2665 5781 2811 Chef melden, macht ihm Vorschläge: überall
3662 2838 5724 2959 soll man Zettel hinspendeln, auch auf die
3656 3013 5694 3124 Kravatten zum peispiel, sogar die Farben
3651 3127 5770 3289 muss man bezeichnen. Graue Kravatte, rote,
3670 3289 5773 3443 es gibt ja warben blinde. Er besteht auch
3651 3446 5762 3654 darauf, dass die einzelnen Verläuferinnen
3656 3619 4556 3816 betitelt werden.
