6168 4072
5121 271 5361 454 n 12
3585 432 5509 661 te. Sonderbar, das alles zu wissen. Wie
3585 637 5416 792 wenn er vergessen hätte, dass er in
3585 795 5514 967 der Andreasgasse wohnte? Andreasgasse
3596 959 5634 1134 vierzehn, zweiten Stock,Thür zwölf. Be-
5495 1025 5689 1134 Rau
3596 1082 5681 1238 stimmt. Was alles in einem Gehirne Platz
3752 1200 4746 1331 (Allen- Erm - eben, sei hin ik
3585 1251 5640 1424 hat. Er wus ste auch, dass er morgen acht
3591 1429 5738 1582 Uhr Früh im Geschäfte sein wollte. Er sah
3588 1533 5473 1727 es vor sich,er sah die Kravatten, sah
3604 1694 5796 1869 jedes Muster. Hier war die blau-rotgestreif
3621 1847 5533 2038 te,hier die gesprenkelte, hier die mit
3601 2030 5637 2178 dem gelblichen Ton. Er sah sie alle und
3610 2145 5766 2331 er sah auch die Aufschrift über dem Fach,
3604 2320 5536 2503 da stand auch: Halsbinden, obwohl doch
3604 2435 5572 2659 jeder wusste, dass es Halsbinden waren.
3596 2640 5582 2814 Ganz klug, dass dort an einen Baum die
3591 2763 5544 2935 Tafel: Park hing. Nicht alle Menschen
3596 2905 5760 3082 waren so geistesgegenwärtig und scharfsin-
5263 3044 5451 3151 Je un
3604 3082 5684 3241 nig wie er, dass sie ohneweiters wussten,
3604 3202 5725 3432 dies war ein Park, und dies ist eine Hals-
3610 3421 3948 3618 binde.
4022 3514 5689 3757 Er stand vor seiner Wohnungstür.
