6200 4024
3583 430 5765 631 Kinder waren schon früher zu Bett gebracht.
3591 594 5649 798 An jeder xxx Samstag erfolgte ein Theaterbe-
3577 770 5550 954 such,dritte Galerie, dritte oder vierte
3591 957 5558 1129 Reihe,Operette zog er vor,aber zuwelen
3569 1078 5586 1307 sah man sich auch ein ernstes Stück an,
3586 1257 5629 1440 ein klassisches oder eine Gesellschafts-
3566 1401 5640 1590 komödie, und den Beschluss solcher Abende
3925 1497 4350 1616 de Eteuveur
3571 1556 5544 1746 machte ein bscheidenes Restaurant. Die
4217 1658 4392 1772 indy
3557 1712 5671 1896 Kinder waren in guter Obhut, Frau Wilhelm,
3566 1803 3747 1890 der
3552 1840 5677 2046 kinderlosen Frau des Arztes vom ersten
4375 1967 4658 2072 müssen
3552 2023 5618 2196 Stock war es eine rechte Freude so lange
4836 2117 5054 2219 them
3546 2131 5618 2315 in der Wohnung bei den Kindern zuwachen,
3554 2329 5219 2524 bis die Eltern nach Hause kamen.
4115 2502 5629 2683 Auch an diesem Abend, xxx dem
4610 2578 4763 2672 gett
3538 2606 5589 2816 Samstag vor Pfingsten waren sie im Thea-
3552 2759 5569 2960 ter gewesen, das Ehepaar.k.4., hatten dann
3546 2909 5584 3141 im Casthaus genachtmahlt und als sie zu
3535 3037 5807 3277 pette gingen war Herr Franz Huber so gut
3625 3181 3976 3266 walmerck
3543 3254 5623 3430 aufgelegt gewesen, dass Anna etwas frivol
3523 3404 5575 3597 bemerkte, ob er sie nicht vielleicht mit
3948 3489 4290 3591 Sind.
3529 3552 5569 3767 Frau Constantin verwechsle,die ik heute
