6200 4008
3697 452 5770 641 das Vorstadtgeschäft verirrt, sich zuerst
3686 571 5665 749 etwas hochnäsig benommen, dann aber von
3697 740 5824 902 irgend einem Kravattenmuster geradezu ent-
4429 870 5242 969 In der Ihnand nicht schon
3737 937 5582 1047 zückt gewesen, erzählte von Fräulein
3667 1077 5773 1220 Elly,die wieder einmal einen neuen Vereh-
3686 1206 5748 1376 rer hatte, der sie sogar zur Mittagspause
3675 1338 5498 1492 abholte, aber es ging ihn eigentlich
5380 1494 5617 1583 eve
3667 1500 5781 1699 nichts an, sie war Verkäuferin in der Ab-
3667 1672 4933 1839 teilung für Danenschuhe.
4079 1793 5724 2014 Dann legte er sich für ein hal
3659 1971 5611 2127 bes stündchen hin,blickte flüchtig 9n
3659 2108 5821 2283 eine Zeitung; um halb drei war er wieder in
3673 2286 5713 2442 Geschäft,es gab meist viel zu tun,beson-
5361 2415 5697 2526 eringer
3664 2434 5603 2593 ders zwischen vier und sechs, er konnte
3931 2550 4461 2647 ohne herzhein
3656 2606 5587 2741 sich völlig den Kunden widmen, zuhause
3667 2703 5783 2900 gibt ja alles den gewohnten Gang, die Frau
3648 2921 5692 3067 ging mit den Kindern spazieren oder die
4558 3026 4709 3126 agen
3664 3056 5783 3242 verheiratete Schwester kah zu Besuch oder
3646 3231 5681 3368 ihre Mutter; er traf sie manchmal noch
3656 3349 4257 3533 zuhause an.
4044 3471 5695 3732 Gegen acht ass man zu Abend, die
