6184 4072
4634 385 4899 542 gaben
415 418 700 594 G.H.F.P.
3649 450 5826 629 haben. Vielleicht waren Leute, die nicht so
3660 648 5634 770 sicher waren, wie er, dass das ein Park
5683 613 5995 857 le rtule
3649 754 5732 992 war. Vielleicht hielten sie es für xxx Wald,
3327 851 3617 1076 ander
3668 925 5767 1125 Wiese, wie den Wald und die Wiesen,von de-
3649 1095 5783 1231 nen er eben hem unterkam. Denen musste man
3668 1204 4522 1310 peut ici bei nous bruge
3652 1282 5802 1456 es deutlich sagen, dass dies ein Park war,
3853 1364 4200 1467 pompös
3606 1388 5634 1556 Etwas pöxön klang das Wort. Er sah die
3644 1564 5694 1703 Kunderschrift wieder vor sich, ohne dass
3649 1714 5767 1914 er sich umgewandt hätte.) Ein schöner Park
3668 1860 5729 2069 übrigens, vielleicht gab es Leute, die es
3649 2006 5653 2153 für ein Paradies gehalten hätten, wenn
3655 2164 5780 2318 die Tafel dort nicht gehangen wäre. Haha,
3655 2329 5599 2505 ein Paradies. Und da hätte vielleicht
4116 2454 4696 2554 nicht darauf trunn
3649 2500 5683 2627 einer seine Kleider abgeworfen und öf-
5233 2543 5995 2719 An Einer, zu ern kann
3655 2662 5807 2782 fentliches Aergernis erregt. (Und seine Be-
3649 2801 5563 2920 gleiterin hätte er vielleicht gleich-
4991 2896 5444 3012 Mr Lott is
3663 2977 5658 3110 falls dazu veranlasst. Ich konnte doch
4362 3058 5081 3167 agt uneuf de solie
3655 3061 5794 3267 nicht wissen, dass es nur ein Park war und
3655 3216 5742 3392 nicht das Paredies. Nun konnte das nicht
3649 3378 5680 3614 mehr pasieren. Es war höchst vernünftig
3663 3590 5729 3782 die Tafel dorthin zu hängen.Er begegnete
