6136 4104
3505 445 5695 631 Unbegreiflich, dass diese gleichgültige Kas-
3505 631 5471 786 sierin plötzlich die wichtigste Person
3492 811 5520 936 war. Einfach dadurch, dass er sie ansah.
3522 961 5659 1103 Von allen Andern wusste er (gewissermassen
3511 1089 5684 1259 gar nichts.,alle waren sie Schatten. Auch
5455 1226 5629 1384 sie
3516 1264 5332 1420 se ine Frau, sei ne Kinder, alle waren
3522 1400 5643 1572 geradezu nichts im Verhältnis zu Fräulein
3503 1559 5643 1712 Magdalene.Die Frage war jetzt nur,was für
3522 1684 5446 1856 einen Zettel man ihr ankleben sollte.
3514 1881 5667 2023 Magdalene? Fräulein Magdaleneœ Oder Sitz
3535 2042 5542 2165 kassierin? Jedesfalls war es unmöglich
3535 2170 5714 2318 dieses Kaffee zu verlassen,ehe er sie richt
3549 2296 5613 2525 tig bezeichnet. Wie beruhigend war es zu
3538 2452 5621 2664 wissen, dass draussen auf einer Tafel das
3552 2645 5607 2785 Wort „Park" geschrieben stand. Die ganze
3554 2782 5602 2965 Landschaft, durch die er heute gewandert,
4188 2910 4488 3006 lorte 48 g
3557 2937 5632 3090 verschwand wie hinter einem Vorhang. Sie
3563 3126 5583 3320 existierte (gewissermassen) nicht mehr.Er
3552 3246 5643 3426 atmete auf, wenn er an die hölzerne Tafel
3568 3372 5755 3587 dachte. „Park“. Und dort, ihm gegenüber, Uhr
3571 3571 5591 3746 der offenen Tür, stand „Küche“ gedruckt.
