5822 3594
1278 301 1516 443 4
630 570 2665 696 gereist, und auch ich verlasse in wenigen Tagen die Stadt, wahrscheinlich
630 688 2595 795 Salzkammergut,- um Anfang September mit all den Meinen in Altaussee zu-
635 767 1164 899 sammen zu treffen.
838 881 2569 967 gearbeitet hab ich nicht viel in den letzten Jahren, allerlei
625 954 2635 1078 angefangen; - ich fühlte mich doch sehr bedrückt und verdüstert. Wäre man
625 1040 2635 1134 wenigstens freizügig wie einst. Unsere schönen Reisen- wie offen lag die
633 1131 2650 1248 Welt! Jetzt ist es schon ein kleines Problem, sich selbst und sein Gepäck
625 1250 1866 1364 zur Bahn zu schaffen- ein Billet lösen usw.-
785 1326 2688 1438 Nun hab ich Ihnen sozusagen acht Seiten geschrieben;- es ist nichts.
625 1430 2286 1552 -Und Sie Armer der sich trotzdem plagen musste es zu lesen! -
863 1544 2519 1628 Denken Sie meiner weiter in Freundschaft;- ich halte an der
605 1610 2458 1729 Hoffnung fest, Sie wieder zusehen, und bin von Herzen Ihr getreuer
1926 1716 2443 1840 Arthur Schnitzler
4354 309 4508 435 1/1
3561 463 4037 602 43) (Postkarte)
4637 483 5068 605 (Wien) 21.8.20.
3764 678 5592 775 Lieber und verehrter Freund, eben trifft Ihre Karte vom 17.8.ein.
3764 752 5599 828 Ihr Brief vom 13.6. ist angelangt; vor etwa 4,5 Tagen schrieb ich
3764 813 5698 932 Ihnen einen sehr langen Brief und wünschte nun sehr eine Bestätigung
3764 894 5635 964 zu erhalten, daß Sie ihn in Händen haben. Mir fällt ein, dass ich
3761 952 5698 1033 Ihnen von gemeinsamen Bekannten kaum etwas geschrieben habe. Richard
3764 1025 5571 1116 Beer-Hofmann mit den Seinigen befindet sich wohl, und ich treffe
3772 1104 5559 1200 nächster Tage mit ihm in Aussee zusammen. In der gleichen Gegend
3772 1180 5586 1258 Hoffmannsthal, Salten, nicht weit davon am Atter See;, - wir alle
3772 1243 5592 1329 sind eigentlich, wenn mans recht bedenkt, - bisher - über die Un-
3764 1319 5473 1397 bilden dieser Zeit ganz leidlich weggekommen,- was fingen wir
3764 1377 5511 1461 Menschen ohne unsere Bewunderungswürdige und etwas beschämende
3751 1450 4513 1529 Accomodationsfähigkeit an?
3896 1531 5262 1625 Ich bin wie immer von ganzem Herzen Ihr getreuer
4918 1607 5424 1729 Arthur Schnitzler
