5777 3639
153 337 591 473 1e, jusqu'au 1,2, rue 1, 6, & 4, 4,
837 359 1130 500 - 2 -
1760 345 2021 468 V. P.
406 524 2299 716 Mein neues Schauspiel kommt im Herbst in der Burg dran (wenn die Hof-
433 635 2299 807 zensur nichts dawider hat); jetzt habe ich ein paar einaktige Sachen
445 729 2262 911 geschrieben und möchte bald wieder an was grösseres gehen. Bei dem
441 820 2346 989 neuen Schauspiel ist mir stärker als je ein Grundmangel meines Schaf-
458 906 2341 1132 fens zum Bewusstsein gekommen. Ich finde nemlich, dass mir die Neben-
455 987 2331 1186 figuren meistens nicht übel gelingen; hingegen ist meine Hauptperson
468 1061 2262 1272 immer irgend wer, dem was sehr trauriges passirt - und nicht viel
475 1191 2287 1364 mehr. Sie holt ihre Bedeutung aus ihrem Schicksal, nicht aus Ihrem
652 1366 2363 1548 Die "Lust"von d Annunzio, die Sie auf der Reise gelesen haben,
480 1383 657 1477 Wesen.
473 1437 2316 1622 war mir auch nicht sympathisch. Vor allem schien mir einige Snobis-
485 1551 2350 1720 mus drin zu stecken; auch Bildungssnobismus. Dagegen wäre möglicher-
509 1627 2375 1816 weise nichts einzuwenden, wenn nicht gewisse künstlerische Schwächen
509 1733 2429 1912 daraus hervorgingen. Ein Dichter hat gewiss das Recht zu sagen: Sie sah
505 1821 2483 2003 aus wie die Madonna von Hafael in Dresden, oder er erinnerte sich an ein
509 1920 2434 2082 Pörträt von Rembrandt; - aber er darf nicht verlangen, dass ich mir was
529 2013 2442 2205 vorstellen soll, wenn er schildert: Sie hat Hände wie die Dame auf dem
529 2087 2343 2279 Bild eines unbekannnten Malers das in einer unbekannten Gallerie in
527 2200 2400 2387 einer ganz kleinen italienischen Stadt hängt. Derartiges findet sich
539 2282 2424 2469 in der "Lust" nicht gerade selten.- Was ich aber sonst von d Annunzio
544 2400 2392 2565 kenne, hat mich mit Bewunderung erfüllt. Ich meine den "Triumph des
549 2538 1373 2651 Todes" und die "Unschuldige".-
741 2562 2419 2734 Wie lange bleiben Sie noch in Italien? Werden wir bald wieder
564 2656 2429 2833 von Ihnen hören? Ich brauche die "Wir" nicht näher zu bezeichnen. Paul
576 2747 2520 2924 Goldmann geht auf etwa ein halbes Jahr nach China und Japan, im Auftrag
593 2840 2478 3035 seines Blattes; er schifft sich am 5. April in Genua ein. Ich will in
3483 669 5407 805 der Charwoche per Rad vom Brenner aus durchs Ampezzothal nach Venedig.
3672 812 5284 886 Von meiner Mama und Beer-Hofmann habe ich Ihnen die besten
3493 871 5292 967 Grüsse zu sagen; mögen Sie, verehrtester Herr Brandes, angenehmes
3493 982 5415 1088 denken und angenehmes erleben und uns, wenn Sie sich auf der Rückreise
3493 1088 5299 1181 wieder in Wien aufhalten (was dringend gewünscht wird) mancherlei
3483 1159 3933 1282 davon erzählen.
3697 1258 4241 1396 Herzlichst ergeben
4494 1354 5011 1445 Arthur Schnitzler
