5757 3607
1417 334 2040 529 (Wien) 29.7.25.
540 350 885 521 (Postkarte)
438 583 2441 655 Herzlichen Dank führe liebe Karte. Ihre Bitte es niemandem zu sagen,
457 660 2449 773 dass die Menscheit eine abscheuliche Bande, kommt leider verspätet. Weiss
449 733 2495 864 der Teufel durch welche Indiskretion- die Sache hat sich herumgesprochen!-
449 837 2511 952 Ich bin noch in Wien, arbeite allerlei, denke Ihrer in aller inniger Freund-
449 941 2417 1061 schaft und bitte Sie, mich und dieses Haus in gütiger Erinnerung zu be-
449 1035 695 1147 halten.
642 1128 1559 1241 Mit tausend Grüssen Ihr getreuer
1519 1198 2011 1340 Arthur Schnitzler
4580 332 5016 516 Wien, 3.I.926.
3551 313 3757 479 V. F.C.P.
3372 452 4305 599 Mein verehrter und lieber Freund,
3521 553 5430 684 Ihr Neujahrsgruss hat mich beschämt. Was konnt ich in Wien besondres
3353 674 5374 749 für Sie thun- die höchst bescheidene Gastfreundschaft die ich Ihnen und
3353 754 5503 882 Frau Rung erweisen durfte, bedeutete mir mindestens so viel Freude als Ihnen-
3372 850 5428 955 und wie wenig war es in jedem Fall im Verhältnis zu der tiefen Dankbarkeit
3366 930 5315 1048 und Liebe, die ich für Sie empfinde. Und ich halte Sie immer zumindest
3353 1032 5331 1123 geistig in meiner Nähe: kaum ein Abend ist im Lauf des letzten oder der
3310 1144 5313 1235 letzten Jahre vergangen, ohne dass ich ein paar und öfters recht viele
3353 1219 5409 1305 Seiten von ihnen gelesen. Und in Ihnen ist eine so wunderbare Identiät des
3353 1305 5457 1404 Menschen und des Schriftstellers, dass man immer mit Ihnen ist, wenn man Sie
3366 1412 3543 1503 liest.
3527 1476 5356 1580 Die "Frau des Richters" war zuerst in der Vossischen gedruckt- und
3358 1586 5428 1684 eigentlich als Einakter intendiert. Das Stück wollte mir nicht gelingen, so
3342 1687 5390 1794 hab ich die Handlung zu erzählen versucht. Mein Herz hängt nicht an dieser
3358 1789 5326 1880 kleinen Geschichte. Viele Jahre aber hat mich ein fünfactiges Versdprema
3350 1880 5382 1963 "Der Gang zum Weiher" begleitet, das schon im Druck ist und das ich Ihnen
3353 1957 5307 2064 hoffentlich bald schicken kann, ebenso wie eine grössere "Traumnovelle"
3353 2072 5350 2163 (die eben in Fortsetzungen in der Dame erscheint) Und ganz besonders be-
3353 2174 5382 2278 schäftigt mich - auch seit Jahren schon- allerleiöphoristisch-fragmentis-
3348 2238 5377 2356 tisches,- worunter vielleicht zwei Diogramme. "Der Geist im Wort" und "der
3342 2337 5428 2428 Geist in der Tat", philosophische Spielereien nicht ohne tieferen Sinn, Sie
3348 2414 3898 2540 unterhalten werden.
3545 2527 5326 2602 Ich hoffe Sie sind so wohl und gesund als Ihre jungen und festen
3348 2594 5409 2735 Schriftzüge vermuten lassen. Darf ich Sie bitten, der liebenswürdigen Frau
3348 2695 4930 2821 Gertrud Rung meine herzlichsten Gegengrüsse zu bestellen?
3524 2773 5356 2901 Und an Sie, mein lieber und wahrhaft verehrter Freund, gehen meine
3334 2898 4200 3016 innigsten Wünsche Tag für Tag.
3532 2965 4348 3120 Auf Wiedersehen, Ihr getreuer
4404 3021 4906 3225 Arthur Schnitzler
