<?xml version="1.0" encoding="UTF-8" standalone="yes"?>
<PcGts xmlns="http://schema.primaresearch.org/PAGE/gts/pagecontent/2013-07-15" xmlns:xsi="http://www.w3.org/2001/XMLSchema-instance" xsi:schemaLocation="http://schema.primaresearch.org/PAGE/gts/pagecontent/2013-07-15 http://schema.primaresearch.org/PAGE/gts/pagecontent/2013-07-15/pagecontent.xsd">
    <Metadata>
        <Creator>prov=READ-COOP:name=TrHtr:version=2.1.0:model_id=51170:date=29_07_2023_11:06</Creator>
        <Created>2023-05-10T12:30:46.826+02:00</Created>
        <LastChange>2023-07-29T11:06:00.696+02:00</LastChange>
        <TranskribusMetadata docId="1428211" pageId="55403402" pageNr="44" tsid="131408713" status="IN_PROGRESS" userId="64420" imgUrl="https://files.transkribus.eu/Get?id=YKNAOUNCIHXVLXRZPBORVBRQ&amp;fileType=view" xmlUrl="https://files.transkribus.eu/Get?id=BDRNRPTDBTVSIXGBFHZJOZUH" imageId="44678223"/>
    </Metadata>
    <Page imageFilename="1428211_0044.jpg" imageWidth="5813" imageHeight="3608">
        <ReadingOrder>
            <OrderedGroup id="ro_1711795720012" caption="Regions reading order">
                <RegionRefIndexed index="0" regionRef="tr_2"/>
                <RegionRefIndexed index="1" regionRef="tr_1"/>
            </OrderedGroup>
        </ReadingOrder>
        <TextRegion id="tr_2" custom="readingOrder {index:0;}">
            <Coords points="352,439 2496,439 2496,2023 352,2023"/>
            <TextLine id="tr_2_tl_1" custom="readingOrder {index:0;}">
                <Coords points="1161,531 1190,528 1201,536 1223,517 1268,544 1311,517 1325,517 1325,453 1300,456 1279,440 1199,461 1161,450"/>
                <Baseline points="1176,489 1266,489 1332,489"/>
                <TextEquiv>
                    <Unicode>- 2 -</Unicode>
                </TextEquiv>
            </TextLine>
            <TextLine id="tr_2_tl_2" custom="readingOrder {index:1;}">
                <Coords points="338,764 2258,751 2341,705 2343,593 1258,692 338,662"/>
                <Baseline points="352,722 376,722 465,728 555,728 645,728 734,722 824,722 913,722 1003,722 1093,722 1182,722 1272,716 1361,716 1451,710 1541,710 1630,710 1720,710 1809,710 1899,710 1989,704 2078,704 2168,698 2257,698 2347,698"/>
                <TextEquiv>
                    <Unicode>Mutter. (Mein Sohn, bald zwanzig, ist für die nächste Sainson schon hier</Unicode>
                </TextEquiv>
            </TextLine>
            <TextLine id="tr_2_tl_3" custom="readingOrder {index:2;}">
                <Coords points="338,879 2486,837 2488,735 341,796"/>
                <Baseline points="352,824 436,824 525,824 615,818 704,818 794,818 884,818 973,818 1063,818 1152,812 1242,812 1332,806 1421,806 1511,806 1600,806 1690,806 1780,806 1869,800 1959,800 2048,800 2138,794 2228,794 2317,794 2407,794 2496,806"/>
                <TextEquiv>
                    <Unicode>am Raimundttheater engagiert; er studiert auch Philosophie an der Universität,</Unicode>
                </TextEquiv>
            </TextLine>
            <TextLine id="tr_2_tl_4" custom="readingOrder {index:3;}">
                <Coords points="349,922 2341,938 2373,858 349,877"/>
                <Baseline points="364,919 406,913 495,913 585,913 675,913 764,913 854,907 943,913 1033,907 1123,902 1212,902 1302,902 1391,902 1481,902 1571,902 1660,896 1750,896 1839,896 1929,896 2019,896 2108,890 2198,890 2287,884 2377,890"/>
                <TextEquiv>
                    <Unicode>arbeitet auch theatergeschichtlich, macht "Inszenierungenläne, zeichnet u.</Unicode>
                </TextEquiv>
            </TextLine>
            <TextLine id="tr_2_tl_5" custom="readingOrder {index:4;}">
                <Coords points="349,1051 2258,1035 2346,944 351,957"/>
                <Baseline points="364,1009 382,1003 471,1003 561,1009 651,1003 740,1009 830,1003 919,997 1009,997 1099,997 1188,997 1278,997 1367,991 1457,991 1547,991 1636,991 1726,985 1815,985 1905,985 1995,985 2084,985 2174,979 2263,979 2353,979"/>
                <TextEquiv>
                    <Unicode>malt Figurinen, treibt viel Musik; meine Tochter, bald dreizehn, geht ins</Unicode>
                </TextEquiv>
            </TextLine>
            <TextLine id="tr_2_tl_6" custom="readingOrder {index:5;}">
                <Coords points="354,1137 2255,1129 2402,1110 2405,984 354,1051"/>
                <Baseline points="370,1099 436,1099 525,1099 615,1099 704,1093 794,1093 884,1093 973,1093 1063,1093 1152,1087 1242,1087 1332,1087 1421,1081 1511,1081 1600,1081 1690,1081 1780,1081 1869,1075 1959,1075 2048,1075 2138,1075 2228,1069 2317,1075 2407,1075"/>
                <TextEquiv>
                    <Unicode>Gymnasium); meine Sommerpläne sind noch etwas unsicher;- ich wünschte sehr,</Unicode>
                </TextEquiv>
            </TextLine>
            <TextLine id="tr_2_tl_7" custom="readingOrder {index:6;}">
                <Coords points="343,1193 493,1249 2327,1215 2274,1113 343,1140"/>
                <Baseline points="358,1188 364,1188 453,1188 543,1188 633,1188 722,1188 812,1182 902,1188 991,1182 1081,1182 1170,1176 1260,1176 1350,1176 1439,1176 1529,1176 1618,1176 1708,1176 1798,1170 1887,1170 1977,1170 2066,1164 2156,1164 2246,1164 2335,1170"/>
                <TextEquiv>
                    <Unicode>nach ziemlich unruhigen und verwirrten Zeiten, ins geordnete Arbeiten zu</Unicode>
                </TextEquiv>
            </TextLine>
            <TextLine id="tr_2_tl_8" custom="readingOrder {index:7;}">
                <Coords points="335,1319 2247,1306 2335,1228 338,1249"/>
                <Baseline points="352,1290 370,1284 459,1284 549,1278 639,1278 728,1284 818,1278 907,1278 997,1272 1087,1272 1176,1272 1266,1272 1355,1266 1445,1272 1535,1266 1624,1266 1714,1266 1804,1266 1893,1260 1983,1260 2072,1260 2162,1260 2252,1260 2341,1260"/>
                <TextEquiv>
                    <Unicode>gelangen- und insbesondere ein Stück zu vollenden, dessen letzter Akt an</Unicode>
                </TextEquiv>
            </TextLine>
            <TextLine id="tr_2_tl_9" custom="readingOrder {index:8;}">
                <Coords points="335,1424 2440,1367 2440,1314 2188,1287 338,1335"/>
                <Baseline points="352,1367 382,1373 471,1373 561,1373 651,1367 740,1367 830,1367 919,1367 1009,1367 1099,1367 1188,1361 1278,1361 1367,1361 1457,1355 1547,1355 1636,1355 1726,1355 1815,1355 1905,1355 1995,1350 2084,1350 2174,1350 2263,1350 2353,1350 2443,1355"/>
                <TextEquiv>
                    <Unicode>der dänischen Küste spielen soll. Ich baue dort ein köstliches Hotel hin wie</Unicode>
                </TextEquiv>
            </TextLine>
            <TextLine id="tr_2_tl_10" custom="readingOrder {index:9;}">
                <Coords points="349,1515 2113,1491 2343,1464 2346,1397 349,1434"/>
                <Baseline points="364,1469 376,1463 465,1463 555,1463 645,1463 734,1463 824,1457 913,1457 1003,1457 1093,1457 1182,1451 1272,1451 1361,1451 1451,1451 1541,1451 1630,1445 1720,1451 1809,1445 1899,1445 1989,1445 2078,1445 2168,1445 2257,1439 2347,1439"/>
                <TextEquiv>
                    <Unicode>ich es seinerzeit am Völser Weiher (im weitenLand) gethan- mögen mir die</Unicode>
                </TextEquiv>
            </TextLine>
            <TextLine id="tr_2_tl_11" custom="readingOrder {index:10;}">
                <Coords points="349,1611 1963,1587 2105,1512 351,1507"/>
                <Baseline points="364,1559 406,1559 495,1559 585,1559 675,1553 764,1553 854,1553 943,1553 1033,1553 1123,1547 1212,1547 1302,1547 1391,1547 1481,1541 1571,1541 1660,1541 1750,1541 1839,1541 1929,1535 2019,1535 2108,1535"/>
                <TextEquiv>
                    <Unicode>Gestalten auch so gelingen, wie das Hotel- es ist ersten Ranges.</Unicode>
                </TextEquiv>
            </TextLine>
            <TextLine id="tr_2_tl_12" custom="readingOrder {index:11;}">
                <Coords points="724,1660 2290,1681 2370,1673 2373,1571 724,1606"/>
                <Baseline points="740,1642 764,1648 854,1642 943,1642 1033,1642 1123,1642 1212,1642 1302,1642 1391,1636 1481,1636 1571,1636 1660,1630 1750,1630 1839,1630 1929,1630 2019,1630 2108,1630 2198,1630 2287,1630 2377,1630"/>
                <TextEquiv>
                    <Unicode>Erhalten Sie mir Ihre Freundschaft und seien Sie von Herzen</Unicode>
                </TextEquiv>
            </TextLine>
            <TextLine id="tr_2_tl_13" custom="readingOrder {index:12;}">
                <Coords points="343,1775 2099,1770 2303,1759 2360,1676 343,1703"/>
                <Baseline points="358,1744 394,1750 483,1738 573,1738 663,1738 752,1738 842,1738 931,1732 1021,1732 1111,1732 1200,1732 1290,1726 1379,1732 1469,1726 1559,1726 1648,1726 1738,1726 1827,1726 1917,1720 2007,1720 2096,1720 2186,1720 2275,1720 2365,1720"/>
                <TextEquiv>
                    <Unicode>gegrüsst. Von Ihren atheniensischen Abenteuern hatt ich hier schon in der</Unicode>
                </TextEquiv>
            </TextLine>
            <TextLine id="tr_2_tl_14" custom="readingOrder {index:13;}">
                <Coords points="343,1880 1137,1826 2349,1874 2488,1842 2491,1775 343,1804"/>
                <Baseline points="358,1833 436,1833 525,1833 615,1833 704,1833 794,1827 884,1827 973,1827 1063,1821 1152,1821 1242,1821 1332,1821 1421,1821 1511,1821 1600,1821 1690,1815 1780,1815 1869,1815 1959,1815 2048,1815 2138,1815 2228,1815 2317,1809 2407,1809 2496,1815"/>
                <TextEquiv>
                    <Unicode>Zeitung gelesen. Mein Garten steht voll Rosen,- bin ich auch kein griechischer</Unicode>
                </TextEquiv>
            </TextLine>
            <TextLine id="tr_2_tl_15" custom="readingOrder {index:14;}">
                <Coords points="343,1963 1416,1981 1842,1920 2207,1971 2384,1949 2384,1863 343,1880"/>
                <Baseline points="358,1923 418,1929 507,1929 597,1929 686,1929 776,1923 866,1923 955,1923 1045,1923 1134,1917 1224,1917 1314,1917 1403,1917 1493,1917 1582,1917 1672,1911 1762,1911 1851,1911 1941,1911 2030,1911 2120,1905 2210,1905 2299,1905 2389,1911"/>
                <TextEquiv>
                    <Unicode>Student- ich streue sie alle im Geiste auf Ihr theures Haupt! In Treue Ihr</Unicode>
                </TextEquiv>
            </TextLine>
            <TextLine id="tr_2_tl_16" custom="readingOrder {index:15;}">
                <Coords points="1673,2048 1901,2038 1939,2054 1973,2035 2038,2067 2172,2083 2174,1960 2118,1939 2059,1971 2022,1952 1992,1968 1939,1952 1861,1963 1818,1949 1788,1968 1676,1955"/>
                <Baseline points="1690,2013 1732,2007 1821,2007 1911,2007 2001,2001 2090,2001 2180,2001"/>
                <TextEquiv>
                    <Unicode>Arthur Schnitzler</Unicode>
                </TextEquiv>
            </TextLine>
        </TextRegion>
        <TextRegion id="tr_1" custom="readingOrder {index:1;}">
            <Coords points="3249,350 5376,350 5376,2232 3249,2232"/>
            <TextLine id="tr_1_tl_1" custom="readingOrder {index:0;}">
                <Coords points="3655,461 3687,472 3740,461 3756,472 3764,464 3802,467 3834,434 3861,434 3856,335 3842,335 3805,362 3783,349 3759,365 3730,338 3697,351 3649,346"/>
                <Baseline points="3667,400 3757,406 3846,412 3864,400"/>
                <TextEquiv>
                    <Unicode>„ „</Unicode>
                </TextEquiv>
            </TextLine>
            <TextLine id="tr_1_tl_2" custom="readingOrder {index:1;}">
                <Coords points="4499,491 4566,515 4614,515 4633,496 4676,491 4748,515 4770,496 4818,507 4861,496 4877,509 4915,499 4915,429 4888,432 4848,408 4805,426 4751,402 4673,421 4633,408 4612,424 4547,408 4499,416"/>
                <Baseline points="4515,459 4605,459 4695,459 4784,459 4874,453 4922,459"/>
                <TextEquiv>
                    <Unicode>Wien 25.12.22.</Unicode>
                </TextEquiv>
            </TextLine>
            <TextLine id="tr_1_tl_3" custom="readingOrder {index:2;}">
                <Coords points="3250,593 5148,574 5261,563 5261,485 3252,526"/>
                <Baseline points="3267,579 3297,573 3386,573 3476,573 3566,573 3655,567 3745,567 3834,567 3924,567 4014,567 4103,561 4193,561 4283,555 4372,555 4462,555 4551,555 4641,555 4731,555 4820,549 4910,549 4999,549 5089,543 5179,543 5268,543"/>
                <TextEquiv>
                    <Unicode>Lieber und verehrter Freund, für die Freude, die Sie mir durch die Ueber-</Unicode>
                </TextEquiv>
            </TextLine>
            <TextLine id="tr_1_tl_4" custom="readingOrder {index:3;}">
                <Coords points="3244,694 5285,649 5285,582 5156,574 3247,598"/>
                <Baseline points="3261,663 3321,663 3410,663 3500,663 3590,663 3679,663 3769,657 3858,657 3948,651 4038,657 4127,651 4217,651 4306,651 4396,651 4486,651 4575,645 4665,645 4754,639 4844,645 4934,639 5023,639 5113,639 5202,639 5292,639"/>
                <TextEquiv>
                    <Unicode>sendung Ihres Goethe Buchs bereitet haben, sag ich Ihnen innigsten Dank. Ich</Unicode>
                </TextEquiv>
            </TextLine>
            <TextLine id="tr_1_tl_5" custom="readingOrder {index:4;}">
                <Coords points="3239,764 5226,740 5172,678 3239,692"/>
                <Baseline points="3255,758 3261,752 3351,758 3440,758 3530,758 3619,752 3709,752 3799,746 3888,746 3978,746 4067,746 4157,746 4247,740 4336,740 4426,740 4515,734 4605,734 4695,734 4784,734 4874,734 4963,734 5053,728 5143,728 5232,728"/>
                <TextEquiv>
                    <Unicode>lese es mit dem grössten Genuss- ich habe fast alle andre Lectüre unter-</Unicode>
                </TextEquiv>
            </TextLine>
            <TextLine id="tr_1_tl_6" custom="readingOrder {index:5;}">
                <Coords points="3234,874 4909,871 5349,788 3234,812"/>
                <Baseline points="3249,848 3291,848 3381,848 3470,854 3560,848 3649,842 3739,842 3829,842 3918,842 4008,842 4097,836 4187,836 4277,836 4366,836 4456,830 4545,830 4635,830 4725,830 4814,830 4904,830 4993,830 5083,824 5173,824 5262,824 5352,824"/>
                <TextEquiv>
                    <Unicode>brochen, da mein Antheil wie an dem Gegenstand so an dem Verfasser mit jedem</Unicode>
                </TextEquiv>
            </TextLine>
            <TextLine id="tr_1_tl_7" custom="readingOrder {index:6;}">
                <Coords points="3234,955 4722,987 5212,963 5306,882 3234,874"/>
                <Baseline points="3249,937 3339,943 3428,937 3518,937 3608,937 3697,937 3787,937 3876,937 3966,931 4056,931 4145,931 4235,925 4324,925 4414,925 4504,925 4593,925 4683,919 4772,919 4862,919 4952,919 5041,913 5131,913 5220,913 5310,925"/>
                <TextEquiv>
                    <Unicode>Absatz aufs neue angeragt und entzündet wird. Welche Klarheit, Einfachheit,</Unicode>
                </TextEquiv>
            </TextLine>
            <TextLine id="tr_1_tl_8" custom="readingOrder {index:7;}">
                <Coords points="3247,1064 4891,1046 5215,1019 5215,955 3247,976"/>
                <Baseline points="3261,1033 3339,1033 3428,1033 3518,1033 3608,1027 3697,1027 3787,1027 3876,1021 3966,1021 4056,1021 4145,1021 4235,1021 4324,1021 4414,1015 4504,1015 4593,1015 4683,1015 4772,1009 4862,1009 4952,1009 5041,1009 5131,1009 5220,1009"/>
                <TextEquiv>
                    <Unicode>Lebendigkeit in der Behandlung jedes einzelnen Werkes und dieses ganzen</Unicode>
                </TextEquiv>
            </TextLine>
            <TextLine id="tr_1_tl_9" custom="readingOrder {index:8;}">
                <Coords points="3252,1153 5287,1134 5290,1048 3255,1067"/>
                <Baseline points="3267,1128 3327,1128 3416,1128 3506,1123 3596,1123 3685,1117 3775,1117 3864,1117 3954,1117 4044,1117 4133,1117 4223,1111 4312,1111 4402,1111 4492,1111 4581,1105 4671,1105 4760,1105 4850,1105 4940,1105 5029,1105 5119,1105 5208,1099 5298,1099"/>
                <TextEquiv>
                    <Unicode>unvergleichlich reichen Daseins. Wenn ich nach einem Vergleieh suche, kann</Unicode>
                </TextEquiv>
            </TextLine>
            <TextLine id="tr_1_tl_10" custom="readingOrder {index:9;}">
                <Coords points="3239,1252 5038,1244 5180,1156 3239,1172"/>
                <Baseline points="3255,1212 3303,1218 3392,1218 3482,1218 3572,1212 3661,1212 3751,1212 3840,1212 3930,1212 4020,1212 4109,1206 4199,1206 4288,1206 4378,1206 4468,1200 4557,1200 4647,1200 4736,1200 4826,1200 4916,1194 5005,1194 5095,1194 5185,1194"/>
                <TextEquiv>
                    <Unicode>ich wieder nur auf ein andres Buch von Ihnen zurückgreifen: auf Ihren</Unicode>
                </TextEquiv>
            </TextLine>
            <TextLine id="tr_1_tl_11" custom="readingOrder {index:10;}">
                <Coords points="3234,1335 4901,1341 5279,1303 5312,1231 3236,1260"/>
                <Baseline points="3249,1308 3255,1308 3345,1308 3434,1308 3524,1308 3613,1308 3703,1302 3793,1302 3882,1302 3972,1302 4061,1296 4151,1296 4241,1296 4330,1296 4420,1296 4510,1296 4599,1296 4689,1296 4778,1290 4868,1290 4958,1290 5047,1290 5137,1284 5226,1284 5316,1290"/>
                <TextEquiv>
                    <Unicode>Shakespeare. Wie viel Altersreife war schon in dem früheren Buch,- wie viele</Unicode>
                </TextEquiv>
            </TextLine>
            <TextLine id="tr_1_tl_12" custom="readingOrder {index:11;}">
                <Coords points="3239,1426 4631,1445 5242,1400 5304,1338 3239,1359"/>
                <Baseline points="3255,1403 3339,1403 3428,1403 3518,1403 3608,1397 3697,1397 3787,1397 3876,1391 3966,1391 4056,1391 4145,1391 4235,1391 4324,1391 4414,1391 4504,1385 4593,1385 4683,1379 4772,1379 4862,1379 4952,1379 5041,1379 5131,1379 5220,1379 5310,1373"/>
                <TextEquiv>
                    <Unicode>Jugendfrische ist in diesem neuen. Welchen Glanz breiten Sie über die Ober-</Unicode>
                </TextEquiv>
            </TextLine>
            <TextLine id="tr_1_tl_13" custom="readingOrder {index:12;}">
                <Coords points="3247,1528 5333,1496 5371,1397 3247,1456"/>
                <Baseline points="3261,1487 3315,1493 3404,1493 3494,1493 3584,1487 3673,1487 3763,1487 3852,1487 3942,1487 4032,1487 4121,1487 4211,1487 4300,1481 4390,1481 4480,1481 4569,1475 4659,1475 4748,1475 4838,1475 4928,1475 5017,1475 5107,1475 5196,1469 5286,1469 5376,1475"/>
                <TextEquiv>
                    <Unicode>flächen; in welche Tiefe dringen Sie, ohne jemals dunkel zu werden, Kritische</Unicode>
                </TextEquiv>
            </TextLine>
            <TextLine id="tr_1_tl_14" custom="readingOrder {index:13;}">
                <Coords points="3247,1606 5285,1606 5285,1518 5223,1510 3247,1515"/>
                <Baseline points="3261,1588 3321,1588 3410,1588 3500,1588 3590,1588 3679,1582 3769,1582 3858,1582 3948,1582 4038,1577 4127,1582 4217,1577 4306,1577 4396,1577 4486,1571 4575,1571 4665,1571 4754,1571 4844,1571 4934,1565 5023,1565 5113,1571 5202,1565 5292,1571"/>
                <TextEquiv>
                    <Unicode>Betrachtung, historischer Bericht, culturgeschichtliches Erfassen ergänzen</Unicode>
                </TextEquiv>
            </TextLine>
            <TextLine id="tr_1_tl_15" custom="readingOrder {index:14;}">
                <Coords points="3247,1700 5253,1684 5290,1585 3250,1628"/>
                <Baseline points="3261,1684 3327,1684 3416,1684 3506,1678 3596,1678 3685,1678 3775,1672 3864,1678 3954,1672 4044,1672 4133,1672 4223,1672 4312,1666 4402,1666 4492,1666 4581,1666 4671,1666 4760,1666 4850,1660 4940,1660 5029,1660 5119,1660 5208,1660 5298,1666"/>
                <TextEquiv>
                    <Unicode>sich, fliessen zusammen, und das Ganze einer genialen Persönlichkeit steht</Unicode>
                </TextEquiv>
            </TextLine>
            <TextLine id="tr_1_tl_16" custom="readingOrder {index:15;}">
                <Coords points="3244,1802 5231,1772 5137,1705 4719,1695 3247,1735"/>
                <Baseline points="3261,1768 3267,1774 3357,1774 3446,1774 3536,1774 3625,1768 3715,1768 3805,1768 3894,1768 3984,1762 4073,1762 4163,1762 4253,1762 4342,1762 4432,1762 4521,1756 4611,1756 4701,1756 4790,1756 4880,1750 4969,1750 5059,1750 5149,1750 5238,1762"/>
                <TextEquiv>
                    <Unicode>wohlbekannt und doch von einer leichten und starken Hand neu erschaffen,</Unicode>
                </TextEquiv>
            </TextLine>
            <TextLine id="tr_1_tl_17" custom="readingOrder {index:16;}">
                <Coords points="3239,1901 5183,1872 5266,1858 5269,1772 3239,1807"/>
                <Baseline points="3255,1863 3303,1869 3392,1863 3482,1863 3572,1863 3661,1863 3751,1857 3840,1857 3930,1857 4020,1857 4109,1857 4199,1857 4288,1851 4378,1851 4468,1851 4557,1851 4647,1851 4736,1845 4826,1845 4916,1845 5005,1845 5095,1845 5185,1845 5274,1851"/>
                <TextEquiv>
                    <Unicode>in scharfen und hellen Linien da. Überall Goethe wie er war,- und überall</Unicode>
                </TextEquiv>
            </TextLine>
            <TextLine id="tr_1_tl_18" custom="readingOrder {index:17;}">
                <Coords points="3252,1979 5207,1963 5207,1898 5049,1880 3915,1933 3252,1885"/>
                <Baseline points="3267,1965 3333,1959 3422,1959 3512,1953 3602,1953 3691,1953 3781,1953 3870,1953 3960,1947 4050,1947 4139,1947 4229,1947 4318,1947 4408,1947 4498,1941 4587,1941 4677,1941 4766,1941 4856,1941 4946,1941 5035,1941 5125,1935 5214,1941"/>
                <TextEquiv>
                    <Unicode>auch Brandes wie er ist - und noch lange bleiben möge? Dies mein Gruss,</Unicode>
                </TextEquiv>
            </TextLine>
            <TextLine id="tr_1_tl_19" custom="readingOrder {index:18;}">
                <Coords points="3252,2099 4427,2048 4681,2105 4944,2032 5269,2078 5344,1995 3252,1992"/>
                <Baseline points="3267,2054 3285,2054 3375,2054 3464,2048 3554,2048 3643,2048 3733,2048 3823,2048 3912,2042 4002,2048 4091,2042 4181,2042 4271,2036 4360,2036 4450,2036 4539,2036 4629,2036 4719,2036 4808,2036 4898,2036 4987,2030 5077,2030 5167,2030 5256,2030 5346,2036"/>
                <TextEquiv>
                    <Unicode>lieber und verehrter Freund, und mein Wunsch zum neuen Jahr.- In Bewunderung</Unicode>
                </TextEquiv>
            </TextLine>
            <TextLine id="tr_1_tl_20" custom="readingOrder {index:19;}">
                <Coords points="3234,2153 3276,2158 3306,2183 3330,2166 3405,2177 3467,2207 3542,2180 3563,2191 3649,2180 3649,2107 3598,2094 3553,2097 3534,2116 3499,2094 3464,2110 3386,2094 3365,2113 3319,2091 3234,2105"/>
                <Baseline points="3249,2138 3339,2144 3428,2144 3518,2144 3608,2144 3655,2144"/>
                <TextEquiv>
                    <Unicode>und Treue Ihr</Unicode>
                </TextEquiv>
            </TextLine>
            <TextLine id="tr_1_tl_21" custom="readingOrder {index:20;}">
                <Coords points="4381,2239 4601,2225 4639,2250 4711,2231 4770,2260 4818,2236 4888,2263 4891,2153 4746,2142 4641,2169 4604,2156 4569,2177 4464,2150 4432,2174 4381,2164"/>
                <Baseline points="4396,2222 4486,2222 4575,2216 4665,2216 4754,2216 4844,2216 4898,2222"/>
                <TextEquiv>
                    <Unicode>Arthur Schnitzler</Unicode>
                </TextEquiv>
            </TextLine>
        </TextRegion>
    </Page>
</PcGts>
