5832 3641
643 606 1316 714 Liebster Herr Brandes:
879 606 2399 776 da meine Wohnung etwa zwischen Ihren beiden Bahnhöfen
655 707 2472 854 liegt, ist es am besten, Sie fahren mit Ihrem Gepäck zu mir (der
646 746 2489 926 Portier in unserm Haus kann es aufbewahren; er wird avisirt sein)
673 845 2423 999 wenn Sie es nicht vorziehen, das Gepäck vom Nordbahnhof direkt
660 894 2384 1048 zum Südbahnhof schaffen zu lassen. Aber ich würde den Vorteil
678 977 2563 1107 dieser letzten Anordnung nicht einsehen, es wäre nicht  einmal eine
896 1080 2487 1235 Unser Essen werden wir so einrichten, dass Sie bequem zu
663 1107 962 1200 Ersparnis.
675 1210 1596 1345 Ihrem Zug auf der Südbahn sind.
923 1193 2492 1358 Somit hoff ich Sie am Donnerstag kurz nach 4 bei mir zu
690 1296 2509 1446 begrüssen. (Ich wohne jetzt 2 Tre pen höher.) Natürlich würde ich
690 1358 2531 1512 Sie auch gerne von der Bahn abholen, aber es gibt Menschen, denen
670 1446 2538 1579 das unangenehm ist u. ich weiss nicht, ob Sie am Ende zu diesen ge-
965 1542 2406 1706 Also auf Wiedersehen. Mit den herzlichsten Grüssen
685 1569 891 1662 hören.
700 1694 1515 1841 Ihr treuer Arthur Schnitzler
697 1881 1122 2001 Wien 14.5.90l.
3604 511 5448 633 Lieber und verehrter Herr Brandes, ehe ich wieder einmal auf Reisen
3616 619 5524 727 gehe - das geschieht heute Abend und wahrscheinlich für einige Monate,
3597 707 5563 845 will ich Sie heute noch herzlich grüssen und Ihnen für Ihre Nachrichten
3606 788 5492 928 aus Abazzia danken, das Sie übrigens rascher verlassen haben, scheint
3597 899 5497 984 mir, als Ihre Absicht war. Dass ich Sie nicht wenigstens auf ein paar
3604 975 5426 1110 Minuten zu sehn und zu sprechen bekam, auf der Rückreise, thut mir
3597 1095 5418 1205 leid. Sie entschuldigen sich, dass Sie mir die Zeit geraubt haben-
3594 1173 5480 1259 als wenn Sie nicht wüssten, dass ich Ihnen von ganzen Herzen für die
3597 1240 5450 1380 Stunde danke, die Sie mir widmen. muss ich das wirklich erst sagen?
3597 1340 5438 1461 Das das Geld pünktlich angekommen ist, ersehen Sie daraus, dass Sie
3604 1446 5467 1529 weder Mahnbriefe noch einen Pfändungsauftrag bekommen haben. Richard
3594 1527 5389 1645 Beer-H. ust am Wörthersee, in Pörtschach, Villa Arenstein, u. wird
3592 1615 5538 1728 wohl den ganzen Sommer dort bleiben. Ich fahre vor allem nach Salzburg
3584 1709 5416 1849 und weiss kaum, was ich weiter unternehmen werde. Ich bin sehr er-
3597 1790 5509 1908 füllt von einem schönen Stoff, einem in heutiger Zeit spielenden Trau-
3584 1908 5497 1998 erspiel - und möchte das Stück gern irgendwo im grünen und stillen be-
3592 1966 5448 2116 ginnen und zu Ende führen. Ich freue mich, dass Sie die Hovelle vom
3592 2089 5504 2200 Leutnant Gustl amüsiert hat. Eine Hovelle von X Dostojewaki, Krotkaja,
3582 2187 5526 2283 die ich nicht kenne, soll die gleiche Technik des Gedankenmonlogs auf-
3606 2254 5430 2391 weisen. Mir aber wurde der erste Anlass zu der Form durch eine Ge-
3592 2372 5467 2477 schichte von Dujardin gegeben, betitelt les lauriers sont coupes. Nur
3582 2457 5558 2590 dass dieser Astor für seine Form nicht den rechten Stoff zu finden wuss-
3660 2583 5492 2767 Verbringen Sie einen angenehmen Sommer und lassen Sie wenn Sie ge-
3574 2725 5455 2831 launt sind, einmal eine Zeile an mich gelangen. Ich will Ihnen bald
3579 2823 5430 2951 schreiben, wo ich zur Ruhe gekommen bin. Leben Sie wohl. Von Herzen.
4522 2909 5126 3047 Ihr Arthur Schnitzler
3628 3015 4083 3169 Wien, 11.6.901.
