5840 3641
731 348 1023 492 V. P. I.
773 534 2364 674 Was ich zunächst schreiben möchte, ist eine Komödie, sehr
618 655 2423 751 gesund, sehr frech, und wo einer siegt. Denn bis jetzt sind meine
622 746 2465 879 Leute immer recht schäbig zu Grund gegangen – und selten war es ein
613 823 1055 934 schöner Kampf.-
781 902 2398 1047 Für heute, mein verehrter Herr Brandes, sah ich Ihnen einen
608 1008 2428 1161 herzlichen Gruss, vielen innigen Dank und bin Ihr getreu ergebener
1798 1104 2297 1235 Arthur Schnitzler
5017 363 5345 489 de la riviere
4382 371 4940 556 Ischl, Rudolfshöhe
3661 583 5352 803 hier fällt mir ein Zeitungsblatt in die Hand, dass von Ihrem
3391 595 4152 758 Verehrtester Herr Brandes,
3418 716 5296 899 Befinden schreibt, und aus dem ich nicht klug werde. Sie wissen, wie
3421 793 5409 1008 sehr wir Sie lieben (ich spreche noch im Namen einiger anderer Menschen)
3421 850 5357 1104 und ein Wort, das Sie mir schrieben, oder, wenn Sie wirklich noch lei-
3436 961 5365 1171 dend sind, mir schreiben liessen, brächte viel Beruhigung. Ist es viel
3446 1089 5288 1262 verlangt, wenn ich Sie herzlich bitte, diese Zeilen nicht ganz ohne
3720 1240 5343 1440 Ich bin eben im letzten Drittel Ihres Shakespeare; langsam
3448 1257 3977 1368 Antwort zu lassen?
3463 1321 5340 1554 und mit einer tiefen Freude an dem wunderbaren Entwicklungsgang, den
3478 1457 5320 1638 Sie erzählen und einer gleichen Freude an dem unvergleichlichen Er-
3470 1514 5360 1727 zählmer, lese ich dieses schöne Buch. Was ich immer so sehr an Ihnen
3468 1606 5377 1838 bewundere, hier ist es wieder: wenn Sie ein Werk erklären, steigt der
3478 1682 5451 1934 Mensch auf, der es geschaffen; wenn Sie einen Menschen schildern, sine
3493 1791 5402 2011 ganze Zeit, und so kommt aus allem, was Sie geben, der Schein und das
3510 1885 5434 2102 Tönen des Lebens über die, welche es fassen können. Vor ein paar Mona¬
3507 1991 5414 2176 ten haben Sie mich gefragt, wie mir Ihr Shakespeare gefiele - so darf
3510 2117 5056 2290 ich Ihnen das also sagen, ohne zudringlich zu scheinen.-
3757 2146 5367 2359 Ich hoffe sehr, gutes von Ihnen zu hören, und bald. Meine
3507 2354 4379 2465 innigsten Wünsche sind um Sie,
4347 2411 4742 2549 Ihr dankbarrer
4723 2386 5256 2539 Arthur Schnitzler.
5273 3431 5481 3507 de l'auteur, et de
