5832 3641
1136 409 1348 530 - 3 -
766 722 2550 820 Seit das Wetter schön ist, radl ich auch manchmal aufs Land, und
623 796 2572 914 für den Sommer hab ich grössere Touren auf dem Rad vor. Vielleicht ent-
636 904 2501 1013 schliessen Sie sich einmal, in der heissen Zeit ins Gebirge zu gehn;
636 1010 2572 1128 ich habe mich schon darauf gefreut, einmal mit Ihnen im Freien zu sein,
668 1096 2476 1190 ausserhalb von Stadt und Mauern herumzuspazieren. Vielleicht liess
623 1175 2567 1301 es sich gar machen, dass Sie, Goldmann und Beer-Hofmann und ich irgend-
660 1269 2493 1394 wo zusammentreffen, fern von allen Zeitungen- und am Ende auch von
631 1365 2518 1483 aller "literatur".- Jedenfalls hoff ich Sie sagen mir bald wieder ein
643 1449 2555 1552 Wort, wies Ihnen geht. Es ist eine meiner wirklichen Freuden, dass Sie
631 1547 2136 1700 meiner mit Sympathie gedenken. Ich grüsse Sie herzlich.
1495 1631 2124 1754 Ihr Arthur Schnitzler
621 1742 1015 1845 Wien.3.5.900.
3139 495 3309 643 21)
4430 498 4895 660 Wien, 25.4.901.
3471 675 4060 843 Lieber Herr Brandes,
3713 774 5245 917 Paul Goldmann hat mir Politiken mit Ihrem Artikel über
3474 865 5351 1032 mich gesandt und ich versuchte dänisch zu verstehn, was mir nur zum
3466 966 5383 1128 Theil gelang; die Neue Freie Presse kam mir zu Hilfe - und Sie können
3486 1059 5332 1195 sich denken, wie sehr ich mich gefreut habe, als ich nun alles, was
3486 1155 5445 1308 Sie über mich schrieben, wenn auch nur in der Übersetzung lesen konnte.
3494 1257 5418 1394 Lassen Sie mich Ihnen die Hand drücken - und weiter nichts sagen - wie
3486 1358 4469 1486 es Ihnen ja gewiss am liebsten ist.
3725 1431 5452 1555 Sie haben hoffentlich meine Karte aus Rom bekommen und wissen,
3494 1505 5371 1683 dass ich Ellen key kennen gelernt habe, die mir zu meiner Freude er-
3501 1601 5351 1749 zählte, dass Sie den letzten Winter in vollkommener Gesundheit ver-
3513 1710 5430 1835 bracht haben. Wenige Tage nachdem ich Ellen Keys, deren Wesen mir wahr-
3499 1801 5428 1946 haft wohl that, bei Wassermanns kennen gelernt, traf ich sie ein zwei-
3508 1902 5462 2035 tes Mal und Helge Rhode (? Rode?), den sie mitbrachte. Ich war kaum zwei
3528 1988 5405 2146 Wochen in Rom, eben genug, um zu wissen, wie man es ein nächstes Mal
3513 2082 5401 2227 anzufangen hat, um seine Zeit gut auszunützen. Von Rom ging ich nach
3518 2173 5391 2331 Florenz, wo ich mit meiner Wama Rendervous hatte - aber den Frühling
3513 2257 5445 2402 fand ich nirgends. Man fror beinah immer. Sie waren - oder sind noch?-
3518 2353 5455 2481 in Berlin, wie mir Georg Hirschfeld schrieb; wann kommen Sie wieder zu
3513 2442 5462 2570 uns? Sie würden nicht viel verändert finden. Beer-Hofmann hat nun auch
3511 2540 5472 2693 zu seinen Töchtern einen Sohn bekommen, aber von dem ist begreiflicher-
3538 2641 5415 2762 weise noch nicht viel zu erzählen. Ich werde diemmal wahrscheinlich
3531 2718 5511 2895 sehr bald ins Gebirge reisen; und nach mancherlei Kleinigkeiten, die ich
3518 2794 5445 2966 in den letzten Zeit gemacht, mich wohl endlich wieder an was grösseres
3526 2907 5440 3055 wagen. Einen kleinen Roman, den ich vorigen Winter schrieb, haben Sie
