5840 3641
1937 349 2214 511 1e,7
614 342 965 511 Votre très de l'éviter.
2279 349 2527 514 1
1156 356 1381 547 - 2 -
698 592 2532 745 wenig erbaut gewesen zu sein;— ein Kritiker rief mir zu: "Um Rein-
700 714 2494 848 lichkeit wird gebeten,“ ein anderer sprach geradezu von der wahr-
702 810 2482 932 haft erschreckenden sittlichen Verwahrlosung, "von der das Schau-
700 893 2518 1018 spiel Zeugnis gebe. Eine Berliner Bühne, die das Märchen schon an-
702 989 2513 1101 genommen hatte, trat auf den Wiener Misserfolg hin von ihrer Ver-
726 1080 2580 1211 pflichtung zurück, und somit kann ich wohl die Bühnenlaufbahn dieses
709 1175 2625 1297 Stückes als abgeschlossen ansehen.- Ich habe mich beinahe verpflichtet
702 1288 2575 1381 gefühlt, Ihnen diese äusseren Umstände mitzuteilen, die mich anfangs
702 1376 2577 1481 wohl verstimmt haben, die ich aber bald als das betrachten konnte,
712 1462 1729 1605 was sie sind - als äussere Umstände. -
977 1553 2377 1658 Nochmals, hochverehrter Herr, bitte ich Sie meiner
721 1667 2494 1765 tiefsten Dankbarkeit und meiner unveränderlichen Bewunderung ver-
721 1780 1168 1875 sichert zu sein.
1753 1844 2241 1964 Arthur Schnitzler
1161 3390 1357 3490 à la
3929 363 4123 502 17/1
4316 365 4677 502 Votre très obéissant avec la vieuse
3590 545 4166 698 Sehr verehrter Herr,
3877 592 5351 719 Ihr freundlicher Brief hat mich aufs höchste erfreut.
3593 695 5403 848 Ich habe das Buch nur einigen persönlichen Bekannten gegeben – und
3593 781 5358 948 ich darf mir wohl gestatten, Ihre Bemerkung, dass ich "in meinem
3595 867 5399 1051 Erfolg“ Ihrer vergessen habe, als Scherz aufzufassen. Oder halten
3602 951 5463 1130 Sie mich für so stupid, dass der Zufall eines Knolges mich in meiner
3602 1041 5451 1199 Stellung zu Menschen, die ich bewundere, verändern könnte? So nehme
3619 1149 5482 1290 ich also jene Bemerkung lieber als eine liebenswürdige Aufforderung,
3619 1256 5427 1381 auf die ich stolz bin, und bitte Sie um die Ehre, auch dieses ver-
3614 1369 4801 1491 spätete Exemplar gütigst entgegen zu nehmen
3972 1412 5487 1557 In der Hoffnung, Ihnen doch einmal persönlich begegnen
3614 1543 4997 1655 zu dürfen, bleibe ich mit verbindlichsten Grüssen
3992 1646 4572 1763 Ihr dankbar ergebener
4553 1706 5050 1820 Arthur Schnitzler
3633 1837 4018 1947 Wien 25.4.96.
