5822 3594
1373 278 1569 438 G.C.F.P.
1698 399 2177 518 Wien, 30.11.918.
729 577 1716 739 Lieber und verehrter Herr Brandes,
940 641 2661 788 Darf ich Sie bitten, Herrn Sonne, der Ihnen die herzlichsten
745 716 2563 848 Grüsse überbringt, freundlich aufzunehmen? Er reist in national-
763 799 2538 951 jüdischen Angelegenheiten nach Kopenhagen, und von dort weiter,
760 840 2615 989 und wird Ihnen, wenn Sie es gestatten, allerlei berichten, was Sie
760 907 2569 1079 sehr interessieren wird. Jedenfalls werden Sie in ihm einen sehr
768 982 2527 1128 klugen, höchst unterrichteten und in bestem Sinne tätigen Mann
969 1082 2625 1257 Lassen Sie mich Ihnen heute nur flüchtig für Ihren letzten
752 1113 1172 1211 kennen lernen.
765 1172 2532 1358 Brief danken - in den nächsten Tagen soll es ausführlicher ge-
814 1237 2569 1399 schehen - und hoffentlich lässt sich bald schöneres erzählen X
773 1322 2538 1486 als es heute möglich wäre. Die Meinen sind alle wohl;- und ich
778 1358 2664 1538 arbeite so gut es geht ;- aber es gelt nicht gut. Immerhin erhalten
783 1474 2306 1628 Sie eine neue Nevelle von mir zugeschickt! Von Herzen
2118 1566 2636 1695 Arthur Schnitzler
4606 299 5019 435 XVIII Sternwar
4627 412 5019 497 Wien, 16. Augus
3535 469 5547 665 Lieber und verehrter Freund, mit Freud les ich aus Ihrem Brief, dass Sie
3535 572 5534 732 arbeiten und sich wohl befinden. Wann aber werden wir, die hicht dänisch
3535 657 5451 848 gverstehen, Ihre neuen Bücher kennen lernen? Goethe, Voltaire, Julius
3547 773 5495 915 Caesar - keines von den dreien ist meines Wissens in deutscher Sprache
3547 858 4640 1015 erschienen oder bisher nur angekündigt.
3718 953 5487 1082 Verzeichen Sie mir, dass ich mit Bleistift schreibe,- so wird es
3560 997 5560 1206 leserlicher als mit der Feder (auch die sind während des Krieges hundert-
3566 1116 5513 1296 mal schlechter geworden); und seit einer ziemlich erheblichen Oberarm-
3578 1213 5513 1383 verletzung, die ich im Frühjahr durch einen Sturz über eine Baumwurzel
3573 1293 5632 1448 erlitt und die mir durch ein paar Wochen das Schreiben ganz unmöglich mach-
3571 1401 5614 1561 te, scheint mir, dass die Stahlfeder meiner Schrift noch weniger entgegen-
3573 1489 5567 1631 kommt als früher. Die Sache ist übrigens schon ganz gut. Auch sonst darf
3591 1595 5567 1721 ich über mein Befinden (abgesehen von dem vertreckten Ohr) nicht klagen.
3584 1685 5529 1814 Wir alle bringen uns, materiell, körperlich, seelisch, über diese Zeit
3584 1767 5598 1924 des Grauens und der Schurkerei ganz leidlich fort. Alle d.h. die Meinigen,
3581 1857 5655 2033 nahe Verwandte und Freunde. Die Zustände in Oesterreich, in Wien vor allem,
3594 1937 5627 2136 sind schlimm genug-aber in die Ferne dringen doch alle Nachrichten so con-
3614 2053 5642 2190 centriert, dass man notwendig ein übertriebenes Bild empfängt. Am übelsten
3614 2143 5572 2283 dran ist natürlich der sog. Mittelstand, eine gewisse Sorte von Beamten,
3625 2216 5632 2396 ehemaligen Offizieren, Aerzten, Advokanten, Künstlern,-Rentiers, die sich
3620 2337 5585 2473 mit einer kleinen Rente ins Privatleben zurückgezogen haben und nun, da
3620 2414 5655 2584 alles, nach unserer Valuta 50 - 100 mal theurer geworden ist, langsam ver-
3620 2507 5688 2664 hungern oder wenigstens proletarisieren. Dem sog.Proletariat, dem einstigen
3633 2592 5668 2764 (freilich gibt es auch hier Ausnahmen) geht es besser als je, und man darf
3620 2690 5650 2862 nicht behaupten, dass diese Schicht elhisch ihrem Aufstieg sich gewachsen
3638 2788 5642 2942 zeigt. Aber warum sollten unter den Kanalpapolz, Laternanzündern, Greiss-
3633 2891 5639 3030 lern, Fabriksarbeitern, Lokomotivführern u.s.w.die Parvenus sich besser be-
3630 2983 5567 3153 nehmen als sie es in andern Ständen zu tun pflegten? An den sog neuen
1579 3357 1852 3465 que je ne suis ai pas
3527 3380 3710 3486 Votre très
