5840 3641
1161 518 1381 628 - 8 -
640 626 2515 817 Nun, die Liebenswürdigkeit anderer Kritiker hat mich vor dieser Ge-
643 779 1046 901 fahr bewahrt.
650 877 2446 994 Es war vor Jahren ein Streit: Ein Kritiker fühlte sich beleidigt,
650 967 2231 1089 weil ein Autor sich ihm als Schaffender gegenüberstellte.
655 1044 1357 1173 Ein Wortstreit natürlich.
662 1142 2489 1249 Es handelte sich nicht um Herabsetzung kritischer Tätigkeit gegen
650 1223 2554 1326 über rein produzierender. Eine Kategorisierung war beabsichtigt. Gäbe
643 1319 2480 1457 es lauter Kritiker Ihrer Art, so hätte sich ein solcher Streit nie
652 1405 1094 1541 erheben können.
643 1536 2527 1696 Ich grüsse Sie als einen der klarsten, als denen der freiesten, alz
650 1658 2537 1796 einen der umfassendsten Geister, die heute leben. Es ist eine Freude,
643 1761 2076 1875 dass Sie da sind. Erhalten Sie sich uns noch lange!
655 1851 2480 1959 Es gibt auch, so seltsam es klingt, noch ein paar Dutzend grosser
655 1944 2575 2033 Männer, über die sich Bücher schreiben liessen. Wir sehen den nächsten
643 2018 1990 2169 zwanzig Bänden mit freudiger Erwartung entgegen.
4711 318 4875 461 P.P.
5014 375 5222 511 gasse 1
5009 478 5274 576 Juni 94.
3636 545 4185 659 Hochverehrter Herr,
3889 638 5475 750 es ist nicht schwer sich vorzustellen, wieviel Bücher Sie
3645 738 5437 853 zugesandt bekommen, und als ich mir erlaubte, Ihnen die meinen zu
3645 848 5508 934 schicken, habe ich natürlich gehofft - habe aber gewiss nicht darauf
3645 915 5411 1025 gerechnet, dass Sie Zeit und Lust haben würden, die Bücher eines
3645 1008 5508 1116 ziemlich Unbekannten zu lesen. Und nun habe ich Ihrem Brief bekommen,
3638 1118 5403 1223 mit all dem liebenswürdigen und ehrenvollen, das er enthält; und
3645 1206 5370 1307 ich kann Ihnen garnicht sagen, eine wie tiefe Freude er mir be-
3650 1311 5528 1395 deutet hat. Auf eine kurze Reise, von der ich eben zurückgekehrt bin,
3638 1378 5487 1493 hatte ich Ihr letztes mir unbekanntes Buch "Menschen und Werke“ mit-
3645 1488 5532 1586 genommen. Ich bin es gewohnt, Ihre Bücher mit der stillen Bewunderung
3638 1584 5556 1672 zu lesen, die man grossen und fernen Geistern entgegen bringt; diesmal
3629 1667 5492 1775 habe ich aber auch andres empfunden. Ich glaube es war eine Art von
3629 1749 5528 1856 Stolz. Mit einem Mal ist meine Existenz in das Bereich Ihres Schauens
3629 1842 5532 1954 gerückt, und wenn ich Ihnen sage, dass ich Sie verehre, so geht meine
3633 1944 5520 2045 Stimme nicht unter den tausenden verloren, deren Namen Sie nicht ken-
3629 2045 5480 2126 nen. Diese vielleicht etwas hochmütige Empfindung blieb mir von der
3633 2114 5470 2226 ersten bis zur letzten Zeile,- und, ich will es Ihnen nur gestehen, sie
3633 2219 5485 2315 hat mir so wohl getan, dass ich mir sehr fest vorgenömmen habe, von
3621 2324 5449 2389 Ihnen nicht wieder vergessen zu werden. Ihre Worte, hochverehrter
3621 2398 5508 2518 Herr, sind mehr als Anerkennung, Lob, Ermuthigung - ich betrachte sie
3631 2518 5518 2649 als Würde, die mir verliehen ist; - lassen Sie mich Ihnen aufs innig-
3621 2587 4109 2697 ste dafür danken.
3860 2666 5413 2807 Es ist Ihnen, hochverehrter Herr, kaum bekannt geworden,
3605 2804 5516 2895 dass "das Märchen" bereits aufgeführt worden ist. Man hat es in Wien,
3602 2888 5432 2995 im Deutschen Volkstheater, gegeben. Die zwei ersten Akte gefielen;
3605 2976 5425 3081 der dritte missfiel so gründlich, dass er das ganze Stück mitriss.
3605 3060 5492 3230 Insbesondere scheint man über die moralischen Qualitäten des Stückes
