<?xml version="1.0" encoding="UTF-8" standalone="yes"?>
<PcGts xmlns="http://schema.primaresearch.org/PAGE/gts/pagecontent/2013-07-15" xmlns:xsi="http://www.w3.org/2001/XMLSchema-instance" xsi:schemaLocation="http://schema.primaresearch.org/PAGE/gts/pagecontent/2013-07-15 http://schema.primaresearch.org/PAGE/gts/pagecontent/2013-07-15/pagecontent.xsd">
    <Metadata>
        <Creator>prov=READ-COOP:name=TrHtr:version=2.1.0:model_id=51170:date=29_07_2023_11:06</Creator>
        <Created>2023-05-10T12:30:47.935+02:00</Created>
        <LastChange>2023-07-29T11:06:02.491+02:00</LastChange>
        <TranskribusMetadata docId="1428211" pageId="55403442" pageNr="50" tsid="131408722" status="IN_PROGRESS" userId="64420" imgUrl="https://files.transkribus.eu/Get?id=NALQBNNJEZXTTKXVAGSSWEJB&amp;fileType=view" xmlUrl="https://files.transkribus.eu/Get?id=ZTVBEQTYNVZFQCXOICVESPMD" imageId="44678263"/>
    </Metadata>
    <Page imageFilename="1428211_0050.jpg" imageWidth="5849" imageHeight="3608">
        <ReadingOrder>
            <OrderedGroup id="ro_1711795724511" caption="Regions reading order">
                <RegionRefIndexed index="0" regionRef="tr_1"/>
                <RegionRefIndexed index="1" regionRef="tr_2"/>
            </OrderedGroup>
        </ReadingOrder>
        <TextRegion id="tr_1" custom="readingOrder {index:0;}">
            <Coords points="370,374 2496,374 2496,3128 370,3128"/>
            <TextLine id="tr_1_tl_1" custom="readingOrder {index:0;}">
                <Coords points="1965,468 2045,471 2074,452 2090,452 2127,465 2140,479 2162,476 2156,338 2124,338 2082,364 1962,354"/>
                <Baseline points="1977,424 2066,424 2156,430 2162,430"/>
                <TextEquiv>
                    <Unicode>1   ƒ</Unicode>
                </TextEquiv>
            </TextLine>
            <TextLine id="tr_1_tl_2" custom="readingOrder {index:1;}">
                <Coords points="768,481 782,484 811,465 832,471 840,465 861,468 872,457 891,463 899,455 925,455 925,343 883,335 864,348 838,343 806,359 768,348"/>
                <Baseline points="782,436 872,430 931,436"/>
                <TextEquiv>
                    <Unicode>"   "</Unicode>
                </TextEquiv>
            </TextLine>
            <TextLine id="tr_1_tl_3" custom="readingOrder {index:2;}">
                <Coords points="1133,473 1173,476 1183,465 1202,473 1215,463 1250,468 1274,484 1292,473 1343,473 1343,348 1303,343 1268,319 1236,338 1204,322 1191,335 1183,330 1133,348"/>
                <Baseline points="1146,453 1236,453 1326,453 1350,453"/>
                <TextEquiv>
                    <Unicode>- 2 -</Unicode>
                </TextEquiv>
            </TextLine>
            <TextLine id="tr_1_tl_4" custom="readingOrder {index:3;}">
                <Coords points="380,614 2377,614 2377,534 2066,518 380,529"/>
                <Baseline points="394,597 412,597 501,603 591,603 680,603 770,603 860,597 949,597 1039,597 1128,597 1218,597 1308,597 1397,597 1487,597 1577,597 1666,597 1756,591 1845,591 1935,591 2025,591 2114,591 2204,597 2293,591 2383,591"/>
                <TextEquiv>
                    <Unicode>Sie wissen; aber es würde zu weit führen, da in Einzelheiten einzugehen;-</Unicode>
                </TextEquiv>
            </TextLine>
            <TextLine id="tr_1_tl_5" custom="readingOrder {index:4;}">
                <Coords points="372,734 2372,734 2321,619 372,641"/>
                <Baseline points="388,698 406,692 495,692 585,692 675,692 764,692 854,692 943,692 1033,692 1123,692 1212,686 1302,686 1391,686 1481,686 1571,686 1660,686 1750,686 1839,686 1929,686 2019,686 2108,686 2198,686 2287,686 2377,692"/>
                <TextEquiv>
                    <Unicode>an Conflicten seelischer Art mangelt es ja in diesen Grenzjahren (es ist</Unicode>
                </TextEquiv>
            </TextLine>
            <TextLine id="tr_1_tl_6" custom="readingOrder {index:5;}">
                <Coords points="380,848 2212,848 2321,832 2324,728 380,758"/>
                <Baseline points="394,782 483,788 573,788 663,782 752,782 842,788 931,782 1021,782 1111,782 1200,782 1290,788 1379,782 1469,782 1559,782 1648,782 1738,782 1827,782 1917,782 2007,782 2096,782 2186,782 2275,782 2329,782"/>
                <TextEquiv>
                    <Unicode>vielleicht kühn, mit 63 noch von Grenzjahren zu reden, aber gerade Sie</Unicode>
                </TextEquiv>
            </TextLine>
            <TextLine id="tr_1_tl_7" custom="readingOrder {index:6;}">
                <Coords points="380,939 1074,912 1149,939 1149,856 1074,830 774,848 431,827 380,851"/>
                <Baseline points="394,878 483,878 573,878 663,878 752,878 842,878 931,878 1021,878 1111,878 1152,878"/>
                <TextEquiv>
                    <Unicode>werden mich verstehen) nie.</Unicode>
                </TextEquiv>
            </TextLine>
            <TextLine id="tr_1_tl_8" custom="readingOrder {index:7;}">
                <Coords points="654,1010 2433,1024 2435,917 2321,899 657,928"/>
                <Baseline points="669,979 734,973 824,973 913,973 1003,973 1093,973 1182,973 1272,967 1361,967 1451,967 1541,967 1630,967 1720,967 1809,967 1899,967 1989,967 2078,967 2168,967 2257,967 2347,967 2437,973"/>
                <TextEquiv>
                    <Unicode>Dabei fühl ich doch, dass ich im Grunde nicht klagen dürfte (ich</Unicode>
                </TextEquiv>
            </TextLine>
            <TextLine id="tr_1_tl_9" custom="readingOrder {index:8;}">
                <Coords points="367,1101 2316,1106 2372,997 367,1024"/>
                <Baseline points="382,1063 471,1069 561,1069 651,1069 740,1063 830,1069 919,1069 1009,1063 1099,1063 1188,1063 1278,1063 1367,1063 1457,1063 1547,1063 1636,1063 1726,1063 1815,1063 1905,1063 1995,1063 2084,1063 2174,1063 2263,1063 2353,1063 2377,1063"/>
                <TextEquiv>
                    <Unicode>thu's auch selten),- besonders darum weil meine beiden Kinder sehr wohl</Unicode>
                </TextEquiv>
            </TextLine>
            <TextLine id="tr_1_tl_10" custom="readingOrder {index:9;}">
                <Coords points="372,1218 2236,1196 2271,1101 372,1117"/>
                <Baseline points="388,1170 394,1164 483,1158 573,1158 663,1158 752,1158 842,1158 931,1158 1021,1158 1111,1158 1200,1158 1290,1158 1379,1158 1469,1158 1559,1158 1648,1152 1738,1152 1827,1152 1917,1152 2007,1152 2096,1152 2186,1152 2275,1158"/>
                <TextEquiv>
                    <Unicode>geraten sind (auch steh ich jetzt mit meiner früheren Gattin, die in</Unicode>
                </TextEquiv>
            </TextLine>
            <TextLine id="tr_1_tl_11" custom="readingOrder {index:10;}">
                <Coords points="367,1295 2348,1292 2348,1188 367,1204"/>
                <Baseline points="382,1254 471,1248 561,1254 651,1248 740,1248 830,1254 919,1248 1009,1248 1099,1248 1188,1248 1278,1248 1367,1248 1457,1248 1547,1248 1636,1248 1726,1248 1815,1248 1905,1254 1995,1248 2084,1248 2174,1248 2263,1248 2353,1254"/>
                <TextEquiv>
                    <Unicode>Baden-Baden lebt, in sehr freundschaftlichen, natürlich nicht</Unicode>
                </TextEquiv>
            </TextLine>
            <TextLine id="tr_1_tl_12" custom="readingOrder {index:11;}">
                <Coords points="367,1359 2276,1385 2388,1364 2388,1289 367,1300"/>
                <Baseline points="382,1344 424,1344 513,1344 603,1350 692,1344 782,1344 872,1344 961,1344 1051,1344 1140,1344 1230,1344 1320,1344 1409,1344 1499,1344 1588,1344 1678,1344 1768,1344 1857,1344 1947,1344 2036,1344 2126,1344 2216,1344 2305,1338 2395,1338"/>
                <TextEquiv>
                    <Unicode>immer ungetrübten Beziehungen), und ferner weil ich mich in meiner Schaf-</Unicode>
                </TextEquiv>
            </TextLine>
            <TextLine id="tr_1_tl_13" custom="readingOrder {index:12;}">
                <Coords points="367,1452 1981,1494 2377,1457 2380,1399 370,1399"/>
                <Baseline points="382,1439 471,1439 561,1439 651,1439 740,1439 830,1439 919,1439 1009,1439 1099,1439 1188,1439 1278,1439 1367,1439 1457,1439 1547,1439 1636,1439 1726,1439 1815,1439 1905,1433 1995,1433 2084,1433 2174,1433 2263,1439 2353,1433 2383,1439"/>
                <TextEquiv>
                    <Unicode>fenslust eher noch wachsen als abnehmen fühle. Auch an äusseren Erfolgen</Unicode>
                </TextEquiv>
            </TextLine>
            <TextLine id="tr_1_tl_14" custom="readingOrder {index:13;}">
                <Coords points="372,1571 2276,1577 2390,1558 2390,1468 372,1494"/>
                <Baseline points="388,1529 424,1529 513,1529 603,1529 692,1529 782,1529 872,1529 961,1529 1051,1529 1140,1529 1230,1529 1320,1529 1409,1529 1499,1529 1588,1529 1678,1529 1768,1529 1857,1529 1947,1529 2036,1529 2126,1523 2216,1523 2305,1529 2395,1523"/>
                <TextEquiv>
                    <Unicode>fehlt es nicht; und nach einer Periode, die sich ein wenig bedenklich an-</Unicode>
                </TextEquiv>
            </TextLine>
            <TextLine id="tr_1_tl_15" custom="readingOrder {index:14;}">
                <Coords points="378,1638 2279,1659 2374,1638 2377,1561 380,1569"/>
                <Baseline points="394,1618 483,1624 573,1630 663,1624 752,1618 842,1618 931,1618 1021,1618 1111,1618 1200,1618 1290,1618 1379,1618 1469,1618 1559,1618 1648,1618 1738,1618 1827,1618 1917,1618 2007,1618 2096,1618 2186,1618 2275,1618 2365,1618 2383,1618"/>
                <TextEquiv>
                    <Unicode>liess, glaub ich auch materiell - ach nicht durch das Vorhandensein von</Unicode>
                </TextEquiv>
            </TextLine>
            <TextLine id="tr_1_tl_16" custom="readingOrder {index:15;}">
                <Coords points="372,1779 2164,1755 2233,1731 2233,1651 372,1678"/>
                <Baseline points="388,1708 477,1714 567,1714 657,1714 746,1714 836,1714 925,1714 1015,1714 1105,1714 1194,1714 1284,1714 1373,1714 1463,1714 1553,1714 1642,1714 1732,1714 1821,1714 1911,1714 2001,1708 2090,1714 2180,1714 2240,1720"/>
                <TextEquiv>
                    <Unicode>Vermögen - wer besitzt denn jetzt etwas!,- aber durch das Ansteigen</Unicode>
                </TextEquiv>
            </TextLine>
            <TextLine id="tr_1_tl_17" custom="readingOrder {index:16;}">
                <Coords points="367,1819 2345,1872 2425,1840 2425,1744 367,1781"/>
                <Baseline points="382,1809 459,1809 549,1809 639,1809 728,1809 818,1809 907,1809 997,1809 1087,1809 1176,1804 1266,1809 1355,1804 1445,1804 1535,1804 1624,1804 1714,1804 1804,1804 1893,1804 1983,1804 2072,1809 2162,1809 2252,1804 2341,1804 2431,1804"/>
                <TextEquiv>
                    <Unicode>meiner Einnahmen,- mit Ruhe in die Zukunft blicken zu dürfen. Und blasiert</Unicode>
                </TextEquiv>
            </TextLine>
            <TextLine id="tr_1_tl_18" custom="readingOrder {index:17;}">
                <Coords points="367,1930 2348,1936 2348,1835 367,1853"/>
                <Baseline points="382,1899 471,1899 561,1899 651,1899 740,1899 830,1899 919,1899 1009,1899 1099,1899 1188,1899 1278,1899 1367,1899 1457,1899 1547,1899 1636,1899 1726,1893 1815,1893 1905,1893 1995,1899 2084,1899 2174,1899 2263,1899 2353,1905"/>
                <TextEquiv>
                    <Unicode>bin ich ja nicht - mir macht eigentlich alles mehr Freude als es mir in</Unicode>
                </TextEquiv>
            </TextLine>
            <TextLine id="tr_1_tl_19" custom="readingOrder {index:18;}">
                <Coords points="362,2039 2334,2023 2276,1914 362,1930"/>
                <Baseline points="376,1995 459,1989 549,1989 639,1989 728,1989 818,1989 907,1989 997,1989 1087,1989 1176,1989 1266,1989 1355,1989 1445,1995 1535,1989 1624,1989 1714,1989 1804,1989 1893,1989 1983,1995 2072,1989 2162,1989 2252,1989 2341,1989"/>
                <TextEquiv>
                    <Unicode>meiner Jugend gemacht hat,- jede Blume, jeder Spaziergang, jedes schöne</Unicode>
                </TextEquiv>
            </TextLine>
            <TextLine id="tr_1_tl_20" custom="readingOrder {index:19;}">
                <Coords points="356,2130 2489,2108 2489,2047 2380,2029 356,2034"/>
                <Baseline points="370,2084 459,2084 549,2084 639,2084 728,2084 818,2084 907,2084 997,2084 1087,2084 1176,2084 1266,2084 1355,2084 1445,2084 1535,2084 1624,2084 1714,2084 1804,2078 1893,2084 1983,2084 2072,2084 2162,2078 2252,2084 2341,2084 2431,2084 2496,2084"/>
                <TextEquiv>
                    <Unicode>Buch und Herzlichkeit mancher Art, die mir entgegengebracht wird. “So wollen</Unicode>
                </TextEquiv>
            </TextLine>
            <TextLine id="tr_1_tl_21" custom="readingOrder {index:20;}">
                <Coords points="367,2196 2308,2212 2401,2201 2401,2119 367,2140"/>
                <Baseline points="382,2174 471,2174 561,2174 651,2174 740,2174 830,2174 919,2174 1009,2174 1099,2174 1188,2174 1278,2174 1367,2174 1457,2174 1547,2174 1636,2174 1726,2174 1815,2174 1905,2174 1995,2180 2084,2180 2174,2180 2263,2174 2353,2174 2407,2174"/>
                <TextEquiv>
                    <Unicode>wirs dennoch eine Weile weiter treiben" wie ein sehr Grosser gesagt haben</Unicode>
                </TextEquiv>
            </TextLine>
            <TextLine id="tr_1_tl_22" custom="readingOrder {index:21;}">
                <Coords points="356,2295 2326,2316 2435,2292 2435,2183 2132,2241 356,2236"/>
                <Baseline points="370,2269 459,2269 549,2269 639,2269 728,2269 818,2269 907,2269 997,2269 1087,2269 1176,2269 1266,2269 1355,2275 1445,2269 1535,2269 1624,2269 1714,2269 1804,2269 1893,2275 1983,2269 2072,2269 2162,2269 2252,2275 2341,2269 2431,2275 2443,2269"/>
                <TextEquiv>
                    <Unicode>könnte und wahrscheinlich irgendwo gesagt hat- und Sie sollen wissen, lieb-</Unicode>
                </TextEquiv>
            </TextLine>
            <TextLine id="tr_1_tl_23" custom="readingOrder {index:22;}">
                <Coords points="372,2388 2454,2396 2470,2308 372,2321"/>
                <Baseline points="388,2371 477,2365 567,2365 657,2365 746,2365 836,2365 925,2365 1015,2365 1105,2365 1194,2365 1284,2365 1373,2365 1463,2365 1553,2365 1642,2365 1732,2365 1821,2365 1911,2365 2001,2365 2090,2365 2180,2371 2269,2365 2359,2371 2449,2371 2473,2371"/>
                <TextEquiv>
                    <Unicode>ster Freund, dass ich, wenn auch gelegentlich ein wenig verdüstert, mich gar</Unicode>
                </TextEquiv>
            </TextLine>
            <TextLine id="tr_1_tl_24" custom="readingOrder {index:23;}">
                <Coords points="362,2473 2212,2520 2454,2473 2454,2409 362,2422"/>
                <Baseline points="376,2455 465,2455 555,2455 645,2455 734,2455 824,2455 913,2455 1003,2455 1093,2455 1182,2455 1272,2455 1361,2461 1451,2455 1541,2461 1630,2455 1720,2455 1809,2461 1899,2461 1989,2461 2078,2461 2168,2461 2257,2467 2347,2461 2437,2461 2461,2467"/>
                <TextEquiv>
                    <Unicode>nicht übel befinde,- und hoffentlich mach ich auch Ihnen einen vergnügteren</Unicode>
                </TextEquiv>
            </TextLine>
            <TextLine id="tr_1_tl_25" custom="readingOrder {index:24;}">
                <Coords points="362,2584 513,2566 598,2608 659,2571 883,2598 920,2566 1165,2563 1348,2587 1327,2507 1024,2486 888,2520 819,2483 362,2510"/>
                <Baseline points="376,2556 459,2550 549,2550 639,2550 728,2550 818,2550 907,2550 997,2550 1087,2550 1176,2550 1266,2550 1355,2550"/>
                <TextEquiv>
                    <Unicode>Eindruck, wenn wir uns wiedersehen.</Unicode>
                </TextEquiv>
            </TextLine>
            <TextLine id="tr_1_tl_26" custom="readingOrder {index:25;}">
                <Coords points="606,2685 2236,2675 2265,2590 606,2598"/>
                <Baseline points="621,2646 710,2646 800,2646 890,2646 979,2646 1069,2646 1158,2646 1248,2646 1338,2646 1427,2646 1517,2646 1606,2646 1696,2646 1786,2646 1875,2646 1965,2646 2054,2646 2144,2646 2234,2646 2269,2658"/>
                <TextEquiv>
                    <Unicode>Wie gut begreife ich, dass Sie nicht nach „Leningrad“ gehen</Unicode>
                </TextEquiv>
            </TextLine>
            <TextLine id="tr_1_tl_27" custom="readingOrder {index:26;}">
                <Coords points="367,2754 2178,2786 2425,2746 2425,2651 2167,2712 367,2715"/>
                <Baseline points="382,2741 471,2741 561,2741 651,2741 740,2741 830,2741 919,2741 1009,2741 1099,2741 1188,2741 1278,2741 1367,2741 1457,2741 1547,2741 1636,2741 1726,2741 1815,2741 1905,2741 1995,2741 2084,2741 2174,2741 2263,2741 2353,2741 2431,2741"/>
                <TextEquiv>
                    <Unicode>wollen- auch ich, (selbst wenn ich dort nicht reden müsste) hätte nicht die</Unicode>
                </TextEquiv>
            </TextLine>
            <TextLine id="tr_1_tl_28" custom="readingOrder {index:27;}">
                <Coords points="356,2866 2481,2855 2481,2768 356,2760"/>
                <Baseline points="370,2843 424,2837 513,2837 603,2831 692,2831 782,2831 872,2831 961,2831 1051,2831 1140,2831 1230,2831 1320,2831 1409,2831 1499,2831 1588,2831 1678,2831 1768,2831 1857,2831 1947,2831 2036,2837 2126,2831 2216,2837 2305,2831 2395,2837 2484,2837"/>
                <TextEquiv>
                    <Unicode>geringste Lust dazu. Kennen Sie das (kleine) Buch von Bucharin über den Bol-</Unicode>
                </TextEquiv>
            </TextLine>
            <TextLine id="tr_1_tl_29" custom="readingOrder {index:28;}">
                <Coords points="362,2938 2417,2972 2478,2853 362,2874"/>
                <Baseline points="376,2932 465,2927 555,2927 645,2921 734,2921 824,2921 913,2921 1003,2921 1093,2921 1182,2921 1272,2927 1361,2927 1451,2927 1541,2927 1630,2927 1720,2927 1809,2927 1899,2927 1989,2927 2078,2927 2168,2927 2257,2927 2347,2927 2437,2927 2484,2932"/>
                <TextEquiv>
                    <Unicode>schewismus? Wenn die deutsche Übersetzung nicht etwa zu dem Zwecke gefälscht</Unicode>
                </TextEquiv>
            </TextLine>
            <TextLine id="tr_1_tl_30" custom="readingOrder {index:29;}">
                <Coords points="362,3066 2329,3058 2419,2970 362,2978"/>
                <Baseline points="376,3022 465,3028 555,3016 645,3016 734,3016 824,3016 913,3016 1003,3016 1093,3016 1182,3016 1272,3016 1361,3016 1451,3016 1541,3016 1630,3016 1720,3022 1809,3016 1899,3022 1989,3022 2078,3022 2168,3022 2257,3022 2347,3022 2425,3028"/>
                <TextEquiv>
                    <Unicode>ist, um die Idee - (die Idee!!!) des Bolschewismus zu compromitieren, dann</Unicode>
                </TextEquiv>
            </TextLine>
            <TextLine id="tr_1_tl_31" custom="readingOrder {index:30;}">
                <Coords points="362,3145 1731,3180 1970,3151 1970,3050 362,3066"/>
                <Baseline points="376,3118 465,3118 555,3118 645,3112 734,3112 824,3112 913,3112 1003,3112 1093,3112 1182,3112 1272,3112 1361,3112 1451,3112 1541,3112 1630,3118 1720,3118 1809,3118 1899,3118 1977,3118"/>
                <TextEquiv>
                    <Unicode>hat es Bucharin selbst in unübertrefflicher Weise gethan. -</Unicode>
                </TextEquiv>
            </TextLine>
        </TextRegion>
        <TextRegion id="tr_2" custom="readingOrder {index:1;}">
            <Coords points="3321,374 5429,374 5429,2118 3321,2118"/>
            <TextLine id="tr_2_tl_1" custom="readingOrder {index:0;}">
                <Coords points="4919,468 4943,468 4953,479 4993,452 5022,447 5041,465 5089,476 5169,471 5166,356 5131,351 5107,364 5078,351 5049,364 5020,359 4982,327 4916,343"/>
                <Baseline points="4934,436 5023,424 5113,430 5173,436"/>
                <TextEquiv>
                    <Unicode>„ „ —”</Unicode>
                </TextEquiv>
            </TextLine>
            <TextLine id="tr_2_tl_2" custom="readingOrder {index:1;}">
                <Coords points="3898,463 3911,465 3919,457 3946,468 3972,492 3999,492 4068,452 4113,452 4116,401 4084,393 4028,346 3996,356 3967,340 3935,351 3900,332"/>
                <Baseline points="3912,442 4002,448 4091,436 4121,442"/>
                <TextEquiv>
                    <Unicode>- 3 -</Unicode>
                </TextEquiv>
            </TextLine>
            <TextLine id="tr_2_tl_3" custom="readingOrder {index:2;}">
                <Coords points="3459,750 5296,752 5248,638 3462,643"/>
                <Baseline points="3476,728 3512,728 3602,728 3691,728 3781,722 3870,722 3960,722 4050,722 4139,722 4229,722 4318,716 4408,716 4498,716 4587,716 4677,716 4766,710 4856,710 4946,710 5035,710 5125,710 5214,704 5304,704"/>
                <TextEquiv>
                    <Unicode>Ihren Brief hab ich in Bozen erhalten, (Bolzano) von wo ich erst</Unicode>
                </TextEquiv>
            </TextLine>
            <TextLine id="tr_2_tl_4" custom="readingOrder {index:3;}">
                <Coords points="3323,853 5052,843 5240,832 5299,750 3326,731"/>
                <Baseline points="3339,824 3422,824 3512,824 3602,818 3691,818 3781,818 3870,818 3960,812 4050,812 4139,812 4229,812 4318,812 4408,806 4498,806 4587,806 4677,806 4766,806 4856,806 4946,806 5035,800 5125,800 5214,800 5304,806"/>
                <TextEquiv>
                    <Unicode>vor ein paar Tagen nach Wien zurückgekehrt bin. Ich bleibe nur den Juli</Unicode>
                </TextEquiv>
            </TextLine>
            <TextLine id="tr_2_tl_5" custom="readingOrder {index:4;}">
                <Coords points="3331,957 5246,928 5357,899 5357,808 3331,853"/>
                <Baseline points="3345,913 3392,913 3482,913 3572,913 3661,913 3751,907 3840,907 3930,907 4020,907 4109,902 4199,902 4288,902 4378,902 4468,902 4557,902 4647,896 4736,896 4826,896 4916,896 5005,896 5095,890 5185,890 5274,890 5364,890"/>
                <TextEquiv>
                    <Unicode>über hier, und fahre im August wahrscheinlich wieder in die Dolomiten. Für</Unicode>
                </TextEquiv>
            </TextLine>
            <TextLine id="tr_2_tl_6" custom="readingOrder {index:5;}">
                <Coords points="3307,1016 5288,1024 5344,947 3307,957"/>
                <Baseline points="3321,1003 3381,1003 3470,1003 3560,1003 3649,1003 3739,1003 3829,1003 3918,997 4008,997 4097,997 4187,997 4277,997 4366,991 4456,991 4545,991 4635,991 4725,991 4814,985 4904,985 4993,985 5083,985 5173,985 5262,985 5352,991"/>
                <TextEquiv>
                    <Unicode>den Hærbst steht mir allerlei bevor: in Berlin die Aufführung der Komödie</Unicode>
                </TextEquiv>
            </TextLine>
            <TextLine id="tr_2_tl_7" custom="readingOrder {index:6;}">
                <Coords points="3315,1133 5291,1087 5291,1032 5001,1005 4831,1061 3318,1029"/>
                <Baseline points="3333,1099 3416,1099 3506,1099 3596,1099 3685,1099 3775,1093 3864,1093 3954,1093 4044,1093 4133,1093 4223,1087 4312,1087 4402,1087 4492,1087 4581,1087 4671,1087 4760,1081 4850,1081 4940,1081 5029,1081 5119,1081 5208,1081 5298,1087"/>
                <TextEquiv>
                    <Unicode>der Verführung,- in Wien Reprisen von „Das weite Land“ und „der einsame</Unicode>
                </TextEquiv>
            </TextLine>
            <TextLine id="tr_2_tl_8" custom="readingOrder {index:7;}">
                <Coords points="3318,1212 5318,1212 5352,1119 3318,1133"/>
                <Baseline points="3333,1194 3386,1194 3476,1194 3566,1188 3655,1188 3745,1188 3834,1188 3924,1188 4014,1188 4103,1182 4193,1182 4283,1182 4372,1182 4462,1176 4551,1176 4641,1176 4731,1176 4820,1176 4910,1176 4999,1176 5089,1176 5179,1170 5268,1170 5358,1170"/>
                <TextEquiv>
                    <Unicode>Weg", vielleicht auch ein neues Stück (in Versen). Ein paar Novellen sind</Unicode>
                </TextEquiv>
            </TextLine>
            <TextLine id="tr_2_tl_9" custom="readingOrder {index:8;}">
                <Coords points="3318,1295 5084,1311 5371,1282 5373,1207 3318,1252"/>
                <Baseline points="3333,1284 3404,1284 3494,1284 3584,1284 3673,1284 3763,1284 3852,1278 3942,1278 4032,1278 4121,1278 4211,1272 4300,1272 4390,1272 4480,1272 4569,1272 4659,1272 4748,1272 4838,1272 4928,1272 5017,1266 5107,1266 5196,1266 5286,1266 5376,1272"/>
                <TextEquiv>
                    <Unicode>auch fertig. In Paris wird vielleicht "das weite Land" gespielt werden; und</Unicode>
                </TextEquiv>
            </TextLine>
            <TextLine id="tr_2_tl_10" custom="readingOrder {index:9;}">
                <Coords points="3318,1409 5158,1401 5339,1375 5339,1289 3462,1345 3318,1295"/>
                <Baseline points="3333,1373 3375,1373 3464,1373 3554,1373 3643,1373 3733,1373 3823,1373 3912,1373 4002,1367 4091,1367 4181,1367 4271,1367 4360,1361 4450,1367 4539,1367 4629,1361 4719,1367 4808,1361 4898,1361 4987,1361 5077,1361 5167,1355 5256,1355 5346,1355"/>
                <TextEquiv>
                    <Unicode>nach Amerika bin ich zur Premiere des "einsamen Wegs" im Guild Theater u.</Unicode>
                </TextEquiv>
            </TextLine>
            <TextLine id="tr_2_tl_11" custom="readingOrder {index:10;}">
                <Coords points="3318,1494 5320,1502 5419,1481 5421,1404 3321,1428"/>
                <Baseline points="3333,1469 3369,1469 3458,1469 3548,1469 3637,1469 3727,1469 3817,1463 3906,1463 3996,1463 4085,1463 4175,1463 4265,1463 4354,1463 4444,1463 4533,1457 4623,1457 4713,1457 4802,1457 4892,1451 4981,1457 5071,1457 5161,1451 5250,1451 5340,1451 5429,1445"/>
                <TextEquiv>
                    <Unicode>des "Ruf des Lebens" an Astor Theater eingeladen(Ich werde aber kaum hinrei-</Unicode>
                </TextEquiv>
            </TextLine>
            <TextLine id="tr_2_tl_12" custom="readingOrder {index:11;}">
                <Coords points="3331,1617 3347,1619 3358,1609 3369,1617 3393,1617 3446,1593 3472,1601 3491,1587 3518,1587 3518,1529 3491,1521 3459,1523 3438,1510 3409,1518 3398,1529 3387,1529 3371,1513 3353,1521 3331,1513"/>
                <Baseline points="3345,1565 3434,1565 3524,1565"/>
                <TextEquiv>
                    <Unicode>sen.)-</Unicode>
                </TextEquiv>
            </TextLine>
            <TextLine id="tr_2_tl_13" custom="readingOrder {index:12;}">
                <Coords points="3486,1664 5020,1680 5177,1670 5219,1601 4621,1563 4355,1619 3486,1617"/>
                <Baseline points="3500,1660 3524,1660 3613,1654 3703,1654 3793,1654 3882,1654 3972,1654 4061,1654 4151,1648 4241,1648 4330,1648 4420,1648 4510,1648 4599,1648 4689,1648 4778,1642 4868,1642 4958,1642 5047,1642 5137,1642 5226,1648"/>
                <TextEquiv>
                    <Unicode>Ich lese immer noch, aufs stärkste angeregt, Ihren wunderbaren</Unicode>
                </TextEquiv>
            </TextLine>
            <TextLine id="tr_2_tl_14" custom="readingOrder {index:13;}">
                <Coords points="3318,1779 3627,1760 3690,1792 4071,1744 4435,1768 4485,1765 4485,1712 4323,1659 4164,1710 3759,1675 3717,1712 3318,1720"/>
                <Baseline points="3333,1756 3416,1750 3506,1750 3596,1750 3685,1750 3775,1744 3864,1744 3954,1744 4044,1744 4133,1738 4223,1738 4312,1738 4402,1738 4492,1744"/>
                <TextEquiv>
                    <Unicode>Julius Caesar. Und erwarte Ihr "Hellas".-</Unicode>
                </TextEquiv>
            </TextLine>
            <TextLine id="tr_2_tl_15" custom="readingOrder {index:14;}">
                <Coords points="3496,1872 5264,1866 5363,1848 5363,1779 3496,1784"/>
                <Baseline points="3512,1845 3578,1839 3667,1839 3757,1839 3846,1839 3936,1833 4026,1833 4115,1833 4205,1833 4294,1833 4384,1833 4474,1833 4563,1833 4653,1827 4742,1827 4832,1833 4922,1827 5011,1827 5101,1827 5190,1827 5280,1827 5370,1833"/>
                <TextEquiv>
                    <Unicode>Bleiben Sie mir wijeter und lange noch der Freund, der Sie mir immer</Unicode>
                </TextEquiv>
            </TextLine>
            <TextLine id="tr_2_tl_16" custom="readingOrder {index:15;}">
                <Coords points="3305,1952 4791,1965 4940,1941 4940,1866 3307,1912"/>
                <Baseline points="3321,1935 3333,1935 3422,1941 3512,1941 3602,1935 3691,1929 3781,1929 3870,1929 3960,1929 4050,1929 4139,1929 4229,1929 4318,1929 4408,1929 4498,1929 4587,1923 4677,1923 4766,1923 4856,1923 4946,1929"/>
                <TextEquiv>
                    <Unicode>waren; es ist schön zu wissen, dass Sie auf der Welt sind!</Unicode>
                </TextEquiv>
            </TextLine>
            <TextLine id="tr_2_tl_17" custom="readingOrder {index:16;}">
                <Coords points="3512,2058 3682,2039 3736,2071 3853,2074 4017,2034 4259,2045 4241,1967 4161,1989 4063,1954 3927,1994 3515,1965"/>
                <Baseline points="3530,2030 3548,2025 3637,2030 3727,2025 3817,2025 3906,2025 3996,2025 4085,2025 4175,2025 4265,2025"/>
                <TextEquiv>
                    <Unicode>Ich grüsse Sie von Herzen!</Unicode>
                </TextEquiv>
            </TextLine>
            <TextLine id="tr_2_tl_18" custom="readingOrder {index:17;}">
                <Coords points="4645,2140 4706,2122 4799,2130 4850,2154 4905,2122 5020,2156 5054,2138 5142,2156 5142,2053 5022,2045 4985,2015 4895,2066 4796,2069 4687,2042 4645,2055"/>
                <Baseline points="4659,2108 4748,2108 4838,2108 4928,2108 5017,2108 5107,2108 5149,2108"/>
                <TextEquiv>
                    <Unicode>Arthur Schnitzler</Unicode>
                </TextEquiv>
            </TextLine>
        </TextRegion>
    </Page>
</PcGts>
