5777 3639
745 368 2460 531 1 1/2 0/0 4 1/0 r.t 1 1 1/4 r.m.t. 4m. 4 0/4 ct 4 U1 1 m. p.n
142 372 310 517 1,1
310 541 480 668 12)
512 932 1247 1079 Verehrtester Herr Brandes,
814 1004 2347 1139 aus der Zeitung erfahre ich, dass Ihre Mutter gestorben
524 1084 2018 1242 ist. In herzlicher Teilnahme drücke ich Ihnen dieHand.
1533 1170 2316 1295 Ihr Ihnen wahrhaft ergebener
1694 1261 2179 1384 Arthur Schnitzler
541 1410 908 1521 Wien 4.I.99.
4070 363 4252 507 1'1"
5004 372 5175 502 P.C.F.P.
3541 356 3998 505 Von tädtigen und wäre wurde zu lassen.
4723 358 4879 507 "    "
3433 553 4082 651 Verehrter Herr Brandes,
3695 622 5329 730 gestern habe ich Ihren Brief bekommen und aus ihm erfahren,
3440 716 5254 822 dass Sie wieder zu Bette liegen. Abends stand es in einer Berliner
3436 807 5261 908 Zeitung zu lesen, mit dem Beisatz, dass Sie sich schon auf dem Weg
3440 889 5185 1002 der Besserung befinden. Ich hoffe, dass es sich so verhält, und
3433 995 5201 1103 dass Sie bald ganz gesund sind. Meine innigsten Wünsche sind bei
3450 1076 5254 1211 Ihnen, das wissen Sie. Auch von Ihrem Streit mit den Deutschen hab
3436 1199 5278 1293 ich durch die Zeitung erfahren; Sie sollen irgend einen Vortrag ab-
3445 1276 5305 1396 gesagt haben, im Verein "Berliner Presse", aus "polit.Gründen". Fügen
3448 1389 5314 1461 Sie Ihrem Antipathieen gegen Preussen und Frankreich nur getrost die
3452 1475 5257 1571 gegen Oesterreich bei. Lesen Sie manchmal Wiener Zeitungen, Parla-
3452 1540 5254 1653 ments-und Gemeinderathsberichte? Es ist staunenswert unter was für
3448 1634 5276 1742 Schweinen wir hier leben,- und ich denke immer, selbst Antisemiten
3464 1732 5326 1855 müsste es doch auffallen, dass der Antisemitismus - von allem andern
3448 1848 5334 1948 abgesehen - jedenfalls die sonderbare Kraft hat, die berlogensten Ge-
3464 1927 5242 2013 meinheiten der menschlichen Natur zu Tage zu fördern und sie aufs
3445 2008 5367 2117 höchste auszubilden. Wie merkwürdig, dass sogar die offenbaren Mängel,
3448 2090 5350 2213 Fehler, meinetwegen Verbrechen der Judenpresse, die man als so spezi-
3457 2198 5312 2302 fisch jüdisch hinstellen wollte, von der Antisemitenpresse ins unge-
3457 2299 5355 2434 heuerliche ausgebildet worden sind. Aber wir wollen über diese wider-
3452 2386 5278 2513 lichen Dinge lieber gar nicht reden. Ich freue mich, dass das “Ver-
3457 2463 5326 2568 mächtnis" einigen Beifall bei Ihnen gefunden hat. Mir selbst ist nur
3464 2551 5249 2657 der erste Akt lieb; dann gewisse Partien des letzten. Solange die
3462 2650 5336 2794 Hauptperson auf der Scene ist, hab ich das Stück nicht gern. Die ist
3457 2753 5273 2878 ganz unpersönlich geblieben, find ich. Während der Proben fiel mir
3457 2830 5386 2943 manches ein, womit ich das Stück hätte höher bringen können; vor allem
3457 2965 5322 3042 hätte ich das Kind müssen am Leben lassen,- aber es scheint ich bin
3457 3037 5358 3176 nicht anständig genug, um ein Stück noch auf der Probe zurückzuziehn,
