<?xml version="1.0" encoding="UTF-8" standalone="yes"?>
<PcGts xmlns="http://schema.primaresearch.org/PAGE/gts/pagecontent/2013-07-15" xmlns:xsi="http://www.w3.org/2001/XMLSchema-instance" xsi:schemaLocation="http://schema.primaresearch.org/PAGE/gts/pagecontent/2013-07-15 http://schema.primaresearch.org/PAGE/gts/pagecontent/2013-07-15/pagecontent.xsd">
    <Metadata>
        <Creator>prov=READ-COOP:name=TrHtr:version=2.1.0:model_id=51170:date=29_07_2023_11:06</Creator>
        <Created>2023-05-10T12:30:47.526+02:00</Created>
        <LastChange>2023-07-29T11:06:01.898+02:00</LastChange>
        <TranskribusMetadata docId="1428211" pageId="55403426" pageNr="48" tsid="131408719" status="IN_PROGRESS" userId="64420" imgUrl="https://files.transkribus.eu/Get?id=RMNQLRNBSGYNCTOFOQQZJSUR&amp;fileType=view" xmlUrl="https://files.transkribus.eu/Get?id=QJCQGXOZWLXELIGQMKLNTYBI" imageId="44678247"/>
    </Metadata>
    <Page imageFilename="1428211_0048.jpg" imageWidth="5849" imageHeight="3608">
        <ReadingOrder>
            <OrderedGroup id="ro_1711795722979" caption="Regions reading order">
                <RegionRefIndexed index="0" regionRef="tr_2"/>
                <RegionRefIndexed index="1" regionRef="tr_1"/>
            </OrderedGroup>
        </ReadingOrder>
        <TextRegion id="tr_2" custom="readingOrder {index:0;}">
            <Coords points="370,613 2449,613 2449,1306 370,1306"/>
            <TextLine id="tr_2_tl_1" custom="readingOrder {index:0;}">
                <Coords points="1610,689 1761,694 1780,682 1842,711 1934,689 1976,706 2002,694 2033,704 2035,597 2000,593 1875,635 1851,619 1740,626 1676,579 1651,600 1613,595"/>
                <Baseline points="1624,675 1678,669 1768,669 1857,669 1947,669 2036,663"/>
                <TextEquiv>
                    <Unicode>Wien, 22.2.25.</Unicode>
                </TextEquiv>
            </TextLine>
            <TextLine id="tr_2_tl_2" custom="readingOrder {index:1;}">
                <Coords points="354,708 463,713 515,694 607,720 649,701 831,739 900,718 902,593 826,604 723,581 576,640 510,597 357,597"/>
                <Baseline points="370,692 459,692 549,686 639,686 728,686 818,686 907,686"/>
                <TextEquiv>
                    <Unicode>51) (Postkarte)</Unicode>
                </TextEquiv>
            </TextLine>
            <TextLine id="tr_2_tl_3" custom="readingOrder {index:2;}">
                <Coords points="560,826 2446,808 2446,734 1591,784 560,737"/>
                <Baseline points="573,812 657,818 746,812 836,812 925,812 1015,812 1105,812 1194,812 1284,806 1373,806 1463,806 1553,800 1642,800 1732,800 1821,794 1911,794 2001,794 2090,794 2180,794 2269,794 2359,788 2449,788"/>
                <TextEquiv>
                    <Unicode>Verehrter lieber Freund, hoffentlich kann ichs so einrichten, dass</Unicode>
                </TextEquiv>
            </TextLine>
            <TextLine id="tr_2_tl_4" custom="readingOrder {index:3;}">
                <Coords points="571,902 2371,895 2439,800 571,841"/>
                <Baseline points="585,884 651,890 740,884 830,884 919,878 1009,878 1099,878 1188,878 1278,872 1367,872 1457,872 1547,872 1636,866 1726,866 1815,866 1905,866 1995,860 2084,866 2174,860 2263,860 2353,860 2443,860"/>
                <TextEquiv>
                    <Unicode>ich zur Zeit Ihrer Ankunft in Berlin noch dort bin - meine dortige</Unicode>
                </TextEquiv>
            </TextLine>
            <TextLine id="tr_2_tl_5" custom="readingOrder {index:4;}">
                <Coords points="571,973 2347,966 2437,944 2437,888 571,902"/>
                <Baseline points="585,955 651,955 740,949 830,949 919,949 1009,949 1099,943 1188,943 1278,943 1367,937 1457,937 1547,937 1636,937 1726,937 1815,931 1905,931 1995,931 2084,931 2174,931 2263,931 2353,925 2443,925"/>
                <TextEquiv>
                    <Unicode>Anwesenheit war, aus verschiedenen Gründen, für früher</Unicode>
                </TextEquiv>
            </TextLine>
            <TextLine id="tr_2_tl_6" custom="readingOrder {index:5;}">
                <Coords points="545,1044 2250,1008 2250,959 2071,949 548,982"/>
                <Baseline points="561,1027 645,1021 734,1021 824,1021 913,1015 1003,1015 1093,1015 1182,1015 1272,1009 1361,1009 1451,1009 1541,1009 1630,1009 1720,1003 1809,1003 1899,997 1989,997 2078,997 2168,997 2257,997"/>
                <TextEquiv>
                    <Unicode>projectiert. Vielleicht ist Frau Rung, der ich mich bestens</Unicode>
                </TextEquiv>
            </TextLine>
            <TextLine id="tr_2_tl_7" custom="readingOrder {index:6;}">
                <Coords points="560,1105 2293,1098 2323,1020 560,1060"/>
                <Baseline points="573,1087 627,1093 716,1087 806,1087 896,1087 985,1081 1075,1081 1164,1081 1254,1081 1344,1081 1433,1075 1523,1075 1612,1075 1702,1069 1792,1069 1881,1075 1971,1069 2060,1069 2150,1069 2240,1069 2329,1069"/>
                <TextEquiv>
                    <Unicode>empfehle, auch noch so gütig, mir mitzuteilen, an welchem Tage</Unicode>
                </TextEquiv>
            </TextLine>
            <TextLine id="tr_2_tl_8" custom="readingOrder {index:7;}">
                <Coords points="567,1166 2102,1174 2354,1162 2413,1079 567,1117"/>
                <Baseline points="579,1158 627,1158 716,1152 806,1152 896,1152 985,1152 1075,1152 1164,1146 1254,1140 1344,1140 1433,1140 1523,1140 1612,1140 1702,1140 1792,1140 1881,1134 1971,1134 2060,1134 2150,1134 2240,1134 2329,1128 2419,1128"/>
                <TextEquiv>
                    <Unicode>Sie schon in Berlin eintreffen. Sie sind vielleicht schon vor dem</Unicode>
                </TextEquiv>
            </TextLine>
            <TextLine id="tr_2_tl_9" custom="readingOrder {index:8;}">
                <Coords points="555,1270 1504,1256 1591,1214 1917,1259 1976,1244 1979,1166 555,1176"/>
                <Baseline points="567,1230 639,1230 728,1224 818,1224 907,1224 997,1218 1087,1218 1176,1218 1266,1218 1355,1212 1445,1212 1535,1212 1624,1212 1714,1212 1804,1206 1893,1206 1983,1200"/>
                <TextEquiv>
                    <Unicode>25.3.dort? In treuer und herzlicher Verehrung Ihr</Unicode>
                </TextEquiv>
            </TextLine>
            <TextLine id="tr_2_tl_10" custom="readingOrder {index:9;}">
                <Coords points="1776,1327 1865,1318 1898,1332 2085,1303 2300,1310 2300,1204 2238,1228 1986,1261 1941,1244 1917,1261 1778,1256"/>
                <Baseline points="1792,1296 1857,1296 1947,1296 2036,1296 2126,1290 2216,1290 2305,1290"/>
                <TextEquiv>
                    <Unicode>Arthur Schnitzler</Unicode>
                </TextEquiv>
            </TextLine>
        </TextRegion>
        <TextRegion id="tr_1" custom="readingOrder {index:1;}">
            <Coords points="3255,350 5352,350 5352,1324 3255,1324"/>
            <TextLine id="tr_1_tl_1" custom="readingOrder {index:0;}">
                <Coords points="4347,458 4456,451 4486,465 4524,439 4550,456 4637,425 4706,446 4829,413 4893,418 4895,349 4685,321 4649,338 4590,323 4560,347 4467,328 4349,352"/>
                <Baseline points="4360,412 4450,400 4539,400 4629,400 4719,400 4808,406 4898,400"/>
                <TextEquiv>
                    <Unicode>1e, p.s. 4s. p. a. 4.</Unicode>
                </TextEquiv>
            </TextLine>
            <TextLine id="tr_1_tl_2" custom="readingOrder {index:1;}">
                <Coords points="3242,675 3322,673 3398,704 3473,673 3606,701 3691,666 3778,685 3863,671 3868,541 3735,586 3639,576 3495,607 3320,550 3247,581"/>
                <Baseline points="3255,669 3333,663 3422,663 3512,657 3602,651 3691,645 3781,639 3870,645"/>
                <TextEquiv>
                    <Unicode>51 a ) (Postkarte)</Unicode>
                </TextEquiv>
            </TextLine>
            <TextLine id="tr_1_tl_3" custom="readingOrder {index:2;}">
                <Coords points="4491,692 4541,685 4574,706 4628,685 4645,699 4701,682 4739,692 4779,673 4881,689 4883,609 4822,616 4791,593 4772,612 4715,604 4635,633 4493,628"/>
                <Baseline points="4504,675 4527,669 4617,675 4707,669 4796,663 4886,663"/>
                <TextEquiv>
                    <Unicode>Wien, 9.3.25.</Unicode>
                </TextEquiv>
            </TextLine>
            <TextLine id="tr_1_tl_4" custom="readingOrder {index:3;}">
                <Coords points="3445,800 5204,749 5275,732 5280,638 4614,718 3447,720"/>
                <Baseline points="3458,788 3488,782 3578,782 3667,776 3757,770 3846,770 3936,770 4026,764 4115,758 4205,758 4294,752 4384,746 4474,746 4563,740 4653,734 4742,734 4832,728 4922,728 5011,722 5101,722 5190,716 5280,710"/>
                <TextEquiv>
                    <Unicode>Verehrte Frau Rung, schönen Dank für Ehre freundliche Nachricht;-</Unicode>
                </TextEquiv>
            </TextLine>
            <TextLine id="tr_1_tl_5" custom="readingOrder {index:4;}">
                <Coords points="3445,864 5254,812 5259,723 3447,824"/>
                <Baseline points="3458,860 3470,860 3560,854 3649,848 3739,842 3829,842 3918,836 4008,830 4097,830 4187,824 4277,818 4366,818 4456,812 4545,812 4635,806 4725,806 4814,800 4904,794 4993,788 5083,788 5173,782 5262,788"/>
                <TextEquiv>
                    <Unicode>da ich schon früher nach Berlin fahren muss, ist es unsicher ob</Unicode>
                </TextEquiv>
            </TextLine>
            <TextLine id="tr_1_tl_6" custom="readingOrder {index:5;}">
                <Coords points="3452,935 5299,876 5318,810 3455,864"/>
                <Baseline points="3464,925 3530,919 3619,913 3709,913 3799,907 3888,902 3978,902 4067,902 4157,896 4247,890 4336,884 4426,878 4515,878 4605,878 4695,872 4784,866 4874,866 4963,860 5053,854 5143,854 5232,848 5322,854"/>
                <TextEquiv>
                    <Unicode>ich Professor Brandes Ankunft werde abwarten können. Doch lese ich</Unicode>
                </TextEquiv>
            </TextLine>
            <TextLine id="tr_1_tl_7" custom="readingOrder {index:6;}">
                <Coords points="3452,1011 5261,954 5318,871 3455,949"/>
                <Baseline points="3464,991 3530,985 3619,985 3709,979 3799,979 3888,973 3978,967 4067,967 4157,961 4247,955 4336,955 4426,949 4515,943 4605,943 4695,937 4784,937 4874,931 4963,925 5053,919 5143,919 5232,919 5322,925"/>
                <TextEquiv>
                    <Unicode>in der Zeitung, dass G.B. auch nach Wien reisen wird - bewahrheitet</Unicode>
                </TextEquiv>
            </TextLine>
            <TextLine id="tr_1_tl_8" custom="readingOrder {index:7;}">
                <Coords points="3469,1098 5230,1013 5259,949 3471,1006"/>
                <Baseline points="3482,1069 3560,1057 3649,1051 3739,1045 3829,1045 3918,1039 4008,1033 4097,1033 4187,1027 4277,1021 4366,1021 4456,1015 4545,1015 4635,1009 4725,1009 4814,1003 4904,997 4993,997 5083,991 5173,985 5262,985"/>
                <TextEquiv>
                    <Unicode>sich das? Wie froh wäre ich. Ich bitte um Nachricht nach Berlin,</Unicode>
                </TextEquiv>
            </TextLine>
            <TextLine id="tr_1_tl_9" custom="readingOrder {index:8;}">
                <Coords points="3452,1150 5315,1089 5348,1001 3455,1098"/>
                <Baseline points="3464,1123 3470,1123 3560,1123 3649,1117 3739,1117 3829,1111 3918,1105 4008,1105 4097,1099 4187,1093 4277,1093 4366,1093 4456,1087 4545,1081 4635,1075 4725,1075 4814,1069 4904,1069 4993,1063 5083,1057 5173,1057 5262,1057 5352,1057"/>
                <TextEquiv>
                    <Unicode>an die Adresse meines Sohnes Heinrich Schnitzler Matthäikirchstr.4,</Unicode>
                </TextEquiv>
            </TextLine>
            <TextLine id="tr_1_tl_10" custom="readingOrder {index:9;}">
                <Coords points="3457,1202 5242,1159 5247,1077 3459,1145"/>
                <Baseline points="3470,1194 3548,1194 3637,1188 3727,1182 3817,1182 3906,1176 3996,1170 4085,1164 4175,1164 4265,1164 4354,1158 4444,1152 4533,1152 4623,1146 4713,1146 4802,1146 4892,1140 4981,1134 5071,1128 5161,1128 5250,1123"/>
                <TextEquiv>
                    <Unicode>bei Dernburg. Meine herzlichsten Grüsse an Georg ß Brandes, mit</Unicode>
                </TextEquiv>
            </TextLine>
            <TextLine id="tr_1_tl_11" custom="readingOrder {index:10;}">
                <Coords points="3466,1285 3825,1280 3936,1315 4165,1296 4264,1256 4394,1261 4399,1178 3471,1214"/>
                <Baseline points="3482,1266 3506,1266 3596,1260 3685,1260 3775,1254 3864,1248 3954,1242 4044,1242 4133,1236 4223,1236 4312,1230 4402,1224"/>
                <TextEquiv>
                    <Unicode>vielen Empfehlungen Ihr ergebener</Unicode>
                </TextEquiv>
            </TextLine>
            <TextLine id="tr_1_tl_12" custom="readingOrder {index:11;}">
                <Coords points="4401,1339 4425,1348 4451,1329 4472,1344 4536,1322 4642,1341 4765,1308 4833,1334 4878,1303 4923,1313 4926,1225 4850,1249 4607,1237 4569,1270 4404,1249"/>
                <Baseline points="4414,1314 4480,1314 4569,1308 4659,1308 4748,1302 4838,1302 4928,1296"/>
                <TextEquiv>
                    <Unicode>Arthur Schnitzler</Unicode>
                </TextEquiv>
            </TextLine>
        </TextRegion>
    </Page>
</PcGts>
