5859 3593
1220 297 1514 461 - 3 -
636 629 1189 755 nicht zu verkennen.
817 620 2466 826 Ich wünschte sehr zu erfahren, ob Sie von Ihrem im Felde
634 817 2488 949 stehenden Schwiegersohn Gutes hören. Was uns bisher die Feldpost ge-
634 874 2500 1037 bracht hat, so weit es sich auf persönliche Bekannte und Freunde be-
634 1011 1754 1111 zieht, ist vom beruhigender Art gewesen.
919 1087 2490 1218 Vor Voraussagen wollen wir uns hüten; unsere Wünsche sind
641 1161 2526 1322 zu selbstverständlich als dass wir sie erst aussprechen müssten. Und
655 1265 2483 1372 doch, wieviel Unheil, nicht nur für Schuldige, sondern auch für Un-
655 1358 2428 1469 schuldige flehen wir, nicht einmal ganz gedankenlos, durch unsere
660 1467 2476 1569 Wünsche herab. Ja, nach den Einrichtungen dieser Welt ist sogar zu
648 1550 2502 1645 befürchten, dass mancher von den Allerschuldigsten ganz ohne Strafe
667 1619 2566 1742 ausgehen wird. Aber ziemt es sich denn in dieser überwältigend grauen-
643 1735 2502 1840 haften Epoche derartige Worte wie Schuld, Strafe. Verantwortung, zu
648 1818 2554 1944 gebrauchen. Alles Philosophische und Ethische verlischt im Sturmhauch
655 1927 1092 2039 der Geschichte.
916 1987 2535 2141 Bitte schreiben Sie mir bald wie es Ihnen geht. Meine Frau
643 2098 1517 2238 und ich grüssen Sie herzlichst.
1569 2125 2181 2291 Ihr Arthur Schnitzler
3591 430 4033 598 (Ansichtskarte)
4679 522 5168 660 (Wien) 18.12.914.
3580 662 5422 790 Mein lieber und verehrter Freund, seien Sie zu den Feiertagen und
3580 760 5317 814 dem kommenden Jahr wieder einmal herzlichst gegrüsst. Heute
3580 807 5436 883 kommen besonders gute Nachrichten aus dem Nordosten - vielleicht
3577 885 5400 973 ist es mit all dem Graun doch früher zu Ende als wir gefürchtet.
3580 940 5341 1016 Hier ist alles in schönster Ordnung, - und man ist voll Zuver-
3584 987 5448 1097 sicht. Ein Wort von Ihnen xxx täte mir wohl! Wir alle denken Ihrer
3584 1075 4389 1185 in Freundschaft! Von Herzen
4439 1156 4966 1282 Arthur Schnitzler
