5832 3641
605 519 1690 682 Mein lieber und verehrter Herr Brandes,
858 593 2578 744 schon vor einigen Tagen las ich in einer Zeitg., dass Sie sich
610 739 2590 867 wieder......befinden und in ein Sanatorium gegangen wären; aber nach
618 803 2434 944 dem ganzen Ton u. auch nach der Schrift Ihres Briefes scheint mir,
605 929 2513 1033 dass die Krankheit diesmal leichter auftritt als die ersten Male, und
601 1021 2540 1119 hoffentlich stehn Sie bald wieder auf und sind endlich ganz gesund. Es
613 1107 2565 1231 ist gewiss ein gutes Zeichen, wenn Recidive in abgeschwächter Form auf-
613 1176 2565 1310 treten;- ich wünsche von Herzen, dass es das letzte ist.- Sehr bedauert
613 1288 2516 1416 hab ich dass ich in Abazzia Ihren Absagebrief fand, nicht Sie selbst.
618 1381 2511 1510 Ich habe auf der dalmatinischen Reise meist schlechtes Wetter gehabt;
613 1490 2402 1589 nur in Ragusa zwei sonnige Tage; überdies gerieth ich anfangs in
613 1564 2518 1685 einen Balneologenongress, dessen Mitglieder Schiffe und Hotels füll-
613 1668 2496 1782 ten, von denen ich auch mange persönlich kannte, es war ziemlich un-
610 1762 2476 1871 angenehm. Unter solchen Halbbekannten sein ist die schlimmste Form-
613 1824 2563 1945 der Einsamkeit, nicht der Geselligkeit. Von Abazzia aus, wo es ununter-
613 1947 2503 2039 brochen regnete, flüchtete ich bald nach Hause. Das schönste was ich
610 2009 2550 2155 mitbrachte, ist die Erinnerung an die Trümmer von Salona, ich kann gar
618 2108 2526 2229 nicht verstehen, warum man da nicht immer und immer weiter gräbt; die
618 2194 2597 2311 Erde wegkratzen und die Vergangenheit finden - wiekommt es, dass darüber
625 2306 2580 2424 noch keiner wahnsinnig geworden ist7- Auch die albernen Angriffe Angrif-
625 2387 2464 2493 fe gegen Sie wegen Ihrer Budapester Einleitung(?) habe ich gelesen.
613 2493 2432 2597 Es ist ja wirklich gar nicht ernsthaft darüber zu reden. Und doch
613 2578 2595 2689 scheint es, kann man die Empfindlichkeit gegenüber dem dümmsten, wenn es
618 2684 2523 2785 nur einmal gedruckt ist, nicht ganz verlieren. Ich erinnere mich, wie
618 2755 2592 2872 ich seinerzeit mit einigem Staunen im Briefwechsel von Goethe und Schil-
613 2837 2590 2963 ler Denkmäler ihres Aergers über die nichtigsten scribenten antraf. Seit-
613 2943 2508 3069 her staune ich aber nicht mehr, wenn ich sehe, wie sich zuweilen die
625 3032 2587 3176 klügsten über die thörichtsten ärgern. Die Philosophie hilft wohl gegen
4073 381 4288 512 - 2 -
3502 583 4742 741 die Todesangst, aber nicht gegen Flohstiche.
3714 697 5422 833 Dass Sie auch mir für Wien danken, ist zu liebenswürdig; ich
3502 798 5392 966 fühle, dass ich Ihnen, besonders diemals, nicht viel sein konnte. Im
3514 919 5410 1011 Anfang waren diese langweiligen Zahngeschich en; und dann liegen die
3519 976 5454 1095 Schatten von jenem traurigen Ereignis oft, und nun gar in diesen Früh-
3519 1092 5397 1208 lingstagen, schwer auf meiner Seele. Dazu kommen noch mancherlei zum
3519 1174 5474 1307 Theil nervöse Dinge (aber nur zum Theil), über die ich nicht gern rede,
3519 1285 5442 1384 hauptsächlich ein quälendes Ohrensausen, an dem ich nun seit drei ein-
3514 1384 5454 1485 halb Jahren ununterbrochen leide, mit beginnender Verschlechterung des
3531 1443 5353 1572 Gehörs - das macht mich natürlich auch nicht viel froher. Immerhin
3526 1564 5392 1658 arbeite ich seit einiger Zeit mehr als je und mit einer Empfindung -
3519 1643 5380 1769 wenigstens zuweilen - von innerer Fülle wie niemals früher. Ich bin
3519 1757 5449 1858 jetzt daran, eine Hovelle zu dictieren, die vor ein paar Wochenbeendet
3512 1836 5479 1975 wurde, schreibe jetzt einige kleinere und möchte im Sommer eine Komödie
3536 1923 5372 2029 schreiben. Der Schleier der Beatrice wird wahrscheinlich im Herbst
3514 2026 5424 2148 an der Burg aufgeführt; wo ich aber mit den neuen Sachen hin soll die
3531 2108 5410 2222 ich im Kopf habe weiss ich nicht recht. Es wird nemlich kaum möglich
3526 2185 5479 2325 sein in der nächsten Zeit etwas wienerisches zu schreiben, in das nicht
3536 2286 5457 2395 die antisemitische Frage hineinspielt - und meine Art darüber zu den-
3514 2400 5419 2506 ken wird weder den Christen noch den Juden recht sein.- Das neue Buch
3519 2489 5422 2600 von Bourget kenne ich nicht, habe schon lange nichts von ihm gelesen;
3514 2578 5429 2671 auch der?.von Lanckoronsky ist mir noch unbekannt. Ich lese jetzt
3526 2652 5382 2780 - denken Sie! zum ersten Mal - wenn ich von einer Jugendbeerbeitung
3531 2751 5397 2881 absehe - den Don Quixote; dann ein vorzügliches Buch über Dante von
3526 2839 5419 2990 Fredern, denselben der den Emerson trefflich übersetzt hat. Gibbon be-
3519 2958 4483 3084 gleitet mich bereits längere Zeit.
