5822 3594
2081 393 2421 511 22.12.1915.
727 496 1512 649 Lieber und verehrter Freund.
1077 574 2609 689 Herzlichsten Dank für Ihre rasche Antwort, und zugleich
732 672 2599 843 eine Aufklärung. Es ist mir gar nicht eingefallen, eine "Anspielung"
750 745 2667 898 zu machen, denn das, worauf ich Ihrer Meinung nach angespielt habe, ist
745 848 2622 1001 mir bis zum Eintreffen Ihres Briefes total unbekannt geblieben. Wenn
742 934 2660 1090 ich diesen richtig verstanden habe, hat man Ihnen offenbar Äusserungen
750 1059 2567 1190 in den Mund gelegt, die Sie niemals getan haben. Mir ist gleich zu
762 1130 2647 1271 Anfang des Krieges ganz Aehnliches passiert. Von Freunden in Russland
757 1243 2592 1361 wurde ich in Kenntnis gesetzt, es sei in dortigen Zeitungen ein In-
757 1331 2680 1454 terview erschienen, in dem ich irgend einem Journalisten gegenüber die
762 1424 2645 1537 albernsten Dinge über Tolstoi, Anatole France, Shakespeare und Mater-
762 1505 2602 1623 link geäussert hätte. Man riet mir dringend etwas dagegen zu unter-
757 1613 2697 1744 nehmen (was ich anfangs nicht wollte), weil man in Russland all diesen
767 1719 2619 1834 Unsinn glaubte, Durch Vermittlungs Romain Rollands liess ich nun in
775 1779 2690 1905 Schweizer Blättern eine Entgegnung erscheinen, in der ich versicherte,
765 1872 2584 2008 dass ich niemals ein Wort von all dem Widersinn geäussert und bald
767 1965 2677 2121 darauf stellte sich das Ganze auch als die Mystifikation irgend eines
767 2068 2791 2194 russischen Winkelblatt heraus. Hingegen wurde ich von gewissen deutschen
775 2149 2652 2287 und österreichischen, selbstverständlich antisemitischen Blättern in
775 2252 2627 2383 der blödesten Weise angegriffen, weil ich es für notwendig gefunden
783 2333 2640 2473 hatte jene erlogenen Äusserungen über die feindesländischen Dichter
778 2443 2670 2594 richtig zu stellen. Und noch bei Gelegenheit meiner letzten Premiere
790 2516 2755 2665 bekam ich es in irgend einem solchen, sich patriotisch gebärdenden Jour-
778 2607 2758 2748 nal zu lesen, dass mir das Organ für diese Zeit fehle, wie ich ja schon
788 2720 2640 2853 zu Beginn des Krieges (wörtlich) „Torheiten über unsere Feinde“ ge-
785 2798 2725 2929 äussert. Sie können sich also denken, lieber Freund, dass es mir schon
790 2904 2733 3020 a priori näher liegen müsste Zeitungsgeschwätz anzuzweifeln als es auf
790 3002 2667 3145 Treu und Glauben hinzunehmen. Meine von Ihnen missverstandene Bemer-
1794 3372 2046 3470 Votre très-hier.
4897 289 5216 438 G.C.H.P.
5382 312 5546 458 1
4403 536 4554 672 2 -
3681 712 5626 898 kung aber bezog sich nur auf den Umstand, dass unseres Wissens in den
3699 871 5646 989 ersten Monaten des Krieges die Presse aller neutralen Länder Ihre Nach-
3694 934 5480 1082 richten - nicht nur über den Krieg selbst, sondern auch übr die
3694 1047 5528 1165 inneren Zustände Deutschlands und Oesterreich-Ungams in reicherem
3691 1122 5511 1261 Mass von der Entente als von den Zentralmächten bezog,- sowie ich
3694 1241 5616 1359 mich auch gedrängt fühlte Freunde in Amerika in diesem Sinne nach Mög-
3699 1341 5599 1454 lichkeit aufzuklären (was übrigens zur Folge hatte, dass einer dieser
3699 1427 5651 1550 Privatbriefe ganz entstellt in ein New-Yorker Blatt und von dort wieder
3699 1520 5606 1638 - noch entstellter - in deutsche Blätter überging. Also ich denke wir
3676 1623 5601 1724 wir wissen beide wie viel wir von dem zu halten haben, was in den Zei-
3686 1704 4094 1834 tungen steht!)
3933 1749 5641 1905 Für heute nur so viel; mögen Ihnen die Feiertage lauter Gutes,
3681 1870 5611 1998 insbesondere völlige Genesung bringen und uns allen eine gegründetere
3681 1973 5631 2114 Hoffnung auf die baldige Wiederkehr schönerer Zeiten, als wir sie nach
3681 2053 5078 2182 dem augenblicklichen Stand der Dinge hegen dürfen.
3908 2144 5634 2290 Mit herzlichen Grüssen Ihr allezeit freundschaftlich ergebener
4851 2227 5360 2378 Arthur Schnitzler
