5832 3641
586 619 2360 773 Verehrter Herr Brandes, ich denke, die Adresse Antoine, Direktor
586 747 2341 881 des Theatre Antoine in Paris genügt; ich weiss wenigstens keine
589 837 2364 943 andre. Noch einmal wiederhole ich, dass ich Sie um nichts andres
593 915 2270 1065 bitte, als Antoine zum baldigen Lesen des Manuscriptes aufzu-
593 1028 2247 1145 fordern; Ihr Name ist in Paris so berühmt wie anderswo (muss
589 1106 2328 1237 ich Ihnen das wirklich sagen?) mich kennt dort kein Mensch. Ich
607 1217 2316 1341 selbst habe mich um eine Übersetzung des „Kakadu“ nicht bemüht;
593 1325 2295 1428 zwei Herren, einer Sontif, in......? einer zweiter Bech (?) in
589 1405 2367 1527 Paris, haben sich an mich um Erlaubnis gewandt; und wenn es sich
589 1481 2332 1633 machen liessen, wäre mir eine Pariser Aufführung natürlich sehr
589 1612 922 1713 erwünscht.-
805 1667 2420 1782 In den letzten Tagen habe ich wieder zu arbeiten begonnen;
600 1766 2452 1895 eine kleine Novelle, die ich gerade zu jener Zeit angefangen hatte,
600 1868 2390 1989 und in der mir heute alle möglichen Ahnungen zu zittern scheinen.
816 1948 2466 2070 Ich freue mich, dass Sie endlich ausser Bett sind; ich hoffe
626 2029 2130 2171 und wünsche Ihnen für weiterhin alles gute und schöne.
1628 2125 2259 2256 Ihr Arthur Schnitzler.
626 2157 883 2291 15.6.99.
3671 439 3834 550 "    "
4372 697 4683 787 Vien 11.2.14
4365 759 4690 842 IX. Frankgass
3383 885 5078 1086 Verehrtester Herr Brandes, Sie haben dieser Tage ein kleines
3399 968 5186 1194 Novellenbuch von Felix Salten zugeschickt erhalten. Der Verfasser
3425 1081 5173 1272 (den Sie bei mir einmal sahn) wäre natürlich sehr forh, wenn Sie
3406 1171 5198 1373 Zeit fänden, sein Buch gelegentlich zu lesen, und auch ich bitte
3609 1350 5212 1552 Von mir hören Sie bald mehr, bei Gelegenheit einer Dialog-
3404 1385 3721 1495 Sie darum.
3432 1458 5251 1640 sammlung, die ich nur drucken, aber nicht erscheinen lasse, da die
3429 1585 4660 1755 Menschheit zu sittlich ist, um es zu dulden.
3627 1617 5244 1833 Ich sehne das Frühjahr herbei; der Winter ist für mich wie
3441 1746 5262 1925 ein Gefängnis. Warum ich nicht in den Süden fliehe? Das hat aller-
3445 1815 5180 2022 lei Gründe, vielleicht auch gar keine rechten. Ihre Gesundheit
3443 1946 4579 2121 hoff ich ist jetzt vollkommen gefestigt.
3641 2049 4566 2233 Von Herzeh Ihr Arthur Schnitzler
