5822 3594
1933 328 2387 472 Votre très avoir jusqu'à l'yge de l'année.
1401 396 1630 517 - 3 -
666 507 2695 621 allerhand Privaterlebnisse, die für den Kritiker selbstverständlich nicht
702 596 2632 712 existieren, von der Ausführung seiner vaterländischen Absicht abhalten
669 712 2610 828 lässt. Die "Komödie der Worte" hinwiederum hat das Sittlichkeitsgefühl
666 792 2610 883 dieser Herren aufs Tiefste beleidigt. Dass unter Sittlichkeit nach wie
669 888 2592 987 vor nicht etwa Wahrheit oder sonst etwas Vernünftiges oder Positives,
684 982 2615 1088 sondern ausschliesslich Unterdrückung des Geschlechtstriebs verstanden
681 1078 2625 1196 wird, brauche ich Ihnen nicht erst zu erzählen. Und dass ich in dieser
676 1171 2592 1287 grossen Zeit, wo sämmtliche Männer für das Vaterland fechten, (ausser
679 1272 2650 1375 denen, die zuhause sitzen und Theaterreferate schreiben) und sämmtliche
689 1353 2670 1464 Frauen trauern oder klagen, nicht nur an Opfermut, sondern auch an Treue
684 1449 2569 1557 das Ungeheuerste leisten, (abgesehen von denen, die es nicht tun) "so
689 1534 2569 1648 erbärmliche Wichte“ auf die Bühne zu stellen verge, das hat besonders
684 1615 2602 1749 gesinnungstüchtige Leute (in der Kölnischen Zeitung, und viele andere
684 1721 2622 1822 Zeitungen haben es gerne nachgedruckt) zu der kühnen Frage veranlasst:
684 1807 2602 1903 „Ob es nicht gerade jene letzten Dokumente eines Wiener Literatentums
702 1890 2670 2016 (Schönherrs "Weibsteufel" und Bahrs "Querulant" waren nämlich mit einbe-
689 1989 2670 2087 zogen) Beweis dafür seien, dass unser trefflicher Bundesbruder in diesem
697 2087 2620 2178 Weltkrieg auch einer inneren Reformation an Haupt und Gliedern bedarf,
702 2178 2519 2289 um fortan in einer neuen deutschen Weltkultur bestehen zu können.“
977 2281 2668 2370 Aber auch abgesehen von diesen kleinen und etwas lächerlichen
702 2367 2663 2493 Erfahrungen kann man vielleicht finden, dass die Zeit nun eben gross ge-
699 2443 2610 2577 nug geworden ist, und ein weiteres Wachstum von Uebel wäre. Ueber die
702 2564 2670 2678 militärischen und politischen Verhältnisse sind Sie ja wohl in Dänemark
697 2637 2647 2764 heute besser orientiert, als Sie es zu Anfang des Krieges gewesen sein
709 2726 2716 2834 dürfteb. Zusammengefasst kann man freilich nur sagen, dass die gemeinsame
699 2814 2668 2950 Sache der Zentralmächte so gut steht als möglich und dass ein Ende doch
702 2905 2723 3026 noch nicht abzusehen ist. Ihrem Schwiegersohn geht es hoffentlich weiter-
709 3023 2602 3145 hin gut. Auch von uns stehen Verwandte und Freunde im Feld oder sind
3642 326 3957 464 de la riviere avec ces
4260 401 4419 497 4 -
3644 684 5527 813 anderweitig durch die Kriegsverhältnisse in Mitleidenschaft gezogen;
3657 770 5527 883 auch den Tod manches lieben Bekannten haben wir zu beklagen. Im Ein-
3644 868 5575 982 zelnen über all dies weiter zu reden müsste ins Grenzenlose führen. Ist
3644 972 5552 1085 es schon in ruhigeren Zeiten etwas verwegen, im Dezember vom nächsten
3652 1075 5542 1166 Sommer zu sprechen, so erscheint es jetzt beinahe verrückt. Trotzdem
3652 1141 5583 1244 möchte ich diesen Brief nicht gern schliessen, ohne der Hoffnung einer
3634 1247 5524 1358 baldigen Wiederbegegnung mit Ihnen Ausdruck zu geben, und jedenfalls
3652 1350 5509 1451 wäre es sehr liebenswürdig von Ihnen uns ab und zu durch eine Zeile
3652 1426 5557 1542 von Ihren Befinden, von Ihrem Wohlbefinde zu benachrichtigen. Wollen
3659 1517 5593 1615 Wie in meinem Namen auch Peter Nansen die besten Wünsche für seine bal-
3644 1603 5575 1714 dige Genesung bestellen; seine neue Novelle wird man wohl auch bald in
3652 1714 5610 1797 deutscher Sprache zu lesen bekommen. In den vielen Jahren, da er leider
3644 1794 5497 1908 schwieg, hat man ihn hier keineswegs vergessen und wird sich seiner
3639 1885 5002 2009 neu erwachten Produktionskraft aufrichtig freuen.
3849 1984 5512 2077 Und nun leben Sie wohl, und seien Sie, auch im Namen
3634 2087 5393 2173 meiner Frau, aufs Allerherzlichste gegrüsst, Ihr treu ergebener
4886 2160 5396 2281 Arthur Schnitzler
