5824 3641
3843 518 4529 618 Nicht gehaltene Festrede
4619 544 5066 677 erkennen gelernt
4373 573 4555 665 Iten is
4709 622 5336 755 XIX. Jahrhunderte haben
3845 644 4550 795 Georg Brandes
3819 762 5002 866 tur- in gewissem Sinn eine Weltgeschichte,
3493 864 4830 977 Es soll keine Festrede werden.
3502 942 4425 1044 Sie wünschen keine,
3514 1034 5312 1143 Und wenn Sie eine wünschten, ich wäre der Letzte, von dem Sie sie
3514 1131 3831 1247 erwarteten.
3509 1183 5215 1332 Ich will nur im Namen des Pen-Klubs und ohne direkt beauftragt
3514 1316 5390 1410 zu sein, im Namen vieler Anderer der Freude Ausdruck geben, dass Sie
3533 1410 5315 1505 gekommen sind und die Gelegenheit benützen Ihnen wieder im Namen
3509 1498 4006 1611 Vieler zu danken.
3509 1656 5402 1775 Denn es gibt hier unter uns gewiss keinen, und unter den Gebildeten
3526 1751 5357 1862 draussen gewiss nur Wenige, die sich Ihnen nicht zu tiefstem Danke
3523 1831 5334 1940 verpflichtet fühlen für das Vielem das Sie ihnen geschenkt haben.
3521 1933 5272 2028 Keine Angst, es soll keine Aufzählung Ihrer Werke werden (schon
3521 2002 5378 2123 weil die Aufzählung den Rahmen selbst einer Festrede überschreiten
3514 2108 5407 2212 würde), aber da wir doch danken wollen, wird sich schwer die Nennung
3533 2191 4818 2314 eines oder des andern Titels vermeiden lassen.
4302 2281 4555 2395 asses hänge
3639 2288 3930 2388 G.C.H.F.P
3514 2359 5416 2475 Für uns Aeltere bedeutet ein Werk wie Ihre "Hauptströmungen", abgese-
3533 2454 5414 2582 hen von allem übrigen eine köstliche Jugenderinnerung, die wir übri-
3533 2565 5388 2657 gens gerade in diesen letzten Jahren anlässlich des Erscheinens der
3538 2648 5364 2754 neuen Ausgabe auffrischen und erneuern durften. Und wir sehen, es
3538 2745 4777 2837 ist keine trügerische Erinnerung.
3545 2830 5371 2929 Wir alle haben gerade dieses Werk nicht nur einfach als Literatur-
3533 2894 5419 3022 geschichte einer gewissen Epoche gelesen. Es war uns mehr. Wir haben
3533 3003 5364 3116 das Wesen der Literaturgeschichte dessen, was LiteraturGeschich
4486 3088 5281 3194 erst den wahren Historiker bezahlt
3542 3093 4264 3187 mich ist, und dessen Vorhand
3055 3410 3377 3516 Votre très
