<?xml version="1.0" encoding="UTF-8" standalone="yes"?>
<PcGts xmlns="http://schema.primaresearch.org/PAGE/gts/pagecontent/2013-07-15" xmlns:xsi="http://www.w3.org/2001/XMLSchema-instance" xsi:schemaLocation="http://schema.primaresearch.org/PAGE/gts/pagecontent/2013-07-15 http://schema.primaresearch.org/PAGE/gts/pagecontent/2013-07-15/pagecontent.xsd">
    <Metadata>
        <Creator>prov=READ-COOP:name=TrHtr:version=2.1.0:model_id=51170:date=29_07_2023_11:06</Creator>
        <Created>2023-05-10T12:30:47.344+02:00</Created>
        <LastChange>2023-07-29T11:06:01.637+02:00</LastChange>
        <TranskribusMetadata docId="1428211" pageId="55403420" pageNr="47" tsid="131408717" status="IN_PROGRESS" userId="64420" imgUrl="https://files.transkribus.eu/Get?id=AJHAQTLPZTVJBSPBWNDFOIKC&amp;fileType=view" xmlUrl="https://files.transkribus.eu/Get?id=JPPZJKIJUDUVLQQQVEDVPUGY" imageId="44678241"/>
    </Metadata>
    <Page imageFilename="1428211_0047.jpg" imageWidth="5813" imageHeight="3608">
        <ReadingOrder>
            <OrderedGroup id="ro_1711795722216" caption="Regions reading order">
                <RegionRefIndexed index="0" regionRef="tr_1"/>
                <RegionRefIndexed index="1" regionRef="tr_2"/>
            </OrderedGroup>
        </ReadingOrder>
        <TextRegion id="tr_1" custom="readingOrder {index:0;}">
            <Coords points="430,421 2532,421 2532,2244 430,2244"/>
            <TextLine id="tr_1_tl_1" custom="readingOrder {index:0;}">
                <Coords points="1074,516 1129,513 1147,526 1199,526 1209,537 1251,513 1293,519 1293,391 1248,401 1212,388 1201,394 1142,360 1089,401 1074,399"/>
                <Baseline points="1087,471 1176,471 1266,471 1296,471"/>
                <TextEquiv>
                    <Unicode>- 3 -</Unicode>
                </TextEquiv>
            </TextLine>
            <TextLine id="tr_1_tl_2" custom="readingOrder {index:1;}">
                <Coords points="558,631 2270,597 2327,589 2330,513 977,553 839,495 558,555"/>
                <Baseline points="573,597 633,597 722,597 812,591 902,591 991,591 1081,591 1170,591 1260,585 1350,585 1439,579 1529,579 1618,579 1708,579 1798,579 1887,573 1977,573 2066,573 2156,567 2246,567 2335,567"/>
                <TextEquiv>
                    <Unicode>Ich bin sehr glücklich, dass Sie immer in gleicher Herzlichkeit</Unicode>
                </TextEquiv>
            </TextLine>
            <TextLine id="tr_1_tl_3" custom="readingOrder {index:2;}">
                <Coords points="412,740 2489,680 2489,602 2419,592 414,620"/>
                <Baseline points="430,686 436,686 525,686 615,686 704,686 794,686 884,680 973,680 1063,680 1152,675 1242,675 1332,675 1421,675 1511,669 1600,669 1690,669 1780,663 1869,663 1959,663 2048,663 2138,657 2228,657 2317,657 2407,657 2496,657"/>
                <TextEquiv>
                    <Unicode>meiner gedenken- was Sie mir bedeuten,- muss ich Ihnen das noch sagen? Ich</Unicode>
                </TextEquiv>
            </TextLine>
            <TextLine id="tr_1_tl_4" custom="readingOrder {index:3;}">
                <Coords points="433,800 2158,811 2463,722 433,735"/>
                <Baseline points="448,782 495,776 585,776 675,776 764,776 854,770 943,770 1033,770 1123,770 1212,770 1302,764 1391,758 1481,758 1571,758 1660,758 1750,758 1839,752 1929,752 2019,752 2108,746 2198,746 2287,746 2377,746 2467,752"/>
                <TextEquiv>
                    <Unicode>hoffe Sie sind schon ganz wohl und der Jesus ist bald vollendet. Was Sie,</Unicode>
                </TextEquiv>
            </TextLine>
            <TextLine id="tr_1_tl_5" custom="readingOrder {index:4;}">
                <Coords points="430,891 2215,886 2528,860 2528,787 433,837"/>
                <Baseline points="448,866 471,866 561,866 651,866 740,866 830,866 919,860 1009,860 1099,854 1188,854 1278,854 1367,854 1457,854 1547,848 1636,848 1726,842 1815,842 1905,842 1995,842 2084,842 2174,842 2263,836 2353,836 2443,842 2532,836"/>
                <TextEquiv>
                    <Unicode>Georg Brandes, in diesem letzten Jahrzehnt gemacht haben- und wie Sie es ge-</Unicode>
                </TextEquiv>
            </TextLine>
            <TextLine id="tr_1_tl_6" custom="readingOrder {index:5;}">
                <Coords points="433,970 2455,938 2411,878 2028,852 1704,912 433,894"/>
                <Baseline points="448,961 489,955 579,955 669,955 758,955 848,955 937,949 1027,949 1117,949 1206,943 1296,943 1385,937 1475,937 1565,937 1654,937 1744,937 1833,937 1923,931 2013,931 2102,931 2192,925 2281,925 2371,925 2461,931"/>
                <TextEquiv>
                    <Unicode>macht haben.; gibt es dafür in der Geschichte menschlicher Geistesarbeit</Unicode>
                </TextEquiv>
            </TextLine>
            <TextLine id="tr_1_tl_7" custom="readingOrder {index:6;}">
                <Coords points="438,1113 933,1045 1121,1095 1337,1037 2486,1053 2489,975 440,1016"/>
                <Baseline points="453,1051 525,1051 615,1045 704,1045 794,1039 884,1039 973,1039 1063,1039 1152,1039 1242,1033 1332,1033 1421,1033 1511,1033 1600,1027 1690,1027 1780,1027 1869,1027 1959,1021 2048,1021 2138,1021 2228,1021 2317,1015 2407,1015 2496,1021"/>
                <TextEquiv>
                    <Unicode>ein Analogon? Und wie menschlich nah sind Sie einem in jedem Ihrer Bücher,</Unicode>
                </TextEquiv>
            </TextLine>
            <TextLine id="tr_1_tl_8" custom="readingOrder {index:7;}">
                <Coords points="422,1173 2348,1147 2442,1131 2445,1066 422,1118"/>
                <Baseline points="436,1140 477,1140 567,1140 657,1140 746,1140 836,1134 925,1134 1015,1128 1105,1128 1194,1128 1284,1128 1373,1123 1463,1123 1553,1123 1642,1117 1732,1117 1821,1117 1911,1117 2001,1117 2090,1111 2180,1117 2269,1117 2359,1111 2449,1111"/>
                <TextEquiv>
                    <Unicode>wie liebt man Sie in jedem:- Und ob Jesus ein Lebendiger oder ein Hythes</Unicode>
                </TextEquiv>
            </TextLine>
            <TextLine id="tr_1_tl_9" custom="readingOrder {index:8;}">
                <Coords points="433,1238 555,1277 1199,1220 1866,1238 1916,1160 1493,1131 1165,1191 433,1201"/>
                <Baseline points="448,1230 489,1230 579,1230 669,1230 758,1224 848,1224 937,1224 1027,1224 1117,1218 1206,1218 1296,1218 1385,1212 1475,1212 1565,1212 1654,1212 1744,1206 1833,1206 1923,1212"/>
                <TextEquiv>
                    <Unicode>war; - in Ihrem Buch wird er beides zu sein verstehn.-</Unicode>
                </TextEquiv>
            </TextLine>
            <TextLine id="tr_1_tl_10" custom="readingOrder {index:9;}">
                <Coords points="529,1337 2406,1316 2450,1220 529,1274"/>
                <Baseline points="543,1320 573,1320 663,1320 752,1320 842,1314 931,1314 1021,1314 1111,1314 1200,1308 1290,1308 1379,1308 1469,1302 1559,1302 1648,1302 1738,1296 1827,1296 1917,1296 2007,1296 2096,1296 2186,1290 2275,1290 2365,1290 2455,1296"/>
                <TextEquiv>
                    <Unicode>Im Januar werd ich wahrscheinlich eine Vortragsreise in dier Schweiz</Unicode>
                </TextEquiv>
            </TextLine>
            <TextLine id="tr_1_tl_11" custom="readingOrder {index:10;}">
                <Coords points="427,1423 2424,1410 2492,1311 427,1376"/>
                <Baseline points="442,1415 525,1415 615,1409 704,1409 794,1409 884,1409 973,1403 1063,1403 1152,1403 1242,1403 1332,1397 1421,1397 1511,1391 1600,1391 1690,1391 1780,1391 1869,1385 1959,1385 2048,1385 2138,1385 2228,1379 2317,1379 2407,1379 2496,1379"/>
                <TextEquiv>
                    <Unicode>machen. Und wann sieht man einander wieder? Sie haben's ja in der Komoedie</Unicode>
                </TextEquiv>
            </TextLine>
            <TextLine id="tr_1_tl_12" custom="readingOrder {index:11;}">
                <Coords points="427,1517 2333,1514 2523,1478 2525,1420 427,1452"/>
                <Baseline points="442,1505 465,1505 555,1499 645,1499 734,1499 824,1499 913,1499 1003,1499 1093,1493 1182,1493 1272,1487 1361,1487 1451,1487 1541,1481 1630,1481 1720,1481 1809,1481 1899,1475 1989,1475 2078,1475 2168,1475 2257,1475 2347,1469 2437,1469 2526,1475"/>
                <TextEquiv>
                    <Unicode>der Verf. gelesen: das Alter ist nur eine Intrigue, die die Jugend gegen uns</Unicode>
                </TextEquiv>
            </TextLine>
            <TextLine id="tr_1_tl_13" custom="readingOrder {index:12;}">
                <Coords points="446,1616 2184,1603 2387,1572 2390,1499 448,1527"/>
                <Baseline points="459,1588 513,1594 603,1594 692,1588 782,1588 872,1588 961,1582 1051,1582 1140,1582 1230,1582 1320,1577 1409,1577 1499,1571 1588,1571 1678,1571 1768,1571 1857,1571 1947,1565 2036,1565 2126,1565 2216,1559 2305,1565 2395,1559"/>
                <TextEquiv>
                    <Unicode>einfädelt. In meinem nächsten Stück soll der neunzigjährige als Sieger</Unicode>
                </TextEquiv>
            </TextLine>
            <TextLine id="tr_1_tl_14" custom="readingOrder {index:13;}">
                <Coords points="427,1689 2432,1673 2460,1598 430,1632"/>
                <Baseline points="442,1684 495,1684 585,1684 675,1678 764,1678 854,1678 943,1678 1033,1672 1123,1672 1212,1672 1302,1666 1391,1666 1481,1666 1571,1660 1660,1660 1750,1660 1839,1654 1929,1654 2019,1654 2108,1654 2198,1648 2287,1648 2377,1648 2467,1654"/>
                <TextEquiv>
                    <Unicode>übrig bleiben.- Schreiben Sie mir bald wieder einen Brief, mein verehrter</Unicode>
                </TextEquiv>
            </TextLine>
            <TextLine id="tr_1_tl_15" custom="readingOrder {index:14;}">
                <Coords points="433,1793 2163,1788 2403,1777 2455,1707 433,1720"/>
                <Baseline points="448,1774 489,1774 579,1768 669,1774 758,1768 848,1762 937,1762 1027,1762 1117,1762 1206,1762 1296,1756 1385,1756 1475,1756 1565,1750 1654,1750 1744,1750 1833,1750 1923,1744 2013,1744 2102,1744 2192,1738 2281,1744 2371,1738 2461,1738"/>
                <TextEquiv>
                    <Unicode>Freund- oder wenns Ihnen leichter von der Hand gehen sollte, ein Buch. Es</Unicode>
                </TextEquiv>
            </TextLine>
            <TextLine id="tr_1_tl_16" custom="readingOrder {index:15;}">
                <Coords points="427,1890 1400,1879 1457,1871 1460,1777 1121,1801 975,1775 427,1837"/>
                <Baseline points="442,1863 477,1863 567,1863 657,1857 746,1857 836,1857 925,1857 1015,1851 1105,1851 1194,1845 1284,1845 1373,1845 1463,1845"/>
                <TextEquiv>
                    <Unicode>darf ja auch eine über Brandes sein.</Unicode>
                </TextEquiv>
            </TextLine>
            <TextLine id="tr_1_tl_17" custom="readingOrder {index:16;}">
                <Coords points="534,1957 824,1965 923,2015 1303,1947 1822,1955 1892,1939 1895,1895 988,1871 933,1908 537,1908"/>
                <Baseline points="549,1953 555,1953 645,1953 734,1947 824,1947 913,1947 1003,1947 1093,1947 1182,1947 1272,1941 1361,1941 1451,1941 1541,1935 1630,1935 1720,1929 1809,1929 1899,1929"/>
                <TextEquiv>
                    <Unicode>Seien Sie herzlichst gegrüsst von Ihrem getreuen</Unicode>
                </TextEquiv>
            </TextLine>
            <TextLine id="tr_1_tl_18" custom="readingOrder {index:17;}">
                <Coords points="1856,2020 1986,2064 2043,2030 2361,2028 2364,1963 2320,1968 2275,1942 2241,1960 2215,1949 2174,1976 2082,1965 2049,1942 1976,1968 1942,1949 1858,1963"/>
                <Baseline points="1869,2019 1917,2013 2007,2013 2096,2013 2186,2013 2275,2007 2365,2013"/>
                <TextEquiv>
                    <Unicode>Arthur Schnitzler</Unicode>
                </TextEquiv>
            </TextLine>
            <TextLine id="tr_1_tl_19" custom="readingOrder {index:18;}">
                <Coords points="508,2171 2484,2106 2445,2041 511,2067"/>
                <Baseline points="525,2132 609,2132 698,2132 788,2126 878,2126 967,2126 1057,2126 1146,2120 1236,2120 1326,2120 1415,2114 1505,2114 1594,2114 1684,2108 1774,2108 1863,2108 1953,2108 2042,2108 2132,2102 2222,2102 2311,2102 2401,2102 2490,2102"/>
                <TextEquiv>
                    <Unicode>Verzeihen Sie die Klexe! Fliessende Tinte - neue englische Feder,-Unge-</Unicode>
                </TextEquiv>
            </TextLine>
            <TextLine id="tr_1_tl_20" custom="readingOrder {index:19;}">
                <Coords points="446,2244 620,2239 654,2267 738,2234 790,2249 902,2228 902,2189 852,2171 813,2184 753,2168 696,2189 652,2189 623,2158 581,2181 513,2166 487,2181 448,2176"/>
                <Baseline points="459,2234 549,2228 639,2228 728,2222 818,2222 907,2222"/>
                <TextEquiv>
                    <Unicode>schicklichkeit, -</Unicode>
                </TextEquiv>
            </TextLine>
        </TextRegion>
        <TextRegion id="tr_2" custom="readingOrder {index:1;}">
            <Coords points="3357,368 5429,368 5429,2023 3357,2023"/>
            <TextLine id="tr_2_tl_1" custom="readingOrder {index:0;}">
                <Coords points="3714,456 4094,469 4204,440 4282,480 4683,453 4683,401 4590,341 4306,367 4209,336 4068,378 3977,334 3842,378 3714,360"/>
                <Baseline points="3727,448 3793,448 3882,442 3972,442 4061,436 4151,430 4241,424 4330,424 4420,418 4510,424 4599,436 4689,442"/>
                <TextEquiv>
                    <Unicode>1 1/2 1/4 a.t. 4 1/7. n. 4. 2/4 4. 9.</Unicode>
                </TextEquiv>
            </TextLine>
            <TextLine id="tr_2_tl_2" custom="readingOrder {index:1;}">
                <Coords points="4506,547 4595,571 4616,558 4652,568 4683,539 4725,555 4788,539 4811,560 4845,553 4902,573 4968,566 4970,456 4895,472 4777,459 4741,477 4678,440 4629,474 4600,459 4509,469"/>
                <Baseline points="4521,525 4527,519 4617,525 4707,519 4796,519 4886,519 4975,519"/>
                <TextEquiv>
                    <Unicode>Wien, 11.2.1925.</Unicode>
                </TextEquiv>
            </TextLine>
            <TextLine id="tr_2_tl_3" custom="readingOrder {index:2;}">
                <Coords points="3354,725 3466,764 3568,730 3662,766 3769,725 3865,751 4097,725 4149,751 4152,657 3980,633 3865,662 3795,633 3508,665 3354,633"/>
                <Baseline points="3369,722 3458,722 3548,722 3637,722 3727,716 3817,716 3906,716 3996,710 4085,716 4157,722"/>
                <TextEquiv>
                    <Unicode>Lieber und verehrter Freund,</Unicode>
                </TextEquiv>
            </TextLine>
            <TextLine id="tr_2_tl_4" custom="readingOrder {index:3;}">
                <Coords points="3654,839 4975,834 5322,808 5322,756 4858,756 4790,704 4334,774 3654,766"/>
                <Baseline points="3667,812 3715,812 3805,806 3894,806 3984,806 4073,806 4163,806 4253,806 4342,800 4432,800 4521,800 4611,800 4701,800 4790,794 4880,794 4969,794 5059,794 5149,788 5238,788 5328,794"/>
                <TextEquiv>
                    <Unicode>ich lese, und mein Sohn schreibt mir, dass Sie im Laufe des</Unicode>
                </TextEquiv>
            </TextLine>
            <TextLine id="tr_2_tl_5" custom="readingOrder {index:4;}">
                <Coords points="3344,912 5390,915 5418,821 3344,876"/>
                <Baseline points="3357,902 3363,902 3452,907 3542,907 3631,907 3721,902 3811,902 3900,902 3990,902 4079,896 4169,896 4259,896 4348,896 4438,896 4527,896 4617,896 4707,890 4796,890 4886,890 4975,890 5065,890 5155,890 5244,884 5334,884 5423,890"/>
                <TextEquiv>
                    <Unicode>März nach Berlin kommen wollen. Ich hatte die gleiche Absicht und wäre nun</Unicode>
                </TextEquiv>
            </TextLine>
            <TextLine id="tr_2_tl_6" custom="readingOrder {index:5;}">
                <Coords points="3359,1019 5160,1035 5424,1024 5424,938 4551,902 3359,972"/>
                <Baseline points="3375,1003 3458,997 3548,997 3637,997 3727,997 3817,997 3906,997 3996,991 4085,991 4175,991 4265,991 4354,991 4444,985 4533,985 4623,985 4713,985 4802,985 4892,985 4981,979 5071,979 5161,973 5250,973 5340,973 5429,973"/>
                <TextEquiv>
                    <Unicode>sehr froh, wenn ich Ihnen dort begegnen dürfte. Sind Sie sich über den Ter-</Unicode>
                </TextEquiv>
            </TextLine>
            <TextLine id="tr_2_tl_7" custom="readingOrder {index:6;}">
                <Coords points="3354,1126 5377,1110 5424,1024 3354,1045"/>
                <Baseline points="3369,1093 3458,1093 3548,1093 3637,1093 3727,1093 3817,1087 3906,1087 3996,1087 4085,1081 4175,1081 4265,1081 4354,1081 4444,1081 4533,1081 4623,1081 4713,1081 4802,1081 4892,1081 4981,1081 5071,1081 5161,1081 5250,1075 5340,1069 5429,1069"/>
                <TextEquiv>
                    <Unicode>min Ihrer Reise schon klar? Wollen Sie mir darüber so bald als möglich ein</Unicode>
                </TextEquiv>
            </TextLine>
            <TextLine id="tr_2_tl_8" custom="readingOrder {index:7;}">
                <Coords points="3354,1209 4253,1183 4470,1233 4733,1196 4733,1118 3354,1142"/>
                <Baseline points="3369,1182 3392,1182 3482,1188 3572,1188 3661,1182 3751,1188 3840,1182 3930,1182 4020,1176 4109,1176 4199,1176 4288,1176 4378,1176 4468,1176 4557,1170 4647,1176 4736,1176"/>
                <TextEquiv>
                    <Unicode>Wort schreiben, wär ich Ihnen von Herzen dankbar.</Unicode>
                </TextEquiv>
            </TextLine>
            <TextLine id="tr_2_tl_9" custom="readingOrder {index:8;}">
                <Coords points="3659,1319 5145,1314 5358,1269 5358,1220 3659,1251"/>
                <Baseline points="3673,1272 3751,1272 3840,1272 3930,1272 4020,1272 4109,1272 4199,1272 4288,1272 4378,1266 4468,1266 4557,1266 4647,1266 4736,1266 4826,1266 4916,1266 5005,1260 5095,1260 5185,1260 5274,1260 5364,1260"/>
                <TextEquiv>
                    <Unicode>Lehrder Schweiz (Vortragsreise und nachheriger Aufenthalt im</Unicode>
                </TextEquiv>
            </TextLine>
            <TextLine id="tr_2_tl_10" custom="readingOrder {index:9;}">
                <Coords points="5124,1381 5153,1381 5166,1371 5176,1376 5192,1371 5236,1387 5272,1389 5304,1381 5304,1314 5244,1314 5223,1303 5160,1314 5124,1311"/>
                <Baseline points="5137,1350 5226,1350 5310,1350"/>
                <TextEquiv>
                    <Unicode>? der</Unicode>
                </TextEquiv>
            </TextLine>
            <TextLine id="tr_2_tl_11" custom="readingOrder {index:10;}">
                <Coords points="3354,1394 4954,1389 4957,1334 3357,1324"/>
                <Baseline points="3369,1373 3440,1373 3530,1373 3619,1367 3709,1367 3799,1367 3888,1367 3978,1367 4067,1361 4157,1361 4247,1361 4336,1361 4426,1361 4515,1355 4605,1355 4695,1355 4784,1355 4874,1355 4963,1355"/>
                <TextEquiv>
                    <Unicode>Engadin) hatt ich einen kurzen Bericht über Sie durch Dr.</Unicode>
                </TextEquiv>
            </TextLine>
            <TextLine id="tr_2_tl_12" custom="readingOrder {index:11;}">
                <Coords points="3359,1491 4840,1493 5364,1454 5390,1392 3359,1402"/>
                <Baseline points="3375,1469 3422,1463 3512,1463 3602,1463 3691,1463 3781,1463 3870,1463 3960,1463 4050,1457 4139,1457 4229,1457 4318,1451 4408,1451 4498,1451 4587,1451 4677,1451 4766,1451 4856,1451 4946,1451 5035,1445 5125,1445 5214,1445 5304,1445 5394,1445"/>
                <TextEquiv>
                    <Unicode>Sie damals in Kopenhagen etwas leidend angetroffen hatte. Nun gehts Ihnen</Unicode>
                </TextEquiv>
            </TextLine>
            <TextLine id="tr_2_tl_13" custom="readingOrder {index:12;}">
                <Coords points="3352,1572 5267,1579 5377,1561 5377,1491 3354,1527"/>
                <Baseline points="3369,1559 3410,1559 3500,1559 3590,1559 3679,1553 3769,1553 3858,1553 3948,1553 4038,1553 4127,1547 4217,1547 4306,1547 4396,1547 4486,1547 4575,1547 4665,1547 4754,1547 4844,1541 4934,1541 5023,1541 5113,1535 5202,1535 5292,1535 5382,1529"/>
                <TextEquiv>
                    <Unicode>hoffentlich wieder ganz gut. Mir auch ganz leidlich. Manche schöne Abend-</Unicode>
                </TextEquiv>
            </TextLine>
            <TextLine id="tr_2_tl_14" custom="readingOrder {index:13;}">
                <Coords points="3367,1671 5387,1673 5390,1577 3367,1605"/>
                <Baseline points="3381,1642 3422,1648 3512,1648 3602,1642 3691,1642 3781,1642 3870,1642 3960,1642 4050,1642 4139,1642 4229,1636 4318,1636 4408,1642 4498,1636 4587,1636 4677,1636 4766,1636 4856,1636 4946,1630 5035,1630 5125,1630 5214,1630 5304,1630 5394,1624"/>
                <TextEquiv>
                    <Unicode>stunde verbring ich mit Ihren Büchern, den neuen und den alten. Jetzt bin</Unicode>
                </TextEquiv>
            </TextLine>
            <TextLine id="tr_2_tl_15" custom="readingOrder {index:14;}">
                <Coords points="3367,1749 4858,1770 4928,1697 3367,1712"/>
                <Baseline points="3381,1738 3410,1744 3500,1738 3590,1738 3679,1738 3769,1738 3858,1738 3948,1738 4038,1732 4127,1732 4217,1732 4306,1732 4396,1732 4486,1726 4575,1726 4665,1726 4754,1726 4844,1726 4934,1732"/>
                <TextEquiv>
                    <Unicode>ich wieder einmal in der "Romantik" der Hauptströmungen.</Unicode>
                </TextEquiv>
            </TextLine>
            <TextLine id="tr_2_tl_16" custom="readingOrder {index:15;}">
                <Coords points="3641,1853 4723,1869 4775,1832 4928,1845 4928,1788 4749,1757 4626,1796 3641,1790"/>
                <Baseline points="3655,1833 3679,1833 3769,1833 3858,1827 3948,1827 4038,1827 4127,1827 4217,1827 4306,1827 4396,1827 4486,1827 4575,1821 4665,1821 4754,1821 4844,1821 4934,1827"/>
                <TextEquiv>
                    <Unicode>Ach bitte, schreiben Sie mir gleich ein Wort.</Unicode>
                </TextEquiv>
            </TextLine>
            <TextLine id="tr_2_tl_17" custom="readingOrder {index:16;}">
                <Coords points="3659,1952 3998,1965 4131,1939 4321,1968 4418,1934 4451,1949 4451,1892 4371,1853 4196,1887 3891,1850 3847,1890 3743,1866 3659,1900"/>
                <Baseline points="3673,1917 3739,1923 3829,1923 3918,1923 4008,1917 4097,1923 4187,1917 4277,1917 4366,1917 4456,1911"/>
                <TextEquiv>
                    <Unicode>Sie von Herzen grüssend Ihr</Unicode>
                </TextEquiv>
            </TextLine>
            <TextLine id="tr_2_tl_18" custom="readingOrder {index:17;}">
                <Coords points="4394,2030 4446,2046 4522,2017 4678,2038 4699,2025 4730,2043 4754,2025 4861,2035 4902,2025 4902,1955 4848,1968 4762,1942 4723,1968 4686,1952 4644,1968 4433,1944 4394,1957"/>
                <Baseline points="4408,2013 4498,2007 4587,2007 4677,2007 4766,2007 4856,2007 4910,2013"/>
                <TextEquiv>
                    <Unicode>Arthur Schnitzler</Unicode>
                </TextEquiv>
            </TextLine>
        </TextRegion>
    </Page>
</PcGts>
