5832 3641
660 605 1616 775 Lieber und verehrter Herr Brandes,
983 753 2531 830 innigen Dank für Ihre herzlichen Worte. Es ist etwas er-
660 810 2609 960 quickendes in der Art, wie Sie einem Worte sagen, die von einem andern
660 908 2671 1011 ausgesprochen, eben nichts als Worte wären. Ich bin jung, sagen Sie? Nun,
673 1011 2621 1116 wenn es selbst so wäre,- unter gewissen Umständen sind Jugend, Frühling,
670 1113 2621 1238 Sonne so traurige Dinge, dass man in ihrem Bewusstsein zusammenschauert
658 1183 2496 1326 statt sich zu freuen. Diese Abende, die ich jetzt manchmal auf dem
660 1283 2566 1381 Land draussen verbringe, die Orte, wir ich hinkomme, alles das dampft
673 1366 2406 1493 von Erinnerungen;- ahnt man eben, wie tief manche Grüber sind!-
988 1466 2529 1591 Verzeichen Sie dass ich schon wieder davon rede; während
658 1563 2589 1686 Sie selbst ohnedies nicht in der glücklichsten Stimmung sind. Ich wuss-
655 1663 2459 1788 te absolut nicht, dass Sie noch immer bettlägerig waren; wie gern
655 1761 2541 1888 möchtig ich endlich hören, dass Sie ganz genesen sind. Dabei ist doch
660 1858 2529 1951 sehr erfreulich, dass die Sache völlig unbedenklich ist und dass Sie
655 1946 2531 2034 dabei arbeiten und sich über den Zusammenfluss von Büchern und Brie-
648 2036 2549 2139 fen auf Ihrer Bettdecke freuen. Der Erfolg Ihre Gesamtausgabe ist ja
648 2139 2459 2236 selbstverständlich. Ludwig Fulda, auf dessen Schreibtisch ich vor
648 2211 2509 2339 ein paar Wochen Ihre Gedichte liegen sah, hab ich ein wenig um sein
655 2311 2539 2399 dänisch können beneidet. Die Zukunftsnummer vom 7.April hab ich noch
655 2406 2334 2494 nicht gesehen, lasse sie mir durch meine Buchhandlung kommen.
993 2514 2479 2591 Ich will in diesem Frühjahr noch einige kleine Touren
655 2584 2494 2686 (mit dem Rade zumeist) in der Umgegend von Wien machen; immer neues
655 2666 2519 2824 entdeckt man in diesem wunderschönen aber vertrottelten Niederöster-
633 2779 848 2876 reich.
965 2841 2489 2959 Leben Sie wohl, mein verehrter Herr Brandes und
633 2916 1308 3099 seien vielmals gegrüsst
1906 3024 2531 3162 Ihr Arthur Schnitzler
623 3149 898 3242 19.5.99.
403 3404 765 3522 Votre très-hier
4155 333 4325 470 1er
4777 650 5020 798 8.6.99.
3574 843 5315 988 Verehrtester Herr Brandes, eine Bitte diesmal, deren Erfüllung
3572 950 5355 1098 Ihnen hoffentlich nicht allzu viel Mühe macht. Ein Herr Jontif(?)
3574 1041 5428 1156 hat eine Übersetzung des „grünen Kakadu“ ins französische an Antoine
3579 1141 5360 1251 in Paris geschickt. Ich weiss nun kaum, ob Antoine meinen Namen
3567 1213 5413 1343 kennt. Wenn Sie aber ihm ein Wort schreiben, er solle das Ding auf-
3574 1326 5373 1446 merksam durchlesen, so thut er's gewiss. Also dass Sie ihm sagen:
3594 1418 5303 1533 "Lesen Sie den “Peroquet vert“- bitte ich Sie;- nichts andres,
3572 1511 4615 1636 keine "Empfehkung" - oder dergleichen.
3739 1598 5330 1703 Es ist doch nicht zu unbescheiden, hoff ich? Sind Sie nun
3574 1686 5045 1828 endlich ausser Bett? Und wohl und heiter? Ihr treuer
4737 1763 5225 1906 Arthur Schnitzler
