5859 3593
1555 451 1893 604 20.10.1914.
499 569 1296 700 Lieber und verehrter Freund.
935 629 2347 782 Erst heute danke ich Ihnen für Ihren Brief vom 23.
494 735 2395 873 August d.J., der immerhin schon am 10. September bei mir eingetroffen
499 812 2412 945 ist. Wie lächerlich muss Ihnen mein Schreiben aus Celerina erschienen
509 943 2375 1028 sein, das schon mitten in den Stürmen des Weltkrieges bei Ihnen ein-
512 1003 2435 1158 traf; kam es mir doch selbst schonm am Tage, da ich es absandte, recht
504 1118 2420 1256 unzeitgemäss vor. Aber die Gründe, die mich bewogen, es doch nicht zu-
512 1196 2407 1354 rückzuhalten, habe ich Ihnen ja schon damals dargelegt, und ich kann
512 1301 2400 1402 heute wirklich nur um Entschuldigung bitten, dass ich Sie in solcher
512 1389 2387 1492 Zeit überhaupt mit einem Privatwunsch bemüht oder wenigstens gelang-
512 1477 2457 1607 weilt habe. Wenn aber auch Privatwünsche jetzt notwendig und gerne zum
529 1577 2410 1675 Schweigen verurteilt sind und jedes Privatinteresse irgendwie und ir-
524 1667 2350 1795 gendwo mit dem Allgemeininteresse verbunden scheint; es führt doch
529 1758 2467 1891 jeder, ob er nun will oder nicht, auch seine Privatexistenz weiter und
522 1841 2360 1963 man gibt am Ende der Zeit auch etwas, indem man sich selber zu be-
529 1948 2387 2046 wahren sucht, so weit es ohne Schaden für die Allgemeinheit möglich
524 2003 2485 2169 ist. Allzu viele sieht man heute, die in einem ins Leere gewandten Be-
534 2129 2457 2247 tätigungstrieb sich nutzlos verschwenden und Neigung zeigen sich einem
529 2227 2430 2322 Husser###n oder innern Beruf zu entfremden, innerhalb dessen, durch den
532 2282 2533 2407 Versuch ruhiger Weiterarbeit, sie die Sache Ihres Vaterlandes, wenn auch
524 2400 2487 2510 nur mittelbar, aufs Beste fördern können. Freilich ist es eine sehr be-
542 2460 2475 2615 greifliche Sehnsucht von Vielen, die nicht gerade in der Front stehen,
539 2575 2555 2723 oder sonstwie zu Kriegsdienstleistungen herangezogen sind, am allgemeinen
564 2670 2475 2783 Schicksal in deutlicherer Weise teilzunehmen, als es sich durch Fort-
542 2741 2553 2891 führung ihrer Friedensarbeiten offenbaren würde, und man kann sagen, dass
532 2876 2540 3001 auch auf diese Art heute viel Gutes, besonders auf dem Gebiete der Wohl-
542 2971 1304 3107 tätigkeit, geleistet wird.
3944 434 4160 539 - 2 -
3661 582 5311 790 Es ist sehr wahrscheinlich, dass Dänemark, sowie die andern
3508 715 5346 863 neutralen Staaten, mehr von dem für Deutschland und Oesterreich Un-
3508 838 5348 960 günstigen als von dem Günsteigen zu lesen bekommt. Wir sind hier je-
3526 930 5406 1073 denfalls immer wieder von Neuem starr über die ungeheuerlichen Lügen,
3523 1008 5293 1158 die in der ausländischen Presse nicht nur von den Ereignissen im
3518 1118 5444 1219 Feld, sondern auch von den inneren Zuständen unseres Landes verbreitet
3538 1186 5379 1311 werden. Obwohl ich annehmen kann, dass Sie im Ganzen leidlich orien-
3536 1289 5446 1414 tiert sein werden, so möchte ich Ihnen doch jedenfalls mitteilen, dass
3531 1377 5389 1492 in Wien, im Gegensatz zu den Gerüchten von Teuerung und dergleichen,
3531 1454 5431 1590 völlig geordnete Zustände herrschen, dass beinahe nirgends nennenswer-
3536 1565 5419 1708 te Preissteigerungen erfolgt sind, dass die ökonomischen Verhältnisse
3526 1655 5359 1778 hier nicht nur nichtschlechter, sondern besser sind als im vorigen
3531 1750 5449 1863 Jahr, dass für die Arbeitslosen, deren Zahl, wie mir selbst ganz merk-
3538 1856 5494 1943 würdig erscheint, in diesem Jahr nicht grösser sein soll als im vorigen,
3536 1936 5481 2061 von öffentlicher und privater Seite ausreichend gesorgt wird, dass alle
3531 2031 5461 2139 Theater spielen, die meisten bei sehr gutem Besuch, und dass einem das
3548 2119 5374 2232 ganze Elend des Krieges eigentlich nur dort vor Augen tritt, wo die
3543 2182 5396 2334 einzigen, bisher unbezweifelbaren Resultate desselben zu sehen sind,
3541 2297 5486 2417 nämlich in den Spitälern, wo die Verwundeten liegen. Aber auch von dort
3548 2407 5466 2533 bringt man keineswegs ausschliesslich trübe Eindrücke nach Hause. Denn
3543 2452 5491 2603 beinahe alle Soldaten und Offiziere, die vom Kriegsschauplatz nach Hause
3541 2555 5439 2718 kommen, auch wenn sie sehr Grauenhaftes zu erzählen wissen, sind von
3543 2665 5466 2798 grosser Zuversicht erfüllt, ja, sie waren es auch schon zu einer Zeit,
3543 2748 5436 2889 wor die Stimmung der Bevölkerung in manchen Kreisen zu wünschen übrig
3548 2831 5499 2984 liess. Aber auch das ist in den letzten Wochen, in denen durchaus gute,
3543 2926 5424 3089 glaubwürdig gute Nachrichten bei uns eintreffen, anders geworden und
3556 3049 5524 3207 diese Hoffnungsfreudigkeit ist im äussern und innen Leben unserer Stadt
