5849 3608
1692 471 2112 647 Wien 22.5.925.
612 684 2430 829 Verehrte Frau Rung, darf ich um ein Wort bitten, wie sich Georg
588 802 2430 888 Brandes befindet? Wie es Ihnen überhaupt in Salzburg behagt? Mir
607 882 2569 963 sind die paar Stunden, die ich in Wien mit Brandes verbringen durfte,
607 928 2468 1035 wieder eine besonders schöne Erinnerung, und auch Ihnen, verehrte
607 1013 2465 1123 liebe Frau Rung, hab ich für Ihre Liebenswürdigkeit sehr herzlich
610 1088 906 1195 zu danken!
797 1080 2479 1227 Hoffentlich begegnet man einander bald wieder! Viele Grüsse
610 1214 1291 1342 Ihnen und Georg Brandes
1324 1294 1845 1433 Arthur Schnitzler
3596 275 4235 492 1 1/2 1/4 a.t. 1 1 1, n. 1,
4548 345 5072 481 Wien, 7. Juli 1925.
3321 460 4262 618 Mein lieber und verehrter Freund,
3500 524 5366 703 Sie haben mich während ihres diesmaligen Aufenthalts in Wien "nicht
3329 639 5398 786 heiter" gefunden,- und so muss ich fast befürchten, dass Sie nicht ganz be-
3337 730 5353 885 merkt haben, wie glücklich mich Ihre Anwesenheit gemacht hat und wie froh
3348 805 5390 965 ich war, dass Sie mir Ihre Sympathie- eines der Geschenke, für die ich dem
3342 912 5372 1067 Schicksal besonders dankbar bin- all die Jahre hindurch, die wir einander
3342 987 5348 1155 schon kennen, ungemindert erhalten haben. Darf ich Ihnen heute in diesen
3342 1102 5396 1265 Zeilen zum Ausdruck bringen, was von Angesicht zu angesicht auszusprechen,
3356 1198 5433 1342 was in meinem Betragen zu verdeutlichen ich, mehr meinem ganzen Wesen nach,
3369 1267 5436 1441 als aus vorübergehenden Stimmungen heraus, nicht so recht im Stande war und
3364 1382 5401 1548 bin? Es ist richtig (und es bewegt mich sehr, dass Sie es empfunden haben,
3364 1487 5339 1626 wenn es mir auch ein bisschen leid tut), dass ich zuweilen ein wenig me-
3377 1561 5342 1711 lancholisch bin, oder doch bedrückt. Hauptanlass wohl mein Ohrenleiden,
3366 1647 5516 1815 an dem nicht nur die langsam aber sicher zunehmende Schwerhörigkeit, sondern,
3404 1735 5409 1914 mehr noch, die ununterbrochenen, subjektiven Geräusche, ein Klingen ein
3396 1848 5412 2008 Sausen, und ein stetes Vogelzwitschern(das sich bis zu einem mässigen Pa-
3396 1928 5393 2104 pageiengekreisch verstärken kann) recht quälend sind. Und, sondernbar ge-
3401 2045 5305 2192 nug, es gibt doch Stunden, ja Tage, an denen mir diese Geräusche,- so
3396 2123 5425 2270 continuierlich sie immer (seit bald dreissig Jahren!) kaum zu Bewusstsein
3388 2214 5457 2366 kommen. Im ganzen verläuft ja die Sache etwas langsamer, als ich zu Beginn
3406 2302 5460 2460 der Erkrankung gefürchtet habe - man gewähnts auch allmälig (zu mindestens
3401 2398 5473 2564 manchmal) aber es ist doch schlimm, dass mir insbesondere der Theaterbesuch
3398 2484 5476 2631 schon ziemlich vergüllt ist und auch bei musikalischen Genüssen viel, sehr
3417 2572 5516 2741 viel entgeht. Und schlimm, dass es eine eigentliche "Stille" für mich längst
3422 2674 5473 2834 nicht mehr gibt. Glücklicherweise werd ich im Schlafen nicht gestört,- wenn
3422 2762 5433 2928 auch diese Geräusche auf mancherlei, oft ganz phantastischer Art sich in
3428 2909 4037 3048 meine Träume drängen.
3767 2946 5481 3115 Auch meine persönliche Existenz ist ja nicht ganz einfach, wie
