5840 3641
1741 299 2435 423 Eate obriously wrong as his
1816 360 2520 496 It is an answer to Braade of 6/10/1590
659 369 1049 532 1: —: 1: 1/2:
1769 440 2105 588 8.8.96.Wien
626 572 1355 685 Verehrtester Herr Brandes,
901 630 2447 743 der vollständige Titel des Buches lautet: Georg Brandes,
638 727 2451 852 Aus dem Reiche des Absolutismus, Charakterbilder aus Leben,Politk,
642 807 2435 943 Sitten, Kunst, Literatur Russlands. Übersetzt von Alfred Forster.
642 950 1699 1059 Leipzig, bei Siegismund und Volkening.
906 1016 2425 1120 Was den Artikel über die Censur in Polen anbelangt, so
654 1085 2472 1223 werden freilich wenige auf die Vermutung kommen, dass er aus einem
652 1200 2418 1315 zehn Jahre alten Buch herausgeschrieben ist,- und ich möchte an-
661 1296 2510 1404 nehmen, dass das auch der Redaction der Zeit nicht bekannt war, von
654 1383 2458 1489 der Sie übrigens persönlich Aufklärung bekommen sollen. Ich sagte
654 1463 2449 1586 Ihnen schon im Sommer, dass man bei uns und wohl auch in Deutsch-
654 1579 2508 1682 land keine rechte Vorstellung davon hat, in welcher Art übersetzun-
661 1640 2534 1769 gen Ihrer Werke verfertigt und in welcher Art sie ausgenützt werden.
666 1757 2423 1858 Vielfach ist sogar die Ansicht verbreitet, dass Sie selbst auch
673 1854 2451 1957 deutsche Artikel schreiben und manche Ihrer Sache selbst aus dem
680 1922 2555 2049 dänischen ins deutsche übertragen. Alles dies scheint Ihnen zuweilen
682 2030 2395 2155 doch ärgerlich zu sein; aber ich erinnere mich nicht, dass Sie
680 2117 2520 2221 sich schon einmal dagegen öffentlich verwahrt haben. Wäre es nicht
685 2197 2534 2343 doch schön und gut, wenn Sie das gelegentlich einmal thäten - nicht
678 2303 2484 2418 um Ihretwillen - aber um der allgemeinen Bedeutung willen, welche
689 2400 2503 2512 Fragen des literarischen Rechts und des literatischen Anstands zu-
689 2484 2531 2609 kommen.- Verfügen Sie jederzeit über mich und seien Sie versichert,
696 2581 2543 2687 dass ich dem Künstler und dem Menschen gleich herzlich ergeben bin.
1002 2691 1762 2790 Der Ihre mit vielen Grüssen
1734 2757 2233 2865 Arthur Schnitzler
148 3404 334 3526 Monsieur le
3543 351 4096 532 1 1/2 t.t. 4 1/4 t, wäre 1,
4599 358 5037 527 Wien, 11.1.97.
3623 560 4352 675 Verehrtester Herr Brandes,
3957 619 5432 760 in diesem Briefe finden Sie mein neues Stück "Freiwild"
3628 729 5394 863 eingeschlossen. "Nicht "weil ich Ihrer vergessen" - muss ich das
3632 802 5413 925 wirklich sagen? - sende ich es erst heute ab!! Wie Sie sehen, ist
3628 927 5460 1002 das Stück noch Manuscript; ich habe mich bisher nicht entschliessen
3632 1023 5444 1139 können, es als Buch erscheinen zu lassen. Auf dem Theater macht es
3628 1115 5371 1221 ja seine Wirkung; in der Lectüre scheint es dürr (?) und unange-
3625 1193 5354 1296 nehm(?). Ich empfinde das umso verdriesslicher, als ich glaube,
3628 1303 5331 1386 dass mir die Komödie in glücklicherer Stimmung hätte gelingen
3628 1395 5491 1466 müssen. Der Stoffist mir lang nachgegangen, und obwohl man heute den
3639 1480 5460 1567 Eindruck gewinnen mag, das ganze sei einer These zu Liebe geschrie-
3628 1579 5474 1654 ben, so ist es mir seinerzeit doch aus dem Leben empor- und entgegen-
3632 1666 5444 1746 gequollen. Und vielleicht kommt auch das Missglücken selbst wieder
3632 1774 5404 1866 aus etwas sehr lebendigem her. Die weibliche Hauptfigur hat näm-
3632 1854 5524 1929 lich gerade in der Zeit, da der Stoff in mir reif wurde, einen Sprung
3649 1946 5498 2028 bekommen, der sich dann, wie in einem an einer Stelle eingedrückten
3632 2040 5432 2153 Spiegel nach allen Seiten fortgesetzt hat. Ich habe das Stück ein
3632 2115 5425 2218 paar Mal geschrieben; es ist technisch reinlicher, aber innerlich
3632 2195 5491 2313 nicht besser geworden. Ich habe also auf ein Schicksalwort gewartet,
3632 2305 5444 2414 um Ihnen das Stück zu senden. Vielleicht wäre es auch eine Art von
3628 2411 5467 2505 Unaufrichtigkeit gewesen, Ihnen, dem ich bisher schon so wunderbare
3639 2491 5467 2611 Worte freundlicher Teilnahme verdanke, dieses Stück, das ich ja nun
3628 2604 5467 2701 doch einmal gemacht habe und sogar habe aufführen lassen, zu unter-
3628 2684 5383 2792 schlagen. Hier ist es also, und mit ihm die herzlichsten und ver-
3628 2767 4279 2896 ehrungsvollsten Grüsse
4230 2851 4804 2985 Ihres treu ergebenen
4766 2931 5288 3068 Arthur Schnitzler.
