5840 3641
765 362 1461 518 1e, 1e p.r 1e, p.s. 1, j. p. a. 4, 1,
1982 357 2226 511 11 " "
1537 380 1972 551 Ischl, 18.7.97.
470 586 1202 727 Verehrtester Herr Brandes,
785 621 2299 792 ich danke Ihnen herzlich, dass Sie mir so schnell eine
460 702 2379 870 Nachricht haben zugehen lassen. Vor allem entnehme ich ihr, dass jede
460 845 2364 978 Gefahr vorüber ist, und das ist ja das wesentliche, Auch scheint es,
460 933 2346 1071 dass Sie schon wieder arbeiten dürfen - und sogar sich ärgern - wenn
480 1001 2402 1154 das mit ärztlicher Erlaubnis geschieht? Aber mir scheint wirklich, Sie
485 1094 2341 1278 sind mit den deutschen Übersetzungen ein Bischen gar zu streng - die
475 1190 2354 1333 Leute, die nicht das Glück haben, Übersetzungen Ihrer Bücher mit dem
475 1288 2455 1456 Urtext vergleichen zu können, finden auch in diesen Übersetzungen irgend
485 1393 2485 1527 was und sogar sehr viel, das ihnen trotz Missverständnissen und Flüchtig;
493 1471 2389 1627 keiten (die ja uns grösstenteils entgehen) der ganze Georg Brandes zu
488 1589 2394 1728 sein scheint. Freilich ahnt man oft, dass hier ein Zauber verloren ge-
498 1680 2427 1828 gangen ist, der unwiederbringlich ist;- aber glauben Sie mir, es bleibt
503 1760 2470 1909 noch immer so viel Zauber übrig, dass die meisten gar nicht dazu kommen,
523 1866 2346 2004 dan fehlenden zu vermissen. Ich gehöre ja leider auch zu denen, die
495 1934 2374 2103 nicht dänisch verstehen – und Sie haben mir noch jedesmal, durch die
508 2042 2135 2188 schwächsten Übertragungen hindurch wahrhaftig viel gegeben!
810 2125 2437 2256 Ich wusste nicht, dass Paul Goldmann Ihnen schon lange Zeit
518 2241 2419 2354 nicht geschrieben hat. Aber Sie können kaum ahnen, was dieser Mann zu
523 2301 2497 2465 thun hat. Ich bin im Frühjahr in Paris gewesen, und habe manche Tage mit
508 2407 2437 2545 ihm verbracht; er kommt überhaupt kaum je eine Viertelstunde zur Ruhe.
528 2462 2490 2631 Allerdings hat er etwas zu viel Gewissen und opfert meiner Ansicht nach
528 2606 2379 2714 der Frankf.Zeitg.mehr von dem besten seines Lebens auf, als sie ihm
541 2676 2485 2829 je danken wird. Da der Gruss an meine Freunde wohl ihm und Beer-Hofmann
523 2789 2437 2910 gilt, habe ich ihn beiden mitgeteilt. Dr. B. H.ist hier und dankt Ihnen
541 2870 2512 3005 vielmals; er verbindet seine besten Wünsche für Ihre baldige vollkommene
536 2970 2467 3121 Genesung mit den meinen. Eine Frage an Sie hatte ich mir schon neulich
4992 342 5156 500 14/1
4145 377 4404 523 - 2 -
3531 563 5342 722 vorgenommen: Haben Sie die Skizzen von Altenberg gelesen? (Es ist
3531 697 5385 807 ein Buch: „Wie ich es sehe“, der Autor hat es Ihnen wohl geschickt.)
3536 790 5372 900 Ich schreibe jetzt, nach einigen kleineren Erzählungen, wieder ein
3544 885 5447 991 Stück und habe mehr Freude daran als von meinem letzten. Ob es besser
3544 968 5480 1076 wird, weiss ich freilich noch nicht. Aber das Freude haben ist ja doch
3544 1064 5561 1157 das wichtigere.- In wenigen Tagen fahre ich wieder nach Wien zurück; viel
3556 1159 5458 1303 leicht erfreuen Sie mich bald wieder durch ein Wort, und wäre es auch
3544 1283 4278 1381 nur das eine "Gesundheit“
3775 1348 5397 1456 Ich grüsse Sie, hochverehrter Herr Brandes, in herzlichster
3549 1446 3918 1562 Ergebenheit.
4685 1491 5193 1650 Arthur Schnitzler
