5832 3641
1238 488 1455 659 - 2 -
798 652 2497 835 Ich hoffe sehr, Sie heuer noch zu sehn. Wenn alles gut geht,
662 806 2544 893 möcht ich nemlich im Sommer mit Frau und Kind an die dänische Küste.
662 889 2519 1006 Dieser Sommer 96 bleibt für mich eine der mildesten, beruhigendsten
666 986 2510 1103 Erinnerungen. So wohl wie in jenen Buchenwäldern war mir selten zu
662 1079 2471 1189 Muthe. Nun hat sich ja vieles in meiner Existenz gut und schön ge-
662 1167 2417 1287 staltet, aber was ist alles in diesen zehn Jahren geschehn! Sie
674 1257 2566 1379 sagen, dass meine Arbeiten eine so grosse Spannweite haben, weil ein
662 1355 2485 1462 Theil dem Tod, der andere der Liebe gewidmet sei. Kein Wunder. In
662 1440 2539 1538 dieser Spannweite hat nicht mehr und nicht weniger Platz als das Le-
674 1550 2554 1643 ben. Freilich ist mir sehr wohl bewusst, dass in dem, was ich bisher
674 1641 2632 1748 geschrieben habe, mehr von der Sehnsucht nach dem Leben, von einer sehr
674 1733 2554 1850 tiefen Ahnung und wohl auch von einem Begreifen des Lebens zu spüren
662 1824 2563 1902 ist, als vom Leben selbst. "Des Lebens Ruf.. ach, seine Fülle nicht!“
679 1929 2568 2036 (Suchen Sie nicht etwa, wo der Vers steht, es ist ein geschwindeltes,
662 2021 886 2119 Citat.)
791 2043 2590 2175 Leben Sie wohl und seien Sie herzlichst bedankt und gegrüsst von
1767 2182 2273 2324 Arthur Schnitzler
659 2207 854 2297 Ihrem
3371 461 3987 586 26) (Ansichtskarte)
4665 544 5241 688 11.7.906.Marienlyst
3633 647 5478 789 Verehrtester Herr Brandes, heute erhalte ich eine Karth von Brahm,
3645 749 5454 854 der mich bittet Sie herzlich zu grüssen und mir von Ihrem Ibsen-
3650 796 5512 915 Büchlein erzählt. Lassen Sie mich doch, wenn's leicht geht, durch
3650 864 5544 989 eine Zeile wissen, wie's Ihnen geht. Mir gefällt es hier ausnehmend
3650 937 5471 1096 gut. Auf Wiedersehen und herzlichen Gruss. Ihr Arthur Schnitzler.
