5939 3593
1927 430 2258 546 27.2.1913.
726 526 1514 652 Lieber und verehrter Freund,
1015 558 2596 724 Ihr Bild ist ans Paris eingetroffen, es ist ausserordent-
734 726 2638 808 lich gelungen, hat uns grosse Freude gemacht und wir sagen Ihnen herz-
739 808 1247 919 lichen Dank dafür.
1018 857 2608 978 Im "Merker" habe ich eben Ihren höchst anregenden Artikel
721 973 2687 1079 über Theater in Deutschland gelesen. Dass meine neue Komödie "Professor
761 1077 2549 1181 Bernhardi" Sie so lebhaft interessiert hat, ist mir sehr lieb. Es
743 1153 2549 1282 ist über dieses Stück gar viel herumgeredet und - nicht immer bona
748 1275 2495 1356 fide - herumgeschwätzt, und auch Sie, verehrter Freund, sind wie
739 1339 2640 1460 speziell aus einer Ihrer Bemerkungen hervorgeht, über die Entstehungs-
734 1457 2579 1551 geschichte meines Stückes nicht ganz richtig informiert worden. Die
736 1541 2633 1643 Komödie behandelt nicht eigentlich * ein Lebensschicksal, wie es mein
739 1638 2655 1744 Vater erfahren hat“, der Inhalt ist vielmehr frei erfunden. Mein Vater
739 1719 2655 1815 hat wohl seinerzeit, mit Freunden zusammen, ein Krankeninstitut in der
734 1808 2638 1909 Art des Elisabethinums (?) gegründet, hat es gegen mancherlei Anfein-
734 1912 2717 2008 dungen mit Aufgebot seiner ganzen Begabung und Tatkraft, natürlich nicht
739 2023 2650 2104 ohne die Mithilfe ausgezeichneter Arbeits- und Kampfgefährten, zu hoher
734 2100 2675 2193 Blüte gebracht und musste insbesondere gegen Schluss eines Lebens von
739 2208 2658 2290 mancher Seite Undank und Kränkung erfahren; aber wenn sein Ausscheiden
739 2297 2613 2381 aus dem von ihm gegründeten Institut vielleicht auch Einem oder dem
734 2361 2626 2470 Andern nicht unangenehm gewesen wäre, er isz keineswegs "hinausintri-
734 2463 2626 2556 giert worden, ja, ist sogar als Direktor des Instituts am 2.Mai 1893
739 2556 2670 2655 gestorben. Übrigens hat mein Titelheld, der "Progessor Bernhardi", von
748 2635 2611 2739 meinem Vater nur wenige Züge entliehen, und auch die anderen Figuren
739 2729 2702 2845 meines Stückes sind, mit der freilich unerlässlichen Benützung von Wirk-
734 2845 2715 2954 lichkeitszügen, so frei gestaltet, dass nur Kunstfremde, an denen es na-
734 2927 2690 3026 türlich nie mangelt, hier von einem Schlüsselstück reden konnten. Meine
734 2996 2710 3117 Komödie hat keine and re Wahrheit als die, dass sich die Handlung genau
4150 361 4362 467 - 2 -
3591 578 5533 684 so, wie ich sie erfunden habe, zugetragen haben könnte,- zum mindesten
3584 679 4745 808 in Wien zu Ende des vorigen Jahrhunderts.
3752 751 5466 884 Ich sende Ihnen diese Zeilen nach Kopenhagen, freilich ohne zu
3591 872 5432 981 wissen, ob Sie jetzt schon zurück sind. Man schickt Ihnen den Brief
3601 971 5491 1065 wohl nach, sei es nach Paris oder anderswohin. Kommen Sie vielleicht
3584 1035 5461 1144 über Wien, wenn Sie heimreisen? Oder wo sonst werden Sie im Frühjahr
3584 1136 5187 1265 sein? Es wäre schön einander einmal im Süden zu begegenen.
3782 1235 4500 1363 Mit herlichen Grüssen Ihr
4456 1309 4977 1430 Arthur Schnitzler.
