5822 3594
1386 293 1584 459 2 -
576 477 2605 621 Reichen und Schiebern mangelt es in den neutralen Ländern, wie man weiss,
581 595 2605 723 so wenig wie bei uns; - sie machen sich vielfach unangenehm bemerkbar, - und
576 672 2581 789 viele Leute, Moralisten und Vergnügungsreisende beklagen sich und finden
595 779 2584 888 es furchtbar, dass in derselben Stadt das schrecklichste Elend neben dem
592 877 2581 995 lächerlichsten Lukus und fabelhafter Verschwendungssucht bestehen kann; -
587 957 2480 1112 aber neulich sagte einer unserer Staatsmänner (aus der nächsten Nähe
587 1080 2602 1173 Renners) zu mir, dass es vielleicht die Schieber und Verschwender seien,
600 1133 2592 1256 die uns retten oder wenigstens über Wasser halten-was nationalökonomisch
603 1232 2634 1349 vielleicht seine Richtigkeit hat. Das entwertete Geld, das in Fluss kommt,
600 1338 2594 1450 ist nie so gefährlich als das aus dem Verkehr gezogene;- und ein grosser
611 1416 2557 1541 Theil unseres Unglücks liegt meiner Ueberzeugung nach in den Truhen der
600 1530 2600 1629 Bauern, in Gestalt von Banknoten begraben. Hier liesse sich auch von dem
619 1610 2605 1725 unglückseligen Verhältnis zwischen Stadt und Land reden, das für den Zu-
611 1709 2650 1832 stand Oesterreichs so charakteristisch ist-aber das führte ins unendliche.
605 1802 2626 1904 Man glaubt vielfach, dass schon die Neuwahlen im Herbst bei uns eine Nie-
619 1898 2661 2000 derlage der Sozialdemokraten oder mindestens erhebliche Stimmenzunahme der
624 1989 2597 2096 Christlichsozialen bringen werden;- zu ganz russischen- oder zu aanz un-
611 2080 2658 2213 garischen Zuständen wird^es bei uns nie kommen, denn bei uns bringt man es
608 2162 2610 2306 nie zum Fanstismus, sondern nur bis zur Lausbüberei (was aber in solchen
621 2256 2682 2394 Zeitläuften immerhin für kleinen rothen und weissen Terror ausreichen mag.)
629 2357 2672 2477 Die schlimmsten Rollen spielen, wie jederzeit, die Renegaten,- es hat seine
621 2445 2765 2576 geschichtlichen und psychologischen Gründe, dass sich diese unerfreuliche und
648 2530 2661 2648 gefährliche Spielart unter den Deutschen, den Juden und den Literaten am
624 2618 2666 2768 häufigsten findet.- Aber ich will Ihnen doch um Gottesweillen keinen poli-
624 2717 2666 2826 tischen Brief schreiben – schon darum weil es dann kein Brief sondern ein
624 2824 2757 2936 Buch würde, - mit Parenthesen, Commentaren, kleingedruckten Anmerkungen;- denn
627 2906 2717 3037 welcher Satz, welche Charakteristik dürfte ohne Einschränkung gelten?-Umso
643 3024 2773 3160 lebhafter hätt ich das Bedürfnis wieder einmal mit Ihnen zu reden;- aber wann
3394 309 3781 459 Monsieur le ? „
4146 339 4346 483 - 3 -
3453 565 5535 707 komme ich nach Dänemark, oder Sie nach Oesterreich?- Übrigens ist diese ver-
3442 685 5572 765 dammte Valuta, die ich daher doch nicht so ganz verdammen kann, Schuld daran,
3445 771 5492 875 dass ich mich in den letzten zwei Jahren trotz der fürchterlichen Geldent-
3447 875 5479 979 wertung mit den Meinigen ohne eigentliche "Sorgen" weitergebracht habe: in
3442 963 5498 1056 Holland, Schweden, und auch bei Ihnen wurde einiges von mir gespielt; auch
3453 1069 5570 1181 Amerika fängt an sich zu melden,- und Beträge in nordischen Kronen, oder holl
3453 1168 5532 1272 Gulden, die früher gar nicht in Betracht kamenx gekommen wären, bedeuten für
3458 1232 5551 1341 uns heruntergekommene Oesterreicher schon etwas. Dass keiner von uns auf dem
3458 1346 5578 1437 gleichen Fuss wie vor dem Krieg oder auch noch 1916, 17 leben kann, ist selbst-
3458 1434 5530 1533 verständlich; ich habe neulich berechnet, dass ich, wenn ich z.B. meine Exis-
3458 1530 5484 1621 tenz nach der von 1914 einrichten wollte,- 1 1/2 - 2 Millionen Kronen als
3453 1610 5551 1714 (Jahresausgabe) brauchte- und wie ich es anstellen sollte, zu Schiff von Flo-
3482 1720 5492 1837 renz nach Amsterdam zu gelangen, (wie ich es im Mai 1914 getan) - das wird
3453 1794 5530 1909 mir auch wenn ich noch eine halbe Million zu lege, keiner sagen können. - Wir
3447 1893 5498 2008 wohnen in unserer alten kleinen Villa, die Sie kennen,- (für notwendige Re-
3458 1989 5460 2072 paraturen habe ich in diesem Jahr annähernd so viel bezahlt, als das Haus
3453 2077 5543 2181 1910 gekostet hat); in solches Heim in dieser Zeit zu haben, empfinden wir
3453 2168 5543 2280 als besondere Schicksalsgunst; - freilich war man nicht jederzeit sicher, dass
3442 2258 5506 2365 man es sich ungeschmälert erhalten würde;- aber bisher sind wir von Zwangs-
3442 2360 5474 2464 einquartierungen, Anforderungen,- ja sogar (wir wollen nichts verschreien)
3447 2432 5492 2536 von Einbrüchen verschont geblieben;- und auch die gelegentlich angedrohten
3447 2538 5556 2666 Plünderungen haben in Wien im allgemeinen nicht stattgefunden. Bisher. Da die
3466 2645 5583 2722 Weltgeschichte ja leider ungehindert weitergeht, ist nicht abzusehen, was wir
3434 2722 5511 2850 noch erleben werden. Im übrigen lebt man ja doch weiter - als könnte nichts
3442 2837 5474 2925 passieren. Meine Frau gebraucht eine Cur xxx Gastein, meine kleine Tochter
3442 2909 5575 3034 ist bei meinem Schwager und meiner Schwester in Altaussee, mein Sohn, achtzehn,
3447 3021 5540 3138 (hat die Matura gemacht, muss aber Mathematik wiederholen) - ist nach München
