5822 3594
1771 400 2056 501 2.8. 1918
1696 433 2496 564 Wien XVIII Sternwartestr.71.
694 569 1807 752 Mein lieber und verehrter Herr Brandes.
1069 614 2599 818 ich lese vom Tode Peter Nansens, und habe das Bedürfnis
702 707 2660 936 irgend jemandem zu sagen, wie tief mich das Hinscheiden dieses liebens-
727 778 2619 1004 werthen Menschenabewegt, den ich zuletzt kurz vor Ausbruch des Kriegs
717 881 2574 1085 bei mir in Wien gesehen habe – schon recht verändert, ja irgend wie
725 974 2577 1175 gezeichnet - aber doch noch von dem ganzen Zauber seines Wesens um-
730 1079 2559 1273 wittert, den ich, fast mehr als aus seinen reizvollen Büchern, aus
742 1142 2735 1376 seinem Gehaben, seiner Art zu sprechen, seinem Schweigen, seinen Blicken
745 1261 2609 1447 zu spüren vermeinte. Nun fügt es der Zufall, dass ich mir gerade in
742 1359 2652 1570 der letzten Zeit Ihre Briefen lieber und verehrter Freund, abschreiben
757 1424 2780 1658 liess - einige, mit Fleistift geschrieben, waren fast unelesbar geworden,
783 1553 2637 1729 - und nun, da ich sie, vom ersten bis zum letzten,- mit welchem Ver-
760 1638 2665 1824 gnügen!- wieder durchnahm, fand ich öfter Peter Nansens Namen wied er-
767 1739 2682 1950 kehren; auch von seinem Kranksein ist die Rede darin, und da liegt es
772 1827 2791 2005 nahe mich mit meinem Beileid,- meinem Leid, an Sie zu wenden, der Nansens
778 1905 2692 2114 Freund war und für mich zugleich, und wir die meisten Mitlebenden, der
780 2008 2647 2194 repräsentative Mann Daenemarks ist. Und ich benutze die Gelegenheit
790 2111 2695 2292 Ihnen wieder einmal, über diese zerrissene und stöhnende Welt hinweg,
803 2202 2738 2373 die Hand zu drücken um Ihnen zu sagen, mit welcher Sympathie, ja darf
800 2282 2715 2489 ich es etwas sentimental ausdrücken.: mit welcher Sehnsucht ich Ihrer
810 2370 2791 2599 gedenke! Von Ihren letzten Büchern haben Sie mir geschrieben; vom Goethe
815 2484 2778 2657 und Voltaire,- sie existieren noch nicht in deutscher Sprache,- und nun
825 2544 2707 2743 werden Sie wohl auch Ihren Julius Cäsar bal abschliessen. Aber wann
825 2627 2758 2848 werde ich Ignorant, der nicht dänisch versteht, sie endlich lesen dür-
825 2738 2745 2934 fen? - Auch ich hab allerlei gemacht - nicht so bedeutungsvolles!4 und
825 2843 2801 3020 nach meiner alten zudringlichen Gewohnheit werd ich Ihnen ein Stück und
838 2982 2788 3118 eine Novelle zusenden, sobald sie gedruckt sind.- Aber wann werden wir
5412 317 5563 405 14)
4283 423 4492 549 - 2 -
3694 609 5558 793 einander weidersehen? Lassen Sie mich doch bald wieder, und wärs nur
3701 742 5498 878 mit einem Wort, wissen, dass Sie sich wohl befinden und Ihre edle
3696 825 5501 981 Stirn über den Dunst und Dampf dieser Jammerwelt in reinere Lüfte
3699 939 5526 1074 emporzurecken vermögenIhnen im neutralen Land ist es doch immerhin
3681 1034 5543 1127 leichter als uns. In meiner Familie geht es ganz leidlich; mein Bub
3679 1097 5511 1238 (wird 16) meine Tochter (wird 9) entwickeln sich in jeder Hinsicht
3679 1205 5586 1354 gut; meine Frau hat wohl unter den häuslichen Kriegswirtschaftssorgen
3679 1301 5586 1439 wie jede und jeder etwas gelitten, trotzdem aber ihre Kunst nicht ver-
3666 1397 5518 1502 nachlässigt, ihre Stimme entwickelt sich aufs schönste. Nun ist sie
3669 1477 5558 1598 bei ihrer Schwester in Bayern (Partenkirchen) wohin ich Mitte dieses
3661 1570 5629 1693 Monats auch zu fahren gedenke. Ueber politisches kann ich mich in einem
3664 1661 5581 1789 Brief nicht so ausführlich xxx äussern als ich möchte- wie compli-
3651 1764 5511 1882 ciert gerade bei uns all diese Probleme sind, ersehen Sie aus jeder
3646 1870 5511 1963 Zeitung selbst aus dem censurirtesten Wiener Blatt. Und trotz aller
3644 1948 5445 2061 Schwierigkeiten-Misslichkeite-Unsicherheiten: wie viel Auftrieb,
3644 2041 5541 2169 Stimmungskraft, Talent- welche positive Möglichkeiten in diesem Land,
3646 2124 5503 2244 das vielleicht nicht alle seine Bewohner als „Vaterland“ aber jeder
3644 2222 5629 2348 als "Heimat" liebt. Ich muss hier innehalten-trotzdem ich daran bin,viel
3631 2320 5631 2471 freundlicheres über Österreich zu sagen, als es selbst unsere offiziösen
3618 2388 4376 2529 Zeitungen zu thun pflegen.
3870 2473 5546 2640 Bitte bestätigen Sie mir bald den Empfang dieses Briefes und
3623 2577 5010 2695 erhalten Sie mir und den Meinen Ihre Freundschaft.
3797 2682 4232 2791 Von Herzen Ihr
4315 2780 4844 2891 Arthur Schnitzler
