5832 3641
406 565 643 684 24 a)
633 757 1193 883 Verehrtes Fräulein,
880 810 2454 921 Sie sind mir natürlich auch längst nicht unbekannt, ihre
631 830 2507 991 kenne sogar Ihr Bild, und vor fünf Jahren hätte ich Sie persönlich
623 943 2472 1072 kennen lernen können, wenn ich lang genug in Kopenhagen geblieben
653 1001 2399 1115 wäre. Es freut mich natürlich sehr, dass Sie etwas von mir für
643 1085 2389 1206 Ihré Album wollen. Aber da wir nun beinah gute Bekannte sind,
643 1123 2454 1246 frag ich Sie lieber gleich, was Sie denn am liebsten möchten. Ich
653 1206 2487 1342 meine das so. Vielleicht haben Sie Sympathie für irgend eines von
648 1249 2517 1392 meinen Büchern und wünschen, dass ich Ihnen aus einem solchen Buch
646 1324 2553 1455 etwas in Ihr Album schreiben soll? (Da müssten Sie natürlich warten
661 1410 2462 1521 bis ich wieder in Wien bin, weil ich meine Werke nicht auswendig
648 1488 2454 1594 kenne.) Oder Sie wünschen lieber irgend eine der ungeheuer tief-
646 1556 2517 1672 sinnigen Lebensweisheiten, von denen wir Dichter bekanntlich über-
646 1589 2555 1741 fliessen? Oder eine von den gaziösen Geistreichigkeiten, die
666 1672 2522 1804 wir zu tausenden verrätig haben, die man auch beliebig drehen kann
648 1756 2533 1846 und die immer umgekehrt gerade so wahr sind? In Wahrheit hätte ja
658 1819 2485 1950 nur eine Art von Albumblättern wirklichen Wert: eins, auf dem ge-
661 1864 2596 1990 schrieben stünde, was nur der eine des es schreibt zu nur dem einen
661 1937 2517 2053 sagen könnte, der es verlangt. Wie leid tut es mir, Sie nicht gut
658 2010 2593 2137 genug zu kennen, um ihnen ein solches anzubieten - und Sie bitten zu
648 2089 2505 2212 müssen,- bis dahin – ein andres zu wählen und entgegen zu nehmen.
898 2142 2454 2275 Wenn Sie mir eine Zeile antworten, adressieren Sie sie
671 2192 2623 2341 gütigst nach Wien; ich bin auf Reisen und vielleicht schon in wenigen
679 2311 1387 2427 Tagen sehr fern von hier.
906 2288 2497 2449 Jetzt danke ich Ihnen noch für dasviele freundliche dass
671 2401 2611 2522 Sie mir in Ihrem Briefe gesagt haben, bitte Sie, sehr herzlich Ihren
671 2515 1519 2611 Vater zu grüssen und bin Ihr
1597 2487 2192 2623 aufrichtig ergebener
2008 2573 2538 2692 Arthur Schnitzler
696 2618 948 2737 sanktet
936 2669 1241 2800 a/Arlberg
815 2724 1064 2878 4.7.901.
4533 557 4815 648 13.3.906.
3534 628 4503 779 Lieber und verehrter Herr Brandes,
3751 689 5446 832 Ihr Brief hat mir diesmal besonders wohl gethan. Auch mir ist
3549 835 5433 933 der "Ruf des Lebens" werth, zum mindesten in seinen xxx ersten zwei
3562 913 5373 1037 Akten; mit dem dritten habe ich viele Mühe gehabt, und er ist doch
3554 1017 5416 1115 lange nicht das geworden, was ich wollte. Die Macht des "ersten Ein-
3549 1100 5386 1203 falls" ist zu gross; ich sehe ein, dass ich mich in einem gewissen
3549 1173 5365 1294 Augenblick von diesem ersten Einfall hätte befreien müssen und die
3562 1294 5360 1403 Sache so dramatisch weiterführen, als ich sie begonnen. Es kam am
3549 1385 5509 1521 Ende doch nicht darauf an zu sagen, dass man auch aus den furchtbarsten
3567 1478 5433 1582 Schicksalen emportauchen kann, dass wir nur den Widerhall von Worten
3564 1551 5333 1693 bringen u. s.w.;- eben in Dramen erledigt ein alberner Dolchstich
3564 1637 5469 1796 oder ein Fenstersprung im Wahnsinn al le Dinge viel entscheidender als
3562 1738 5491 1857 die tiefste und glatteste Weisheit. (Ich sage:tief und platt; eben die
3567 1846 5471 1947 tiefste bleibt ja glatt, wenn wir nicht unsern eignen Weg hingegangen
3559 1927 5373 2056 sind.) Aber was red ich da. Ich bin entfernt davon, Sie von Ihrer
3562 2005 5585 2134 Sympathie für mein Stück abbringen zu wollen. Ich kann sie besser brauche,
3567 2114 5471 2225 als je. Was Sie im Tag gelesen, war gewiss nicht das unverständigste
3562 2174 5486 2311 und noch gewisser nicht das böseste, was man mir diesmal nachgesagt. Da
3562 2323 5418 2422 es im 2.Akt knallt und da im 1. Akt vergiftet wird, hat man mich als
3562 2401 5524 2515 Spekulanten bezeichnet, einen Kerl, der auf diese ordinär theatralische
3592 2497 5512 2608 Art durch Tantiemen ein reicher Mann werden möchte. (Eine Spekulation,
3584 2555 5391 2689 umso verächtlicher, als sie nicht geglückt ist, stand irgendwo zu
3574 2671 5317 2777 lesen.) Knallt es nicht,- so heissen mich dieselben Laute einen
3579 2785 5433 2893 "Novellisten" u.s.w.- m Russland scheint das Stück sehr gefallen zu
3572 2855 5426 2984 haben.- Mir ist im phantastischen zu weilen sehr wohl, insbesondere
3562 2939 5550 3095 wenn ich aus der dünneren Atmosphäre des ausschliesslich psychologischen
3562 3067 4165 3186 hinabgestiegen komme.
