5832 3641
1383 518 1601 637 - 2 -
583 659 2402 798 wohl schon erhalten. Die Beatrice ist im Dezember einige Male in
587 756 2568 895 Breslau gespielt worden, ohne besonderes Glück. Auch war die Darstellung
595 828 2585 989 recht schwach. Eine gute Aufführung müsste dem Stück wohl Erfolg bringen.
612 982 1928 1101 Aber das Burgtheater hat wichtigeres zu thun.-
863 1034 2414 1160 Leben Sie wohl und seien Sie herzlich gegrüsst von Ihrem
597 1185 811 1301 treuen
1388 1237 1899 1348 Arthur Schnitzler
595 1311 2394 1482 Dieser Tage erscheint eine Novelle von mir, die ich Ihnen natür-
605 1413 2399 1549 lich schicken werde, Lieutenant Gustl,- Sie haben sie vielleicht
587 1490 2402 1629 in der N.Fr.Pr. gelesen. Wegen dieser Novelle stehe ich - (da ich
587 1567 2350 1691 noch Militärarzt "in der Evidenz" bin) in "ehrengerichtlicher"
600 1631 2454 1733 Untersuchung und werde wahrscheinlich meine Charge verlieren. Wenn
607 1691 2437 1814 Sie die Novelle noch nicht kennen und sie lesen werden – und sich
600 1772 2352 1894 dieser Mitteilung erinnern - wird Ihnen wieder manches "öster-
587 1817 2434 1951 reichische" klar werden. Die Sache ist für mich natürlich gleich-
600 1891 2491 2020 giltig - da ich ja mit den Leuten nichts mehr zu tun habe und meine
600 1973 2501 2095 charge nur im Kriegsfall von Bedeutung wäre - aber sie ist charakte-
597 2040 2447 2159 ristisch für die man könnte sagen naive Heuchelei in Kreisen, von
612 2107 2499 2226 denen man in gewissem Sinne immer abhängig ist; wenn sie auch keine
600 2194 1728 2313 unmittelbare Macht über einen besitzen.
1646 2256 1886 2350 Ihr A.S.
3532 605 5359 823 Liebster Herr Brandes, gewiss bin ich am 16. in Wien und wäre sehr
3540 771 5344 897 froh, Sie widerzusehn. Ich schlage Ihnen vor, von der Bahn direct
3542 833 5391 1029 zu mir zu fahren; Sie können dann bei mir ausruhn und wenn es Ihnen
3535 957 5362 1098 passt, vor der Abreise mit mir und meiner Wama speisen; wollen Sie
3550 1044 5366 1160 vielleicht Richard Beer-Hofmann sehen, so wird er sehr gern zu mir
3537 1113 5366 1277 kommen. Kurz richten Sie sich alles ganz nach Ihrer Bequemlichkeit
3550 1220 5386 1373 ein, schreiben Sie mir vorher nur ein Wort, insbesondere, wann Ihr
3547 1319 5114 1487 Zug weggeht und um wieviel Uhr Sie bei mir essen wollen.
3703 1383 5195 1552 So darf ich also wohl sagen auf baldiges Wiedersehen.
3872 1524 4980 1638 Von Herzen Ihr Arthur Schnitzler.
3542 1621 4018 1772 Wien, 11.5.901.
