5813 3608
1576 309 1754 437 le 1e 7e
1829 339 2325 493 1' 1' 9' 1 1 1 7'
363 421 928 557 47) (Postkarte)
1781 509 2181 640 Wien, 4.I.24.
427 653 2456 779 Meine verehrter und lieber Freund, nach dem wunderbaren Voltaire ist nun,
435 752 2384 864 zu Weihnachten, Ihr Michel Angelo bei mir eingetroffen und ich kann nur
432 837 2445 947 mit stolzer Freude für das neue prächtige Geschenk danken. Ich will heute
419 925 2477 1072 nur meine herzlichen Neujahrsgrüsse hinzufügen und Sie bitten mir gelegent-
435 1016 2376 1146 lich wieder ein Wort über Ihr Befinden zu schreiben. Dass Sie vor nicht
416 1122 2349 1234 langer Zeit in Paris waren, hab ich gelesen und gehört;- ich habe mich
413 1210 2365 1352 in diesem Winter bisher daheim gehalten, u. führe ein ziemlich zurückge-
419 1317 2488 1442 zogenes Leben, sehe aber dabei nicht wenig Menschen, viele aus dem Ausland,
413 1413 2365 1522 meistens Amerikaner. Und nächstens werd ich Ihnen wohl wieder ein neues
400 1469 1258 1594 Stück zusenden können.
576 1578 2352 1690 Seien Sie tausendmal gegrüsst in alter Bewunderung und Liebe von
397 1616 579 1778 Ihrem
1477 1778 1970 1893 Arthur Schnitzler
32 3373 315 3490 à la vie de l’auteur de la
4645 309 4807 440 G.C.P.
3101 275 3277 469 14/1
4023 328 4282 445 V. P. M.
4962 323 5407 504 „ „ 4 „ —: —: -: —.
4437 421 4826 536 Wien 23.6.24.
3431 427 3759 560 (Postkarte)
3271 504 5351 627 Mein lieber und verehrter Freund, vor kurzem erst hab ich Ihren wunderbaren
3274 600 5287 709 Voltaire mit wahrem Entzücken gelesen und wieder erfreuen Sie mich durch
3271 712 5253 835 die Øgütige Übersendung der zwei Bände Ihrer Hauptströmungen, - die eine
3271 800 5396 899 theure Jugenderinnerung, mich nun in ihrer neuen Form in den Sommer begleiten
3282 872 5340 997 sollen, wie der Michel Angelo. Wie werd ich Ihnen immer von neuem,- und wie
3271 973 5351 1082 gern immer wieder Dank schuldig.- Ich bin in den letzten Monaten nicht ganz
3271 1090 5348 1176 untätig gewesen, und hoffe mich für Ihre kostbaren Gaben, in recht beschei-
3274 1149 5415 1266 dener Weise, bald revanchieren zu dürfen. Ich hoffe, liebster und verehrtester
3285 1253 5380 1384 Georg Brandes, Sie befinden sich wohl. Lassen Sie mich auch darüber ein Wort
3287 1381 4458 1480 vernehmen; ich schreibe demnächst mehr.
3279 1445 4559 1581 In Freundschaft und Bewunderung stets der Ihre
4530 1520 5031 1661 Arthur Schnitzler
