5840 3641
1110 377 1277 514 1,1) „
1861 505 2357 607 Wien, 25.Juni 96.
685 646 1516 827 Hochverehrter Herr Professor,
1051 856 2489 989 erlauben Sie mir, Ihnen meinen Freund Doctor Richard
685 936 1432 1082 Beer-Hofmann vorzustellen.
1037 1057 2190 1181 Mit verbindlichsten Grüssen Ihr ergebener
1743 1149 2249 1299 Arthur Schnitaler
370 3421 681 3501 à l'honneur de l'autre et de ses
3526 557 4061 692 Sehr geehrter Herr,
3791 571 5376 760 seit ein paar Tagen bin ich hier, in Skodsborg,Bachhotel,
3533 694 5319 829 in Gesellschaft von Dr. Richard Beer-Hofmann, und bleibe wohl noch
3544 781 5278 939 bis gegen den 20. da. Ich wäre höchst erfreut, wenn mir im Laufe
3542 891 5381 1041 dieser Zeit einmal Gelegenheit geboten würde, Sie zu sprechen, und,
3551 975 5303 1096 wie ich aus Ihrem Brief an Dr.B.H.entnehmen möchte, liegt das im
3563 1067 5307 1213 Bereiche der Wahrscheinlichkeit. Somit darf ich Sie heute in der
3560 1158 5326 1297 angenehmen Hoffnung verbindlichst grüssen, Ihnen bald persönlich
3554 1286 4348 1414 die Hand drücken zu können.
3871 1363 4460 1503 Ihr dankbar ergebener
4488 1430 4972 1544 Arthur Schnitzler
3572 1558 4214 1681 Skodsborg 1896.
