5939 3593
1275 360 2357 526 Wien, XVIII, Sternwartestr. 71, 12.X.911.
746 512 1699 656 Lieber und verehrter Herr Brandes,
928 538 2538 732 ich habe mich in der Angelegenheit des Frl. Puzor(?) gleich
769 644 2237 827 an die Neue Freie Presse gewandt: hier das Resultat.-
932 732 2528 920 Sie reisen überall hin, nur nach Wien wollen Sie niemals
766 813 2558 1026 kommen! Nun, vielleicht führt uns der nächste Sommer wieder nord-
781 920 2572 1106 wärts, und man sieht einander wieder. Es freut mich immer so sehr
778 1013 2599 1209 in Ihren Briefen zu lesen, dass Sie meiner in Sympathie gedenken;-
788 1101 2604 1309 was Sie, mein verehrter und lieber Freund mir bedeuten - mir schon
800 1187 2641 1380 bedeutet haben, lang eh Sie von meiner Existenz wussten, das fühlen
810 1280 2624 1456 Sie wohl! Nur schade, dass man sich meist an diesem xxx Wissen und
803 1400 2648 1552 Fühlen muss genügen lassen - und in so vielen vieler Jahren innerer
810 1461 2724 1637 Zusammengehörigkeit keine fünfzig Stunden mit einander verbracht hat -
815 1571 2553 1750 Ich bin nun mit den Proben meiner neuen Trägikomödie „das weite
832 1632 2793 1853 Land" beschäftigt - am Sonntag ist die Premiere zugleich am Burgtheater,
835 1760 2719 1921 in Berlin, München, Hamburg, Frankfurt und noch eilichen andern Städ-
825 1843 2729 2019 ten. Sie werden das Buch in diesen Tagen bekommen; hoffentlich verden
820 1938 2692 2112 Sie einige Freude daran haben.- Der schwarte Rand dieses Blattes be-
837 2039 2702 2230 sagt, dass meine Mutter gestorben ist. Es sind nun fünf Wochen her-
837 2132 2670 2291 nach einer Lungenentzündung, von der sie gar nichts verspürte (sie
862 2208 2758 2389 glaubte im Sanatorium eine Mastkur zu gebrauchen), ist sie ruhig ein-
857 2374 1625 2509 geschlafen für ewige Zeit.-
1123 2411 2849 2570 Leben Sie wohl, erhalten Sie mir Ihre Freundschaft, und lassen
859 2516 2306 2704 Sie uns ein Wiedersehn in guter Gesundheit erhoffen.
1948 2597 2452 2709 Arthur Schnitzler
1160 2634 1735 2749 Herzlichst der Ihre
1170 2646 2795 2832 Meine Frau grüsst Sie. Auch sie möchte so gern wieder ein-
874 2812 1544 2986 mal Georg Brandes sehn!
4937 308 5105 426 i.e.ij.
3965 323 4141 428 1/1 /1
4880 414 5216 575 20.11.1912.
3723 634 4662 742 Lieber und verehrter Herr Brandes,
4051 722 5639 815 Da ich leider nicht weiss, wo Sie abgestiegen sind, sende
3708 820 5610 920 ich diesen Brief in die Orania. Ich frage vor allem bei Ihnen an, ob
3728 908 5651 1008 Sie uns das Vergnügen machen wollen am Freitag Abend gegen acht bei uns
3718 974 5678 1104 zu essen. Es wäre sehr liebenswürdig von Ihnen mir gleich nach Empfang
3740 1109 5551 1204 dieser Zeilen hinweitig keine zusagende Antwort zu senden. Morgen
3718 1185 5639 1300 Abend, Donnerstag, werde ich Ihnen nach Ihrer Vorlesung endlich wieder
3718 1273 5563 1400 die Hand drücken können. Seien Sie willkommen in Wien und herzliche
3718 1380 3936 1478 Grüsse:
4606 1429 5125 1569 Ihr sehr ergebener
4939 1549 5424 1650 Arthur Schnitzler
3718 1618 5448 1740 Samstag Abend fahre ich nach Berlin, zu den Proben meines neuen
3706 1738 5668 1838 Stückes. Sollten Sie den Freitag Abend schon vergeben haben, so schenken
3723 1828 4792 1936 Sie uns den Freitag Mittag gegen 1/2 2.
3706 1931 5556 2017 Erfahre eben Ihre Adresse - schicke also den Brief ins Continental.
