5840 3641
1179 362 1563 476 V. F.C. P. v.
1764 342 2336 510 Wien, 3. Feber 1897
546 495 1298 616 Verehrtester Herr Brandes,
827 556 2380 670 Sie haben mir einen so herzlichen Brief geschrieben, das
558 674 2329 791 freut mich sehr. Es gehört wohl zu den angenehmsten Erfahrungen,
560 789 2269 871 einem Menschen, der einem längst viel bedeutet hat, sich auch
558 852 2273 975 menschlich nahe zu fühlen. Lassen Sie mich das weiter glauben.
847 932 2390 1048 Die Milde, mit der Sie mein Stück beurtheilen, kommt zum
580 1029 2341 1165 grossen Theil wohl daher, dass Sie merken, ich selbst schätze es
570 1123 2441 1240 richtig. Ich meine, man schätzt sich und was man macht beinahe immer
582 1230 2329 1342 richtig, wenn man nur überhaupt auf einem gewissen Niveau steht.
590 1327 2387 1429 (Wo ist nun dieses Niveau? Da steckt die Schwierigkeit!) Man kennt
577 1427 2383 1507 sich selbst, und das Streben, nur halb unbewusst, geht dahin, sich
570 1490 2470 1599 selbst misszuverstehen, was ja freilich nicht angenehmer ist als sich
577 1611 2451 1720 zu kennen. Das Leben will im allgemeinen doch, dass wir zur Klarheit
570 1701 1092 1803 über uns gelangen.
844 1752 2477 1871 Wie kommt es nur, dass Sie mich nach dem Anatol für leicht-
594 1861 2341 1985 sinnig hielten, jetzt für ernst? Und doch ist vielleicht beides
570 1960 2315 2070 richtig. Ich bin leichtsinnig in der Art, wie ich in Erlebnisse
570 2055 2256 2155 stürze und schwerlebig durch die Art, wie sie sich meiner be-
590 2179 2414 2256 mächtigen. Ich glaube, jeder Mensch hat einen grossen Lebensfehler,
570 2230 2455 2334 der ihn abhält sein Wesen zur möglichen Vollendung zu bringen; meine
580 2324 2441 2438 Sünde mag sein, dass ich nicht verstehe, was zu Ende zu leben. Daher
582 2417 2288 2531 befinde ich mich meist in einem Zustand beträchtlicher innerer
582 2509 2378 2615 Schlamperei; Dinge, in denen ich eben stehe, sind in Wirklichkeit
594 2606 2322 2703 vorbei; andere, die lange zu Ende gelebt sind, haben ihren Duft
594 2688 2383 2802 zurückgelassen - und der Duft von toten Sachen ist nie schön, die
590 2790 2424 2919 Blumen auf den Gräbern sind eine traurige Ausflucht. Ich glaube mit
582 2873 2327 2996 dieser unreinlichen ja fast me unmoralischen Art inneren Lebens
590 2962 2458 3147 hängt es auch zusammen, dass ich beinah in jedem Einzelfall gedank -
194 3423 354 3516 +
3506 357 3783 478 [incompréhensible]
3991 432 4202 517 - 2 -
3554 636 5452 764 lich mit allen Möglichkeiten einer Weiterentwicklung fertig bin - und
3579 757 5401 849 dass ich den Ereignissen selbst meistens als ein verblüffter gegen-
3550 856 5330 949 übersteh. Jetzt eben hab ich manche Verdriesslichkeiten durch zu-
3562 961 5391 1046 machen, die mich im Arbeiten ja sogar im ordentlichen Lesen stören.
3550 1031 5367 1138 Aber bis zum Frühjahr muss manches in Ordnung kommen, und ich will
3520 1089 5335 1235 Mein bischen fortreisen. Da nehme ich mir Ihren „Shakespeare“ mit,
3537 1225 5343 1325 worauf man sich freut, das soll man in Ruhe zu durchleben suchen;
3525 1317 5367 1405 auch Bücher. Wenn mir was einfällt während der Lecture, werde ichs
3537 1417 5299 1507 Ihnen sagen, da Sie mir das so freundlich erlauben. Dass mir Ihr
3550 1490 5253 1584 Buch gefallen wird, ist sicher; nicht einfach deshalb weil ich
3550 1599 5343 1698 weiss, dass alles was Sie schreiben schön ist, sondern weil alles
3550 1691 5396 1778 was Sie schreiben, Sie sind. Und da ist viel, das ist alles beinah.
3533 1776 5386 1854 Sie selbst haben das heuer in einer dieser wunderbaren Kopenhagener
3533 1875 5411 1958 Stunden so einfach gesagt : „Was einer schreibt und ob er schreiibt, ist
3530 1951 5398 2045 eigentlich gleichgültig, es kommt drauf an, wer schreibt.-“ Sie sag
3545 2055 4751 2176 ten es anders, besser, aber der Sinn war es.
3770 2152 5347 2242 Ihre Briefe haben fast alle etwas Wehmuth, Sehnsucht nach
3525 2232 5430 2332 Einsamkait im Schmerz über Einsamkeit liegt darin, beides. Ja übrigens
3562 2332 5347 2421 gibts denn etwas, was traurig macht oder lustig machte? Ich meine,
3518 2414 5350 2523 was die tiefere Trauer und die echte Heiterkeit gibt? Wir sind wie
3518 2506 5411 2628 wir sind und das Leben hat fast so wenig Macht über uns wie wir übert
3518 2596 5466 2700 das Leben.- Nun aber fange ich an, das Gegentheil von dem zu behaupten,
3542 2686 5401 2807 was am Anfange dieses Briefes steht. Das lässt einen Verdacht gegen
3520 2795 5449 2878 mich selbst in mir neu erwachsen; dass ich nämlich nicht klug, sondern
3537 2899 4726 2984 "geistreich" bin. Es sind wohl nur Anfälle.
3780 2970 5442 3118 Richard Beer-Hofmann bittet mich, Sie herzlichst zu grüssen.
