5859 3593
535 317 768 433 „    11 „
1866 305 2273 461 9.12.1915.
563 492 1367 612 Lieber und verehrter Freund.
832 566 2399 712 Ihr Brief vom 4.ds. ist heute schon eingetroffen, was in
571 678 2493 809 dieser Zeit eine recht geschwinde Reise ist. Ich beeile mich Ihnen den
571 758 2501 850 Empfang zu bestätigen und Ihnen herzlichst zu danken. Es betrübt mich,
563 850 2499 947 dass Sie von Ihrem alten Leiden wieder heimgesucht sind, das aber doch
558 950 2481 1055 wie es scheint, immer milder auftritt, und immer weniger die Macht be-
563 1062 2493 1162 sitzt Sie in Ihrer ausserordentlichen Fähigkeit zu behindern. Dass Sie
571 1142 2396 1260 ein Goethe-Buch geschrieben haben, das geht hier längst durch alle
558 1221 2481 1331 Blätter, und man wünschte nur, recht bald eine deutsche Ausgabe zu be-
571 1344 1830 1441 sitzen. Wird man lange darauf zu warten haben?
845 1408 2463 1510 uf Ihre Bemerkungen den „Bernhardi“ betreffend, müssen Sie
558 1487 2450 1613 mir erlauben mit ein paar Worten zu erwidern, umsomehr als das Stück
563 1610 2481 1710 Ihrem Herzen doch ziemlich nahe steht. Meiner Ansicht nach ist es kei-
548 1695 2447 1795 neswegs geschaffen in dem Sinne entmutigend zu wirken, wie Sie es in
563 1777 2488 1897 Ihrem Briefe ausdrücken. Was Sie sagen, kannsich überhaupt nur auf die
548 1882 2481 1992 Schlusszene des Stücks beziehen und da weiss ich vor allem daraufhin,
553 1984 2440 2071 dass der Autor in keiner Weise für die Aussprüche des Hofrats want-
558 2063 2363 2168 wortlich hgemacht zu werden wünscht. Ich bin mit dem Hofrat nicht
563 2161 2442 2258 identisch, ja, mit einem leichten Paradox könnte man behaupten, dass
556 2243 2452 2345 der Hofrat es nicht einmal mit sich selber ist. Sie erinnern sich ja,
548 2368 2601 2452 dass Bernhardi dem Hofrat auf seine, wenn Sie wollen skeptisch-ironischen
553 2437 2458 2547 Vorhalte erwidert "Sie hätten an meiner Statt gerade so gehandelt wie
548 2524 2458 2632 ich"; worauf der Hofrat zur Antwort gibt: „Da wär ich halt grad so ein
548 2614 2506 2701 Viech gewesen wie Sie. “Aber er hätte so gehandelt! Bernhardi hatte in
548 2703 2481 2836 einem zweiten solchen Falle auch wieder so gehandelt. Und beide hätten
553 2803 2458 2900 sich nicht im geringsten darum gekümmert, dass Andere oder sie selber
553 2895 2565 3021 sie für Viecher gehalten hätten. Und ich glaube, dass die Angelegenheiten
553 3003 2537 3123 der Welt von den Bernhardis, ja sogar von den Hofräten in der Art dieses
4029 302 4480 468 - 12 - 1 "
4951 323 5130 476 1)1
4695 320 4872 440 1:10:
3456 453 5409 655 Hofrat Winkler erheblicher gefördert werden, als von den Pflugfelders,
3474 573 5422 773 von den Gerechten mehr als von den Rechthaberischen, von den Zweiflern
3487 676 5368 847 mehr als von den Dogmatiker, aller Parteien; und je älter ich werde,
3500 758 5373 950 umso vernehmlicher pfeife ich auf diejenigen Leute, die a priori mit
3507 832 5478 1037 sich selber einverstanden sind; und wenn mich nicht alles trügt, so bla-
3505 952 5414 1114 sen auch Sie, mein verehrter Freund, nicht ungern die gleiche Melodie
3507 1044 5312 1208 mit mir.- Im übrigen ist ja der „Bernhardi“ kein Tendenzstück und
3510 1103 5491 1313 will es nicht sein, weder im Besonderen noch im Allgemeinen;- soll über-
3505 1226 5489 1395 haupt kategorisiert werden, so möchte ich ihn am liebsten als Charakter-
3520 1313 5468 1523 komödie angesehen wissen, und dass gerade dieses Stück auch in Ländern
3540 1416 5455 1590 seine Wirkung nicht verfuhkt versagt hat, wo von vornherein für spezi-
3540 1492 5540 1687 fisch österreichische Verhältnisse kein besonderes Interesse regsam sein
3553 1595 5460 1761 dürfte, scheint mir dafür zu sprechen, dass die Gestalten an sich das
3558 1731 4590 1861 Publikum zu interessieren vermochten.
3866 1797 5409 1920 Dass Ihnen die „Komödie der Worte“ einiges Vergnügen be-
3558 1861 5558 2058 reitet hat, freut mich sehr. Die Einakter werden viel gespielt und haben
3574 1951 5519 2125 einen ansehnlichen Bühnenerfolg gehabt. Dagegen werde ich von einem ge-
3566 2053 5499 2220 wissen Teil des Kritik in einer selbst nach meinen nicht unbedeutenden
3594 2132 5504 2337 Erfahrungen auf diesem Gebiet fast amphatisch zu nennenden Weise ange-
3587 2235 5501 2417 griffen. Man hat nämlich bei uns (in Deutschland und Oesterreich) ein
3589 2330 5509 2491 neues kritisches Mass für Kunstwerke entdeckt, den Weltkrieg. Und wie
3589 2429 5484 2591 es den Herren gerade passt, wird man dafür zur Rechenschaft gezogen,
3602 2493 5522 2688 dass das betreffende Werk irgendwie an den Krieg erinnert oderdass es
3615 2611 5445 2778 das nicht tut. Anlässlich des „Medardus“, der im vorigen Herbst in
3599 2693 5501 2888 Berlin aufgeführt wurde, würde es mir sehr verübelt, dass meinen Held
3620 2790 5565 2954 sich nicht sofort seinem ursprünglichen Entschluss gemäss, aufmacht, um
3630 2870 5522 3080 den Napeleon umzubringen, und sich statt dessen fünf Akte lang durch
