5770 3593
1144 426 1367 527 - 2 -
655 580 2536 702 empfinde das viele gute, das mir vom Schicksal beschieden, zuweilen
660 702 2519 803 so stark, dass ich jenes stetig fortschreitende Ohrenleiden, von dem
655 795 2536 891 ich seit 15 Jahren geplagt bin, gern als einen Polykratesring ansehen
642 888 2489 996 möchte - wenn auch als einen allzu werthvollen - und jedenfalls als
647 983 2396 1089 einen, den kein Fischer der Welt mir jemals zurückbringen wird, -
642 1081 2499 1177 Beer-Hofmann mit seiner Frau und seinen drei Kindern wohnt ganz nahe
645 1167 2428 1257 von mir, in einem sehr schönen Haus, dass ihm der Architekt Josef
627 1267 2536 1365 Hoffmann gebaut hat, und arbeitet nicht so viel, als er seinem Talent
637 1362 2544 1440 nach verpflichtet oder verurteilt wäre. Sie sollten wieder einmal her-
637 1438 2461 1543 kommen, womöglich im Mai - man könnte einander so vieles erzählen;-
627 1545 2428 1641 in einer Stunde etwas zehn Mal so viel, als in zwei Briefen steht;
637 1611 2571 1741 das beste, was man von Menschen hat, die einem werth sind, bleiben doch
630 1718 2587 1821 die zwanglosen Unterhaltungen, die von der ganzen Atmosphäre der Persön-
635 1824 2519 1932 lichkeit umgeben sind - was ist dagegen die gewollte Condensation und
630 1899 2476 2027 Präcision eines noch so herzlich intendirten Schreibens? In Briefen
617 2022 2619 2097 will man was bestimmtes sagen;— man denkt, man berichtet - man bezweckt;-
617 2090 2574 2193 in Gesprächen lässt man sich und den andern viel reiner leben,- man mag
615 2210 2511 2301 mit hundert Geheimnissen von einander scheiden;- die Stimme, der Ton-
607 2265 2441 2381 fall, die Geste geben selbst Befangenheiten, ja Unaufrichtigkeiten
625 2346 2589 2499 (die zwischen uns nicht zu befürchten sind) jene beste und einzige Wahr-
607 2454 1914 2574 heit, an der wir uns erlaben dürfen: Gegenwart.
855 2551 2481 2677 Dies soll Sie natürlich nur bestimmen (o welche Kraft traue
607 2622 2489 2757 ich schiefen Aphorismen zu!) nach Wien zu reisen - aber Sie ja nicht
592 2752 2609 2908 abhalten, mich bald wieder durch ein paar geschriebene Worte zu erfreuen.
838 2807 2085 2975 In herzlicher Verehrung Ihr Arthur Schnitzler
3289 544 4006 680 31) (Ansichtskarte)
4375 662 5078 868 Partenkirchen, 29.4.11.
3540 810 5301 1004 Ihre Karte, verehrter Herr Brandes, und die Druckschriften sind
3532 953 5326 1049 mir nach Menton nachgewandert, u. am Ende meiner Reise, dank ich
3542 1031 4686 1184 und grüss ich herzlichst in alter Treue.
4714 1126 5248 1254 Arthur Schnitzler
