5813 3608
4785 318 5250 476 Votre très-ciès de l'â¬
1680 321 2170 476 wien, 14.12.924.
3920 332 4122 487 2 1/2
402 462 2480 661 mein lieber und verehrter Freund, den Empfang Ihres Briefes vom 10. Dezember
416 609 2444 734 will ich gleich mit den herzlichsten Dank bestätigen. Denken Sie, mit der
3311 585 5424 718 eine "versunkene Welt" gestalte, für die sich kein Mensch mehr interessiere.
402 685 2545 832 gleichen Post kam Ihr Julius Caesar- vom Verleger (Reiss) übersandt, zugleich
3347 710 5405 846 (Man darf nur Dramen von 1924 schreiben- haben Sie das gewusst?) Auch sind
408 797 2417 935 mit dem dritten Band der neuen Ausgabe der Hauptströmungen. Also- dieser
3330 799 5389 930 Tod und Liebe unwürdige Sujets,- nur Grenzregulierungen, Valutaänderungen.
421 865 2485 1006 Caesar ist ohne Ihre Autorisation in Deutschland erschienen? Aber Voltaire,
3341 903 5394 1041 Steuerfragen, Diebstähle und Hungerrevolten interessieren den ersten (ins-
416 965 2466 1104 Michel Angelo, Goethe- das sind doch autorisierte deutsche Ausgaben? Bitte
3336 987 4301 1093 besondere ernsten deutschen) Mann.-
421 1049 2504 1196 sagen Sie mir ein Wort darüber. Ich erkundigte mich im vergangenen Frühjahr-
3548 1082 5321 1215 Hab ich Ihnen schon einmal geschrieben, dass mein Sohn Heinrich
421 1139 2526 1278 anlässlich meiner Bestätigung der eingetroffenen anderen Brandes Bände, - bei
3325 1185 5454 1286 in Berlin Staatstheater engagiert ist? Er fühlt sich dort sehr wohl; er wird
430 1218 2509 1381 Reiss für wann der Caesar zu erwarten sei- er erwiderte, dass er ihn gleich
3325 1278 5440 1389 wohl allmälig nach dem Regisseur und Theaterdirekter zu sich entwickeln. An-
427 1329 2515 1471 nach Erscheinen an mich senden werde- das hat er nun getan- und Sie sollten
3317 1376 5459 1476 fangs sah's auch, als würd er Kapellmeister werden. Meine Frau lebt in Baden-
432 1422 2528 1555 erst durch mich authentisches von diesem deutschen Cassar erfahren- u. hatten
3317 1455 5465 1582 Baden; - so bin ich jetzt hier mit meiner fünfzehnjährigen aber sehr erwachse -
424 1506 2539 1694 nicht einmal Honorar erhalten?- Die Angelegenheit irritiert mich vielleicht
3317 1520 5247 1664 nen Tochter Lili (Interesse: Sprachen,- Theater-Geschichte (vor allem
435 1599 2539 1778 darum ein bisschen mehr,- weil ich immer wieder so arge und ärgerliche Dinge
3317 1610 5440 1756 Friedrich II und Wapoleos) - Eislaufen und Tanzen) allein, sehe aber ziemlich
443 1716 2545 1873 mit meinen Büchern im Ausland erlebe, noch nie ist der Diebstahl, jeder Raub
3325 1705 5476 1827 viele Menschen- die Hälfte davon kaum öfter als 1-2 Mal. Auch so liebe Freunde
443 1797 2545 1938 am geistigen Eigentum so schamlos betrieben worden als jetzt! Man muss Mahn-
3303 1803 5495 1958 wie Richard Beer-Hofmann seh ich eigentlich selten;- und Hofmannsthal- da gibt
443 1870 2558 2047 briefe schreiben, Prozesse führen- oh nicht nur im Ausland,- auch in nächster
3309 1890 5424 2034 es Pausen bis zu einem Jahr! B-H. hat jetzt einen erheblichen Erfolg als Re-
454 1987 2583 2178 Nähe, - verschwendet Zeit und Geisteskraft an geschäftliche Correspondenzen
3309 1982 5416 2123 gisseur gehabt; xxt er hat ein englisches Stück umgearbeitet und inszeniert.
3303 2066 5440 2202 Seine Tochter Mirjam hat geheiratet, und wird mit ihrem Gatten wahrscheinlich
473 2093 1675 2243 und erreicht so wenig! - Aber genug davon.-
666 2197 2493 2327 Es freut mich, dass Ihnen die Kom. der Verführung einigen Spass ge-
3303 2161 4263 2278 bald nach Kopenhagen übersiedeln.-
3532 2267 5421 2371 Es erscheinen bald wieder Novellen von mir,- und ein Versstück wird
457 2273 2512 2425 macht hat und dass Sie mir die Palmen, die ich in Gilleleje wachsen liess,
3295 2363 5394 2482 vielleicht auch bald fertig sein; - besonders viel aber feil ich an aphoris-
457 2382 2575 2515 nicht übel genommen haben— (im Gegensatz zu einer Landsmännin (und entfernten
3295 2460 5410 2566 tisch-fragmentistischem herum- und wenn mein Bedürfnis in möglichst präciser
468 2474 2613 2602 Verwandten) von Ihnen glaub ich), der Frau Karen Stampe Ben dix, die ich manch-
3295 2542 5446 2651 u.conciser Form gewisse Lebenswahrheiten auszusprechen- die natürlich an sich
468 2556 2531 2708 mal sehe- und die eine reizende kleine Tochter-Tänzerin hat.) Das Stück hat
3279 2637 5429 2738 nicht neu sind - zu denen ich aber meinen eigenen Weg gegangen bin- dieses Be-
459 2654 2490 2784 es ziemlich schwer und wird sich- wie es mit meinen meisten Stücken geht-
3284 2716 5389 2898 dürfnis wird mit den Jahren immer stärker. Es ist auch etwas Pedanterie und
468 2743 2528 2860 von meinen allerersten abgesehen,- nur allmälig durchsetzen. Die Verlogen-
3273 2798 4021 2928 etwas Verspieltheit dabei.
462 2830 2509 2966 heit der Kritik in "moralischen" Dingen ist seltsamerweise- je freier die
473 2928 2626 3067 Existenz gerade in dieser Hinsicht sich gestaltet hat- ungeheuerlicher als je.
481 3040 2569 3162 Für mich hat jetzt das Völkchen eine neue Formel gefunden: dass ich nemlich
1900 3374 2221 3488 Votre très-hier
3420 3390 3678 3491 o'est avec
