5822 3594
623 294 863 446 1 1/2
1323 323 1507 494 3 -
529 548 2552 703 hat sich manches verändert. Von meiner Frau bin ich geschieden,- aber wir
545 623 2606 778 sind gute Freunde geblieben,- ja in der letzten Zeit wieder geworden, könnte
545 730 2568 858 man besser sagen. Sie lebt vorläufig in Salzburg, war aber in den letzten
545 845 2558 962 Tagen in Wien, und Sie können kaum glauben, wie viel wir gerade von Ihnen
540 925 2600 1064 gesprochen haben. Mein Sohn, der heuer zwanzig wird, zeigt sich in thatra-
551 1000 2587 1155 libus theoretisch und praktisch recht begabt,- auch musikalisch leistet er
559 1101 2467 1229 etwas. Dabei fehlt aber jede falsche Tendenz ins selbstschöpgerische,-
553 1192 2563 1339 d.h.er bilettiert weder als Dichter noch als Componist. Ich glaube er ist
551 1288 2672 1419 der geborene Regisseur - un/d andre glauben es auch. Seine Hauptbeschäftigung
577 1376 2611 1510 ist jetzt Shakespeare; eben hat er eine Inszenierung von Mass für Mass ge-
559 1491 2512 1625 macht - er arbeitet in der Hofbibliothek, jetzt Nationalbibliothek, - und
551 1574 2600 1726 hat auch an der Wanderbühne schon kleinere Rollen gespielt.- Meine Tochter
553 1662 2689 1809 Lili, zwölf vorbei, geht ins Gymnasium,- declamiert die Jungfrau von Orleans,
564 1767 2710 1884 schreibt "Geschichten",- und verwickelt mich jeden Morgen in die schwierigsten
561 1839 2582 1991 Gespräche über Gott und den freien Willen. Äber Landschaft, Schwimmen und
564 1951 2234 2063 Milchchocolade ist ihr glücklicherweise doch nach wichtiger.
767 2026 2616 2181 Und von mir selber wenn Sie erlauben, schreib ich Ihnen nächstens.
561 2154 1740 2282 Freundschaftlich treu der Ihrige wie immer
1702 2194 2205 2333 Arthur Schnitzler
4789 334 5241 470 Wien 7.6.22.
3538 446 5588 580 Mein lieber und verehrter Freund, dass ich nicht nach Kopenhagen gekommen
3552 545 5564 679 bin, war niemandem ärgerlicher als mir, aber niemand hatte weniger Schuld
3554 633 5594 764 daran. Hören Sie wie es war: Ein sehr netter junger Mann aus Dänemark, Herr
3546 727 5620 855 Axel Fraenckel, Literat, forderte mich im Namen eines "radicalen"Studenten-
3554 820 5551 941 bundes auf, in Kopenhagen zu lesen. Ich war mit Vergnügen bereit- ja ich
3549 911 5602 1042 spielte mit dem Gedanken gerade den 15. Mai in Kopenhagen und womöglich mit
3562 1013 5575 1122 Ihnen zuzubringen. Ich erklärte, dass ich im Haag, (wo ich, wie Amsterdam
3568 1104 5628 1232 u. Rotterdam aus meinen Werken vorlas) definitive Nachrichten abwarten wolle
3573 1189 5535 1307 u.zw.bis spätestens 30. April. Ich war bis zum 8. Mai in Holland - es kam
3562 1275 5623 1387 keine Zeile,- und ich selbst konnte mich nicht an den Studentenbund wenden-
3573 1379 5610 1497 schon darum, weil mir weder der offizielle Name, noch die Adresse noch der
3573 1481 5655 1630 Name des Obmanns bekannt war - so dacht ich man habe in Kopenhagen auf mein
3578 1579 5628 1697 Kommen verzichtet,- fuhr nach Berlin,- wo mir - über Haag, - und Wien- (die
3578 1630 5711 1783 kürzeste Verbindung) ein Telegramm nachgesandt wurde,- von dem Studentenbund-
3573 1761 5604 1857 ich möge meinen Ankunftstag melden. Nun aber hatt ich meine Dispositionen
3573 1833 5663 1975 schon total geändert u. es war zu spät, wieder in den Norden zu reisen,- auch
3578 1938 5690 2055 hatt ich einigermassen die Lust verloren. So verbracht ich meinen Geburtstag
3597 2031 5671 2141 - vollkommen allein - in Nürnberg und fuhr von da nach München und Wien. Ent-
3584 2133 5610 2226 weder ist ein Brief in den Haag verloren gegangen oder die Herren vom Stu-
3584 2197 5636 2349 dentenbund haben die Angelegenheit etwas zu lax behandelt- aber ich hoffe,
3584 2322 5497 2416 ein nächstes Mal - vielleicht im nüchsten Frühling (freilich-schon" am
3584 2376 5631 2534 nächsten Tag“ ist ein kühnes Wort,- wird die Sache zu Stande kommen. Morgen
3586 2469 5647 2630 fahr ich nach Graz, wo ich zweimal vorlese- ein etwas ärmlicher Ersatz für
3595 2603 4142 2726 Kopenhagen und Sie.
3897 2699 5660 2790 Und für Ihre lieben Worte, meiner verehrter Georg Brandes, kann
3584 2779 5698 2894 ich Ihnen nur schriftlich danken. (Haben Sie denn auch meinen Brief zu Ihrem
3597 2873 4639 3015 soundsovielten Gebuftstag bekommen?) -
3875 2921 5674 3052 Anfang Juli bring ich meine Kinder an den Sternbergersee zu ihrer
3520 3349 3851 3485 Votre très-hier.
