<?xml version="1.0" encoding="UTF-8" standalone="yes"?>
<PcGts xmlns="http://schema.primaresearch.org/PAGE/gts/pagecontent/2013-07-15" xmlns:xsi="http://www.w3.org/2001/XMLSchema-instance" xsi:schemaLocation="http://schema.primaresearch.org/PAGE/gts/pagecontent/2013-07-15 http://schema.primaresearch.org/PAGE/gts/pagecontent/2013-07-15/pagecontent.xsd">
    <Metadata>
        <Creator>prov=READ-COOP:name=TrHtr:version=2.1.0:model_id=51170:date=29_07_2023_11:05</Creator>
        <Created>2023-05-10T12:30:44.596+02:00</Created>
        <LastChange>2023-07-29T11:05:55.963+02:00</LastChange>
        <TranskribusMetadata docId="1428211" pageId="55403326" pageNr="32" tsid="131408693" status="IN_PROGRESS" userId="64420" imgUrl="https://files.transkribus.eu/Get?id=SCTAHRJXENWLTOFKFWVACKQO&amp;fileType=view" xmlUrl="https://files.transkribus.eu/Get?id=MPXTHGVJGLUVMYBMFMOOFCNM" imageId="44678147"/>
    </Metadata>
    <Page imageFilename="1428211_0032.jpg" imageWidth="5859" imageHeight="3593">
        <ReadingOrder>
            <OrderedGroup id="ro_1711795711089" caption="Regions reading order">
                <RegionRefIndexed index="0" regionRef="tr_1"/>
                <RegionRefIndexed index="1" regionRef="tr_2"/>
            </OrderedGroup>
        </ReadingOrder>
        <TextRegion id="tr_1" custom="readingOrder {index:0;}">
            <Coords points="668,373 2721,373 2721,3143 668,3143"/>
            <TextLine id="tr_1_tl_1" custom="readingOrder {index:0;}">
                <Coords points="1783,441 1843,449 1871,431 1948,446 2003,479 2079,439 2134,434 2262,466 2262,346 1961,328 1931,354 1876,361 1783,341"/>
                <Baseline points="1796,429 1820,423 1909,423 1999,423 2088,423 2178,423 2268,423"/>
                <TextEquiv>
                    <Unicode>3. August 914.</Unicode>
                </TextEquiv>
            </TextLine>
            <TextLine id="tr_1_tl_2" custom="readingOrder {index:1;}">
                <Coords points="654,622 1076,612 1141,584 1384,597 1419,589 1422,512 1299,491 1204,542 950,517 657,539"/>
                <Baseline points="668,590 710,590 799,590 889,584 978,578 1068,572 1157,572 1247,567 1336,567 1426,572"/>
                <TextEquiv>
                    <Unicode>Mein sehr verehrter Freund,</Unicode>
                </TextEquiv>
            </TextLine>
            <TextLine id="tr_1_tl_3" custom="readingOrder {index:2;}">
                <Coords points="815,690 1111,672 1279,727 2192,682 2513,654 2515,557 2003,597 1464,557 1311,632 1226,592 815,654"/>
                <Baseline points="829,674 907,674 996,668 1086,662 1175,662 1265,662 1354,656 1444,650 1533,644 1623,644 1712,638 1802,638 1891,632 1981,632 2071,626 2160,620 2250,620 2339,614 2429,614 2518,614"/>
                <TextEquiv>
                    <Unicode>ich erfahre hier, auf einem Umweg über Schweden, dass der li-</Unicode>
                </TextEquiv>
            </TextLine>
            <TextLine id="tr_1_tl_4" custom="readingOrder {index:3;}">
                <Coords points="657,827 2171,735 2560,767 2590,682 659,742"/>
                <Baseline points="674,775 716,769 805,769 895,769 984,763 1074,757 1163,757 1253,752 1342,746 1432,746 1521,740 1611,734 1701,734 1790,728 1880,722 1969,722 2059,722 2148,716 2238,716 2327,710 2417,710 2506,704 2596,710"/>
                <TextEquiv>
                    <Unicode>terarische Nobelpreis dieses Jahr an Oesterreich fallen soll und dass,</Unicode>
                </TextEquiv>
            </TextLine>
            <TextLine id="tr_1_tl_5" custom="readingOrder {index:4;}">
                <Coords points="685,905 2284,835 2485,875 2490,757 687,832"/>
                <Baseline points="698,859 704,865 793,865 883,859 972,859 1062,853 1151,847 1241,841 1330,841 1420,841 1510,835 1599,829 1689,829 1778,823 1868,817 1957,817 2047,811 2136,811 2226,805 2315,799 2405,799 2494,799"/>
                <TextEquiv>
                    <Unicode>unter oder neben anderen, ich hiefür nicht unerheblich in Betracht</Unicode>
                </TextEquiv>
            </TextLine>
            <TextLine id="tr_1_tl_6" custom="readingOrder {index:5;}">
                <Coords points="670,1013 2365,953 2457,940 2460,855 675,913"/>
                <Baseline points="686,948 763,954 853,948 943,948 1032,943 1122,937 1211,937 1301,931 1390,931 1480,925 1569,925 1659,919 1748,913 1838,913 1927,907 2017,907 2106,901 2196,895 2285,895 2375,895 2464,889"/>
                <TextEquiv>
                    <Unicode>kommen dürfte. Nun weiss ich aber, dass von Schweden aus vor Ent-</Unicode>
                </TextEquiv>
            </TextLine>
            <TextLine id="tr_1_tl_7" custom="readingOrder {index:6;}">
                <Coords points="682,1096 1988,1053 2530,1003 2533,935 685,1011"/>
                <Baseline points="698,1056 746,1050 835,1044 925,1038 1014,1038 1104,1038 1193,1032 1283,1026 1372,1026 1462,1020 1551,1020 1641,1014 1730,1008 1820,1008 1909,1002 1999,996 2088,996 2178,990 2268,990 2357,984 2447,984 2536,978"/>
                <TextEquiv>
                    <Unicode>scheidung der Angelegenheit bei gewissen officiellen Körperschaften</Unicode>
                </TextEquiv>
            </TextLine>
            <TextLine id="tr_1_tl_8" custom="readingOrder {index:7;}">
                <Coords points="682,1153 2204,1138 2523,1113 2525,1031 685,1111"/>
                <Baseline points="698,1145 740,1139 829,1139 919,1134 1008,1128 1098,1128 1187,1128 1277,1122 1366,1116 1456,1110 1545,1110 1635,1104 1724,1104 1814,1098 1903,1098 1993,1092 2082,1092 2172,1086 2262,1080 2351,1080 2441,1074 2530,1074"/>
                <TextEquiv>
                    <Unicode>des betreffenden Landes, so bei der Akademie der Wissenschaften und</Unicode>
                </TextEquiv>
            </TextLine>
            <TextLine id="tr_1_tl_9" custom="readingOrder {index:8;}">
                <Coords points="690,1286 2435,1229 2590,1181 2593,1121 692,1201"/>
                <Baseline points="704,1235 716,1235 805,1229 895,1229 984,1223 1074,1217 1163,1217 1253,1211 1342,1211 1432,1205 1521,1205 1611,1199 1701,1199 1790,1193 1880,1187 1969,1187 2059,1187 2148,1181 2238,1175 2327,1169 2417,1169 2506,1163 2596,1163"/>
                <TextEquiv>
                    <Unicode>dem Unterrichtsministerium angefragt zu werden pflegt, wie sich diese</Unicode>
                </TextEquiv>
            </TextLine>
            <TextLine id="tr_1_tl_10" custom="readingOrder {index:9;}">
                <Coords points="685,1387 2543,1264 2635,1311 2640,1209 687,1294"/>
                <Baseline points="698,1330 763,1324 853,1319 943,1313 1032,1313 1122,1313 1211,1307 1301,1301 1390,1301 1480,1295 1569,1295 1659,1289 1748,1283 1838,1283 1927,1277 2017,1277 2106,1271 2196,1271 2285,1271 2375,1265 2464,1259 2554,1253 2644,1253"/>
                <TextEquiv>
                    <Unicode>zu dem Vorschlag verhalten, und, wenn mich nicht alles trügt,-Eindrücke</Unicode>
                </TextEquiv>
            </TextLine>
            <TextLine id="tr_1_tl_11" custom="readingOrder {index:10;}">
                <Coords points="675,1459 2460,1417 2605,1394 2610,1291 677,1387"/>
                <Baseline points="692,1420 734,1414 823,1414 913,1408 1002,1408 1092,1402 1181,1396 1271,1396 1360,1396 1450,1390 1539,1390 1629,1384 1718,1378 1808,1372 1897,1372 1987,1366 2077,1366 2166,1360 2256,1360 2345,1354 2435,1354 2524,1348 2614,1342"/>
                <TextEquiv>
                    <Unicode>und Erfahrungen- erfreu ich mich an diesen Stellen (was Sie vielleicht</Unicode>
                </TextEquiv>
            </TextLine>
            <TextLine id="tr_1_tl_12" custom="readingOrder {index:11;}">
                <Coords points="677,1567 2442,1489 2558,1474 2563,1392 680,1467"/>
                <Baseline points="692,1510 775,1510 865,1504 954,1498 1044,1498 1134,1492 1223,1486 1313,1486 1402,1480 1492,1480 1581,1480 1671,1474 1760,1468 1850,1468 1939,1462 2029,1462 2118,1456 2208,1456 2297,1450 2387,1444 2476,1450 2566,1444"/>
                <TextEquiv>
                    <Unicode>nicht einmal Wunder nehmen wird ) keiner sonderlichen Sympathien ; ja</Unicode>
                </TextEquiv>
            </TextLine>
            <TextLine id="tr_1_tl_13" custom="readingOrder {index:12;}">
                <Coords points="687,1612 2523,1592 2625,1560 2628,1474 690,1562"/>
                <Baseline points="704,1599 752,1599 841,1593 931,1593 1020,1587 1110,1581 1199,1581 1289,1581 1378,1575 1468,1569 1557,1569 1647,1563 1736,1557 1826,1557 1915,1557 2005,1551 2094,1551 2184,1545 2273,1545 2363,1539 2453,1533 2542,1533 2632,1539"/>
                <TextEquiv>
                    <Unicode>ich kann mir vorstellen, dass eine eventuell beabsichtigte Zuerkennung</Unicode>
                </TextEquiv>
            </TextLine>
            <TextLine id="tr_1_tl_14" custom="readingOrder {index:13;}">
                <Coords points="705,1708 2450,1688 2553,1650 2555,1585 707,1655"/>
                <Baseline points="722,1701 769,1689 859,1689 948,1683 1038,1677 1128,1677 1217,1671 1307,1671 1396,1665 1486,1659 1575,1659 1665,1653 1754,1653 1844,1647 1933,1647 2023,1641 2112,1641 2202,1635 2291,1629 2381,1629 2470,1629 2560,1623"/>
                <TextEquiv>
                    <Unicode>jenes Preises an mich gerade in meinem Vaterland bei manchen massge-</Unicode>
                </TextEquiv>
            </TextLine>
            <TextLine id="tr_1_tl_15" custom="readingOrder {index:14;}">
                <Coords points="700,1808 2575,1770 2598,1637 1971,1723 705,1710"/>
                <Baseline points="716,1778 722,1778 811,1778 901,1778 990,1772 1080,1772 1169,1766 1259,1760 1348,1760 1438,1754 1527,1748 1617,1748 1706,1748 1796,1742 1886,1742 1975,1742 2065,1730 2154,1730 2244,1724 2333,1724 2423,1718 2512,1718 2602,1718"/>
                <TextEquiv>
                    <Unicode>benden Factoren auf einen Widerspruch stiesse, der nur durch das Wort</Unicode>
                </TextEquiv>
            </TextLine>
            <TextLine id="tr_1_tl_16" custom="readingOrder {index:15;}">
                <Coords points="687,1883 1911,1893 2618,1833 2638,1780 690,1856"/>
                <Baseline points="704,1874 763,1874 853,1868 943,1868 1032,1862 1122,1856 1211,1856 1301,1850 1390,1850 1480,1844 1569,1844 1659,1844 1748,1838 1838,1832 1927,1832 2017,1826 2106,1826 2196,1826 2285,1820 2375,1814 2464,1808 2554,1808 2644,1802"/>
                <TextEquiv>
                    <Unicode>eines Mannes von höchster Bedeutung und weitestem Ruhm parakysiert wer-</Unicode>
                </TextEquiv>
            </TextLine>
            <TextLine id="tr_1_tl_17" custom="readingOrder {index:16;}">
                <Coords points="700,1996 2485,1961 2563,1941 2568,1825 2197,1891 702,1931"/>
                <Baseline points="716,1957 781,1963 871,1957 960,1957 1050,1957 1139,1951 1229,1945 1319,1945 1408,1939 1498,1933 1587,1933 1677,1933 1766,1927 1856,1921 1945,1921 2035,1915 2124,1915 2214,1915 2303,1909 2393,1903 2482,1903 2572,1897"/>
                <TextEquiv>
                    <Unicode>den könnte. In diesem Zusammenhang aber konnt'ich kaum an jemand an-</Unicode>
                </TextEquiv>
            </TextLine>
            <TextLine id="tr_1_tl_18" custom="readingOrder {index:17;}">
                <Coords points="712,2069 2242,2066 2535,2044 2625,2011 2628,1926 715,2016"/>
                <Baseline points="728,2053 752,2059 841,2053 931,2047 1020,2047 1110,2041 1199,2041 1289,2035 1378,2035 1468,2029 1557,2023 1647,2023 1736,2023 1826,2017 1915,2017 2005,2011 2094,2011 2184,2005 2273,2005 2363,1999 2453,1999 2542,1993 2632,1993"/>
                <TextEquiv>
                    <Unicode>dern denken als an Sie, der mir schon ein Schützer, ein Freund gewesen</Unicode>
                </TextEquiv>
            </TextLine>
            <TextLine id="tr_1_tl_19" custom="readingOrder {index:18;}">
                <Coords points="702,2164 1116,2144 1236,2202 1432,2129 1703,2182 2420,2144 2600,2121 2603,2049 705,2111"/>
                <Baseline points="716,2148 728,2148 817,2148 907,2142 996,2142 1086,2136 1175,2136 1265,2130 1354,2130 1444,2124 1533,2124 1623,2118 1712,2112 1802,2112 1891,2106 1981,2106 2071,2100 2160,2100 2250,2094 2339,2094 2429,2088 2518,2088 2608,2082"/>
                <TextEquiv>
                    <Unicode>ist zu einer Zeit, da ich von andern Kritikern und Kennern nicht oder</Unicode>
                </TextEquiv>
            </TextLine>
            <TextLine id="tr_1_tl_20" custom="readingOrder {index:19;}">
                <Coords points="707,2244 795,2294 2011,2272 2665,2197 2718,2121 707,2204"/>
                <Baseline points="722,2244 752,2244 841,2238 931,2232 1020,2232 1110,2226 1199,2226 1289,2226 1378,2220 1468,2220 1557,2214 1647,2214 1736,2208 1826,2202 1915,2202 2005,2196 2094,2196 2184,2190 2273,2190 2363,2190 2453,2184 2542,2184 2632,2178 2721,2178"/>
                <TextEquiv>
                    <Unicode>kaum bemerkt wurde, und der seither, durch mehr als zwanzig Jahre meiner</Unicode>
                </TextEquiv>
            </TextLine>
            <TextLine id="tr_1_tl_21" custom="readingOrder {index:20;}">
                <Coords points="705,2400 920,2337 2392,2334 2665,2297 2668,2229 840,2302 710,2244"/>
                <Baseline points="722,2333 793,2333 883,2327 972,2327 1062,2321 1151,2321 1241,2315 1330,2315 1420,2309 1510,2309 1599,2309 1689,2303 1778,2297 1868,2291 1957,2291 2047,2291 2136,2285 2226,2285 2315,2279 2405,2279 2494,2273 2584,2268 2673,2268"/>
                <TextEquiv>
                    <Unicode>Weg nicht nur mit künstlerischer, sondern auch, was ich sehr wohlthuend</Unicode>
                </TextEquiv>
            </TextLine>
            <TextLine id="tr_1_tl_22" custom="readingOrder {index:21;}">
                <Coords points="700,2440 903,2490 2480,2427 2558,2415 2560,2337 702,2402"/>
                <Baseline points="716,2423 775,2429 865,2423 954,2423 1044,2417 1134,2411 1223,2411 1313,2405 1402,2405 1492,2399 1581,2399 1671,2393 1760,2393 1850,2387 1939,2387 2029,2381 2118,2381 2208,2375 2297,2369 2387,2369 2476,2369 2566,2369"/>
                <TextEquiv>
                    <Unicode>empfand, menschlicher Antheilnahme begleitet hat; und habe mich ge-</Unicode>
                </TextEquiv>
            </TextLine>
            <TextLine id="tr_1_tl_23" custom="readingOrder {index:22;}">
                <Coords points="725,2575 1111,2510 1216,2570 2533,2525 2650,2415 730,2475"/>
                <Baseline points="740,2518 775,2518 865,2518 954,2512 1044,2512 1134,2506 1223,2500 1313,2500 1402,2500 1492,2494 1581,2494 1671,2488 1760,2488 1850,2482 1939,2476 2029,2476 2118,2470 2208,2470 2297,2464 2387,2464 2476,2464 2566,2458 2655,2458"/>
                <TextEquiv>
                    <Unicode>fragt, ob Sie sich wohl bereit fänden, ein solches Wort für mich,- das</Unicode>
                </TextEquiv>
            </TextLine>
            <TextLine id="tr_1_tl_24" custom="readingOrder {index:23;}">
                <Coords points="712,2668 1048,2613 2407,2615 2588,2600 2590,2525 715,2575"/>
                <Baseline points="728,2614 805,2608 895,2608 984,2602 1074,2602 1163,2596 1253,2596 1342,2590 1432,2590 1521,2584 1611,2584 1701,2578 1790,2578 1880,2572 1969,2572 2059,2566 2148,2566 2238,2560 2327,2560 2417,2554 2506,2554 2596,2554"/>
                <TextEquiv>
                    <Unicode>sich im Ernstfall wahrscheinlich als sehr notwendig erweisen würde -</Unicode>
                </TextEquiv>
            </TextLine>
            <TextLine id="tr_1_tl_25" custom="readingOrder {index:24;}">
                <Coords points="717,2758 2525,2703 2638,2660 2640,2598 720,2673"/>
                <Baseline points="734,2697 763,2703 853,2703 943,2697 1032,2691 1122,2691 1211,2685 1301,2685 1390,2679 1480,2679 1569,2673 1659,2673 1748,2667 1838,2667 1927,2661 2017,2661 2106,2655 2196,2655 2285,2649 2375,2649 2464,2644 2554,2644 2644,2638"/>
                <TextEquiv>
                    <Unicode>an der entscheidenden Stelle auszusprechen? Ob Sie diese Anregung nun</Unicode>
                </TextEquiv>
            </TextLine>
            <TextLine id="tr_1_tl_26" custom="readingOrder {index:25;}">
                <Coords points="730,2861 2492,2786 2638,2758 2640,2668 735,2758"/>
                <Baseline points="746,2799 763,2793 853,2793 943,2787 1032,2787 1122,2781 1211,2781 1301,2775 1390,2775 1480,2769 1569,2763 1659,2763 1748,2757 1838,2757 1927,2751 2017,2751 2106,2751 2196,2745 2285,2739 2375,2739 2464,2739 2554,2733 2644,2733"/>
                <TextEquiv>
                    <Unicode>als eine nicht allzu bescheidene Bitte oder als den erlaubten Versuch</Unicode>
                </TextEquiv>
            </TextLine>
            <TextLine id="tr_1_tl_27" custom="readingOrder {index:26;}">
                <Coords points="732,2896 940,2946 1575,2876 1760,2921 1998,2854 2595,2849 2650,2761 735,2861"/>
                <Baseline points="746,2894 775,2888 865,2882 954,2882 1044,2876 1134,2876 1223,2876 1313,2870 1402,2864 1492,2858 1581,2858 1671,2858 1760,2852 1850,2852 1939,2846 2029,2846 2118,2840 2208,2835 2297,2835 2387,2829 2476,2829 2566,2829 2655,2823"/>
                <TextEquiv>
                    <Unicode>auffassen wollen, mich Ihnen in einem geeigneten Moment einfach in Er-</Unicode>
                </TextEquiv>
            </TextLine>
            <TextLine id="tr_1_tl_28" custom="readingOrder {index:27;}">
                <Coords points="730,3027 2518,2974 2663,2946 2665,2869 732,2944"/>
                <Baseline points="746,2984 787,2978 877,2978 966,2978 1056,2972 1145,2966 1235,2966 1324,2960 1414,2960 1504,2954 1593,2954 1683,2954 1772,2948 1862,2942 1951,2942 2041,2942 2130,2936 2220,2930 2309,2930 2399,2924 2488,2924 2578,2918 2667,2918"/>
                <TextEquiv>
                    <Unicode>innerung zu bringen,- was ich hier gesagt habe, gilt natürlich nur für</Unicode>
                </TextEquiv>
            </TextLine>
            <TextLine id="tr_1_tl_29" custom="readingOrder {index:28;}">
                <Coords points="732,3107 2615,3042 2678,2976 735,3039"/>
                <Baseline points="746,3073 799,3073 889,3067 978,3067 1068,3061 1157,3061 1247,3061 1336,3055 1426,3049 1515,3049 1605,3043 1695,3043 1784,3037 1874,3037 1963,3031 2053,3025 2142,3025 2232,3025 2321,3025 2411,3014 2500,3014 2590,3014 2679,3014"/>
                <TextEquiv>
                    <Unicode>den Fall, dass Sie (was mir allerdings selbstverständlich scheint) von</Unicode>
                </TextEquiv>
            </TextLine>
            <TextLine id="tr_1_tl_30" custom="readingOrder {index:29;}">
                <Coords points="737,3169 762,3172 772,3164 797,3172 820,3152 838,3167 875,3174 905,3167 920,3180 948,3174 965,3157 1000,3162 1000,3099 920,3082 883,3084 865,3097 832,3084 812,3099 775,3089 737,3104"/>
                <Baseline points="752,3133 841,3133 931,3133 1008,3133"/>
                <TextEquiv>
                    <Unicode>dauxeschus</Unicode>
                </TextEquiv>
            </TextLine>
        </TextRegion>
        <TextRegion id="tr_2" custom="readingOrder {index:1;}">
            <Coords points="3497,415 5544,415 5544,3137 3497,3137"/>
            <TextLine id="tr_2_tl_1" custom="readingOrder {index:0;}">
                <Coords points="4045,496 4097,514 4140,491 4190,491 4213,507 4260,496 4260,374 4230,381 4208,366 4157,404 4117,391 4075,409 4045,409"/>
                <Baseline points="4058,465 4148,465 4237,465 4267,465"/>
                <TextEquiv>
                    <Unicode>- 2 -</Unicode>
                </TextEquiv>
            </TextLine>
            <TextLine id="tr_2_tl_2" custom="readingOrder {index:1;}">
                <Coords points="3483,730 5291,705 5331,599 3485,662"/>
                <Baseline points="3497,722 3545,722 3634,716 3724,716 3813,710 3903,704 3992,704 4082,698 4171,692 4261,686 4350,686 4440,686 4530,680 4619,680 4709,674 4798,668 4888,662 4977,662 5067,656 5156,650 5246,650 5335,650"/>
                <TextEquiv>
                    <Unicode>schwedischen Comité um Ihre Meinung gefragt werden sollten;- andern</Unicode>
                </TextEquiv>
            </TextLine>
            <TextLine id="tr_2_tl_3" custom="readingOrder {index:2;}">
                <Coords points="3483,827 5293,795 5449,757 5451,670 3485,765"/>
                <Baseline points="3497,811 3575,811 3664,805 3754,805 3843,799 3933,793 4022,787 4112,787 4201,781 4291,781 4380,775 4470,769 4559,769 4649,763 4738,757 4828,757 4917,752 5007,746 5097,746 5186,740 5276,740 5365,740 5455,746"/>
                <TextEquiv>
                    <Unicode>Falls betrachten Sie bitte diesen Brief hier nur insoweit als vorhanden,</Unicode>
                </TextEquiv>
            </TextLine>
            <TextLine id="tr_2_tl_4" custom="readingOrder {index:3;}">
                <Coords points="3483,950 5251,895 5359,865 5361,787 3488,825"/>
                <Baseline points="3497,901 3575,901 3664,895 3754,895 3843,889 3933,883 4022,877 4112,877 4201,871 4291,871 4380,865 4470,859 4559,859 4649,853 4738,853 4828,847 4917,841 5007,841 5097,835 5186,829 5276,829 5365,841"/>
                <TextEquiv>
                    <Unicode>als er Ihnen wieder einmal den Ausdruck meines dankbaren Vertrauens,</Unicode>
                </TextEquiv>
            </TextLine>
            <TextLine id="tr_2_tl_5" custom="readingOrder {index:4;}">
                <Coords points="3500,1031 5374,968 5379,860 3503,968"/>
                <Baseline points="3515,996 3593,990 3682,990 3772,984 3861,978 3951,972 4040,972 4130,966 4219,966 4309,960 4398,954 4488,954 4577,948 4667,948 4756,943 4846,943 4935,937 5025,937 5114,931 5204,925 5294,919 5383,919"/>
                <TextEquiv>
                    <Unicode>sowie einer Freundschaft übermittelt, die auch in Jahren, da man ein-</Unicode>
                </TextEquiv>
            </TextLine>
            <TextLine id="tr_2_tl_6" custom="readingOrder {index:5;}">
                <Coords points="3493,1116 4882,1083 4902,983 3495,1056"/>
                <Baseline points="3509,1086 3563,1086 3652,1086 3742,1080 3831,1074 3921,1074 4010,1068 4100,1068 4189,1062 4279,1056 4368,1056 4458,1050 4547,1044 4637,1038 4727,1038 4816,1032 4906,1032"/>
                <TextEquiv>
                    <Unicode>ander nicht begegnete, gleich herzlich weiterlebte.</Unicode>
                </TextEquiv>
            </TextLine>
            <TextLine id="tr_2_tl_7" custom="readingOrder {index:6;}">
                <Coords points="3791,1209 5399,1158 5464,1071 3796,1118"/>
                <Baseline points="3807,1169 3855,1163 3945,1163 4034,1157 4124,1157 4213,1151 4303,1151 4392,1145 4482,1139 4571,1134 4661,1134 4750,1128 4840,1128 4929,1122 5019,1116 5108,1116 5198,1110 5288,1104 5377,1104 5467,1104"/>
                <TextEquiv>
                    <Unicode>Vielleicht mag ein solches Schreiben in so aufgewühlter Zeit,</Unicode>
                </TextEquiv>
            </TextLine>
            <TextLine id="tr_2_tl_8" custom="readingOrder {index:7;}">
                <Coords points="3493,1311 5341,1251 5404,1241 5406,1158 3495,1239"/>
                <Baseline points="3509,1265 3533,1265 3622,1265 3712,1265 3801,1259 3891,1253 3980,1253 4070,1247 4160,1247 4249,1241 4339,1235 4428,1235 4518,1229 4607,1223 4697,1223 4786,1217 4876,1217 4965,1211 5055,1205 5144,1205 5234,1199 5323,1199 5413,1199"/>
                <TextEquiv>
                    <Unicode>wo aus den bedenklichen Dünsten der Politik allmälig die erhabnen Wol-</Unicode>
                </TextEquiv>
            </TextLine>
            <TextLine id="tr_2_tl_9" custom="readingOrder {index:8;}">
                <Coords points="3495,1402 5276,1347 5331,1251 3498,1304"/>
                <Baseline points="3509,1360 3545,1360 3634,1360 3724,1354 3813,1354 3903,1348 3992,1342 4082,1342 4171,1336 4261,1330 4350,1330 4440,1324 4530,1319 4619,1319 4709,1313 4798,1313 4888,1307 4977,1307 5067,1301 5156,1295 5246,1295 5335,1289"/>
                <TextEquiv>
                    <Unicode>kenbildungen der Weltgeschichte aufzusteigen beginnen, kaum der Be-</Unicode>
                </TextEquiv>
            </TextLine>
            <TextLine id="tr_2_tl_10" custom="readingOrder {index:9;}">
                <Coords points="3508,1492 5213,1439 5444,1417 5446,1336 3510,1399"/>
                <Baseline points="3521,1456 3569,1456 3658,1450 3748,1450 3837,1444 3927,1438 4016,1438 4106,1432 4195,1432 4285,1426 4374,1426 4464,1420 4553,1414 4643,1414 4732,1408 4822,1402 4912,1402 5001,1396 5091,1390 5180,1390 5270,1384 5359,1384 5449,1378"/>
                <TextEquiv>
                    <Unicode>achtung werth erscheinen; aber, wir empfinden und erfahren es doch alle</Unicode>
                </TextEquiv>
            </TextLine>
            <TextLine id="tr_2_tl_11" custom="readingOrder {index:10;}">
                <Coords points="3518,1567 5381,1535 5409,1419 3521,1512"/>
                <Baseline points="3533,1545 3622,1545 3712,1539 3801,1539 3891,1533 3980,1533 4070,1527 4160,1521 4249,1521 4339,1515 4428,1515 4518,1510 4607,1504 4697,1504 4786,1498 4876,1492 4965,1492 5055,1486 5144,1480 5234,1480 5323,1474 5413,1474"/>
                <TextEquiv>
                    <Unicode>immer wieder,- auch in so bewegten Epochen fordert die Einzelexistenz</Unicode>
                </TextEquiv>
            </TextLine>
            <TextLine id="tr_2_tl_12" custom="readingOrder {index:11;}">
                <Coords points="3531,1667 5333,1615 5414,1595 5416,1527 3533,1590"/>
                <Baseline points="3545,1635 3628,1641 3718,1635 3807,1629 3897,1629 3986,1623 4076,1617 4165,1617 4255,1611 4345,1611 4434,1605 4524,1599 4613,1599 4703,1593 4792,1593 4882,1587 4971,1581 5061,1581 5150,1575 5240,1569 5329,1569 5419,1563"/>
                <TextEquiv>
                    <Unicode>von Tag zu Tag ihr Recht,- und wie diesmal üblergesinnte meinen könn-</Unicode>
                </TextEquiv>
            </TextLine>
            <TextLine id="tr_2_tl_13" custom="readingOrder {index:12;}">
                <Coords points="3526,1755 5286,1723 5381,1705 5386,1615 3528,1670"/>
                <Baseline points="3539,1736 3598,1736 3688,1730 3778,1724 3867,1724 3957,1718 4046,1712 4136,1706 4225,1706 4315,1706 4404,1701 4494,1695 4583,1695 4673,1689 4762,1683 4852,1683 4941,1677 5031,1677 5120,1671 5210,1665 5299,1665 5389,1659"/>
                <TextEquiv>
                    <Unicode>ten,- auch mehr als das. Sie aber, mein verehrter Freund, nehmen mir</Unicode>
                </TextEquiv>
            </TextLine>
            <TextLine id="tr_2_tl_14" custom="readingOrder {index:13;}">
                <Coords points="3526,1838 5359,1805 5537,1775 5539,1703 3528,1758"/>
                <Baseline points="3539,1832 3575,1826 3664,1820 3754,1820 3843,1814 3933,1814 4022,1808 4112,1802 4201,1802 4291,1796 4380,1790 4470,1790 4559,1784 4649,1784 4738,1778 4828,1778 4917,1772 5007,1766 5097,1766 5186,1760 5276,1754 5365,1754 5455,1754 5544,1748"/>
                <TextEquiv>
                    <Unicode>diesen Ruf, der hoffentlich nicht allzu störend in Ihre Sommerruhe dringt,</Unicode>
                </TextEquiv>
            </TextLine>
            <TextLine id="tr_2_tl_15" custom="readingOrder {index:14;}">
                <Coords points="3516,1951 4250,1903 4767,1923 4870,1908 4875,1828 3518,1883"/>
                <Baseline points="3533,1915 3622,1915 3712,1915 3801,1909 3891,1903 3980,1903 4070,1897 4160,1891 4249,1891 4339,1886 4428,1886 4518,1880 4607,1874 4697,1874 4786,1874 4876,1868"/>
                <TextEquiv>
                    <Unicode>keinesfalls übel, wo immer er Sie erreichen möge.</Unicode>
                </TextEquiv>
            </TextLine>
            <TextLine id="tr_2_tl_16" custom="readingOrder {index:15;}">
                <Coords points="3882,2011 5246,1998 5441,1981 5446,1893 3884,1943"/>
                <Baseline points="3897,1993 3927,1993 4016,1993 4106,1987 4195,1981 4285,1981 4374,1975 4464,1969 4553,1969 4643,1963 4732,1963 4822,1957 4912,1951 5001,1951 5091,1945 5180,1945 5270,1939 5359,1933 5449,1933"/>
                <TextEquiv>
                    <Unicode>Wir befinden uns unter ziemlich sonderbaren Verhältnissen</Unicode>
                </TextEquiv>
            </TextLine>
            <TextLine id="tr_2_tl_17" custom="readingOrder {index:16;}">
                <Coords points="3516,2141 5424,2101 5446,1978 3518,2054"/>
                <Baseline points="3533,2100 3569,2100 3658,2100 3748,2094 3837,2088 3927,2088 4016,2088 4106,2077 4195,2077 4285,2071 4374,2071 4464,2065 4553,2065 4643,2059 4732,2059 4822,2053 4912,2047 5001,2047 5091,2041 5180,2035 5270,2035 5359,2035 5449,2029"/>
                <TextEquiv>
                    <Unicode>hier in Celerina; auch die Schweiz hat völligen Kriegszustand; wie die</Unicode>
                </TextEquiv>
            </TextLine>
            <TextLine id="tr_2_tl_18" custom="readingOrder {index:17;}">
                <Coords points="3536,2222 5359,2171 5379,2066 3538,2161"/>
                <Baseline points="3551,2184 3593,2190 3682,2190 3772,2184 3861,2178 3951,2178 4040,2178 4130,2172 4219,2166 4309,2166 4398,2160 4488,2160 4577,2154 4667,2148 4756,2142 4846,2142 4935,2142 5025,2136 5114,2130 5204,2130 5294,2124 5383,2130"/>
                <TextEquiv>
                    <Unicode>Dinge eben stehen, wäre es mir, mit Frau und Kindern, nur unter den</Unicode>
                </TextEquiv>
            </TextLine>
            <TextLine id="tr_2_tl_19" custom="readingOrder {index:18;}">
                <Coords points="3528,2322 5196,2282 5391,2264 5394,2174 3531,2247"/>
                <Baseline points="3545,2285 3610,2285 3700,2279 3789,2273 3879,2273 3969,2268 4058,2262 4148,2262 4237,2256 4327,2256 4416,2250 4506,2250 4595,2244 4685,2238 4774,2238 4864,2232 4953,2226 5043,2226 5132,2220 5222,2220 5311,2214 5401,2214"/>
                <TextEquiv>
                    <Unicode>ärgsten Unbequemlichkeiten möglich, über die Grenze in die Heimat zu</Unicode>
                </TextEquiv>
            </TextLine>
            <TextLine id="tr_2_tl_20" custom="readingOrder {index:19;}">
                <Coords points="3536,2407 5436,2357 5439,2252 3538,2332"/>
                <Baseline points="3551,2375 3563,2369 3652,2369 3742,2369 3831,2363 3921,2363 4010,2357 4100,2357 4189,2351 4279,2345 4368,2345 4458,2339 4547,2339 4637,2333 4727,2327 4816,2327 4906,2321 4995,2321 5085,2315 5174,2315 5264,2309 5353,2303 5443,2303"/>
                <TextEquiv>
                    <Unicode>kommen,- und so bleiben wir denn vorläufig hier, in nicht geringer Un-</Unicode>
                </TextEquiv>
            </TextLine>
            <TextLine id="tr_2_tl_21" custom="readingOrder {index:20;}">
                <Coords points="3541,2497 5409,2450 5439,2355 3546,2410"/>
                <Baseline points="3557,2464 3563,2464 3652,2464 3742,2458 3831,2458 3921,2453 4010,2447 4100,2447 4189,2447 4279,2441 4368,2435 4458,2435 4547,2435 4637,2429 4727,2423 4816,2417 4906,2417 4995,2411 5085,2411 5174,2405 5264,2399 5353,2399 5443,2399"/>
                <TextEquiv>
                    <Unicode>ruhe; aber freuen uns doch der Wald-, Wiesen und Himmelsruhe in diesem</Unicode>
                </TextEquiv>
            </TextLine>
            <TextLine id="tr_2_tl_22" custom="readingOrder {index:21;}">
                <Coords points="3541,2603 5489,2543 5491,2422 3546,2505"/>
                <Baseline points="3557,2560 3616,2560 3706,2554 3795,2548 3885,2548 3974,2542 4064,2542 4154,2542 4243,2536 4333,2530 4422,2524 4512,2524 4601,2518 4691,2518 4780,2512 4870,2512 4959,2506 5049,2500 5138,2500 5228,2494 5317,2494 5407,2488 5496,2488"/>
                <TextEquiv>
                    <Unicode>schönen Thal- das von dem Lärm der Welt nichts zu wissen scheint, trotz</Unicode>
                </TextEquiv>
            </TextLine>
            <TextLine id="tr_2_tl_23" custom="readingOrder {index:22;}">
                <Coords points="3536,2701 5366,2635 5466,2620 5471,2540 3538,2603"/>
                <Baseline points="3551,2644 3593,2649 3682,2644 3772,2644 3861,2638 3951,2638 4040,2632 4130,2632 4219,2632 4309,2626 4398,2620 4488,2614 4577,2614 4667,2608 4756,2608 4846,2602 4935,2596 5025,2596 5114,2590 5204,2590 5294,2584 5383,2584 5473,2584"/>
                <TextEquiv>
                    <Unicode>dreier grimmigen Soldaten, die im Wartesaal des Bahnhofs ihr Vaterland</Unicode>
                </TextEquiv>
            </TextLine>
            <TextLine id="tr_2_tl_24" custom="readingOrder {index:23;}">
                <Coords points="3556,2753 5301,2733 5461,2708 5464,2643 3558,2706"/>
                <Baseline points="3569,2739 3587,2739 3676,2739 3766,2733 3855,2733 3945,2727 4034,2727 4124,2727 4213,2721 4303,2715 4392,2715 4482,2709 4571,2709 4661,2703 4750,2697 4840,2697 4929,2691 5019,2685 5108,2685 5198,2679 5288,2679 5377,2679 5467,2673"/>
                <TextEquiv>
                    <Unicode>schützen und Karten spielen. - Wollen Sie mir eine Zeile schreiben, so</Unicode>
                </TextEquiv>
            </TextLine>
            <TextLine id="tr_2_tl_25" custom="readingOrder {index:24;}">
                <Coords points="3546,2874 5346,2823 5424,2813 5426,2708 3551,2791"/>
                <Baseline points="3563,2835 3640,2835 3730,2835 3819,2829 3909,2823 3998,2823 4088,2817 4177,2817 4267,2817 4356,2811 4446,2805 4536,2799 4625,2799 4715,2793 4804,2793 4894,2793 4983,2781 5073,2781 5162,2775 5252,2775 5341,2775 5431,2775"/>
                <TextEquiv>
                    <Unicode>bitte ich doch jedenfalls an meine Wiener Wohnung (XVIII Sternwarte-</Unicode>
                </TextEquiv>
            </TextLine>
            <TextLine id="tr_2_tl_26" custom="readingOrder {index:25;}">
                <Coords points="3546,2951 3661,2939 3714,2974 3819,2931 3877,2954 3972,2926 4105,2966 4335,2954 4338,2871 4188,2841 3937,2886 3746,2849 3551,2871"/>
                <Baseline points="3563,2930 3628,2930 3718,2930 3807,2924 3897,2924 3986,2918 4076,2912 4165,2906 4255,2906 4345,2900"/>
                <TextEquiv>
                    <Unicode>strasse 71) zu adressieren.</Unicode>
                </TextEquiv>
            </TextLine>
            <TextLine id="tr_2_tl_27" custom="readingOrder {index:26;}">
                <Coords points="3924,3022 5186,3027 5429,2969 5431,2909 3927,2939"/>
                <Baseline points="3939,3008 4004,3008 4094,3002 4183,3002 4273,2996 4362,2990 4452,2990 4541,2984 4631,2984 4721,2984 4810,2978 4900,2972 4989,2966 5079,2966 5168,2960 5258,2960 5347,2954 5437,2948"/>
                <TextEquiv>
                    <Unicode>Mit den herzlichsten Grüssen, auch von meiner Frau, Ihr</Unicode>
                </TextEquiv>
            </TextLine>
            <TextLine id="tr_2_tl_28" custom="readingOrder {index:27;}">
                <Coords points="3543,3152 3636,3172 3741,3137 3799,3172 3932,3149 3949,3162 3989,3139 4022,3152 4025,3052 3952,3052 3899,3022 3839,3042 3824,3027 3799,3034 3736,3069 3641,3037 3546,3054"/>
                <Baseline points="3557,3103 3581,3103 3670,3103 3760,3097 3849,3097 3939,3091 4028,3097"/>
                <TextEquiv>
                    <Unicode>stets ergebener</Unicode>
                </TextEquiv>
            </TextLine>
            <TextLine id="tr_2_tl_29" custom="readingOrder {index:28;}">
                <Coords points="4887,3129 4945,3159 4975,3139 5073,3144 5100,3129 5140,3154 5253,3132 5386,3149 5391,3034 5283,3032 5248,3014 5213,3037 5178,3017 5115,3027 5033,3004 4892,3029"/>
                <Baseline points="4900,3127 4947,3127 5037,3127 5126,3121 5216,3115 5305,3115 5395,3115"/>
                <TextEquiv>
                    <Unicode>Arthur Schnitzler</Unicode>
                </TextEquiv>
            </TextLine>
        </TextRegion>
    </Page>
</PcGts>
