5777 3639
1101 385 1418 515 - 2 -
601 573 2534 706 selbst wenn ich weiss, wie es besser zu machen wäre. Es hat in Berlin
593 711 2438 830 und Wien bei der Erstaufführung viel Erfolg gehabt; in Berlin ver-
593 797 2501 895 schwand es bäld; hier scheint es sich zu halten. Irgend eine Zukunft
591 910 2614 998 hat es gewiss nicht - und wahrhaftig nicht nur wegen seiner Traurigkeit!-
719 993 2401 1083 Nun hab ich was geschrieben, das mir lieber ist; drei kleine
601 1063 2426 1176 Stücke, von denen das eine "der grüne Kakadu", das beste, grossen
603 1151 2514 1259 Schwierigkeiten begegnet. In Berlin haben sie es verboten;- hier will
601 1259 2426 1360 die Hofcensur die unmöglichsten Änderungen. Es spielt am Abend der
588 1350 2504 1443 Bastillenerstürmung zu Paris - aber ich soll den "Blutgeruch" heraus-
601 1445 2534 1546 streichen. Auch dass ein Herzog umgebracht wird, will den Leuten nicht
588 1543 2474 1647 gefallen. Ich freu mich Ihnen das Ding bald zu schicken; es wird Sie
601 1644 2577 1729 wahrscheinlich amusiren. Und jetzt bin ich mit einer ganz phantastischen
588 1704 2559 1820 fünfactigen Sache beschäftigt; mir scheint überhaupt als käme ich jetzt
606 1817 2514 1928 in andre Gegenden. Wer weiss, ob alles Bisherige nicht doch nur Tage-
601 1893 2476 2016 buch war; wenigstens von einer gewissen Zeit an. (Denn früher einmal,
583 2001 2516 2101 von meinem 9.bis zu meinem 20. Jahr hab ich geschrieben, "wie der Vogel
593 2079 2541 2200 singt - ich muss damals sehr glücklich gewesen sein; denn ich erinnere
588 2182 2564 2300 mich gar nicht, wie ichs eigentlich gemacht habe. Ich habe noch manches;
586 2288 2529 2363 Truuerspiele und Fastnachtsspiele ud komische Romane; nahezu durchaus
588 2368 2350 2494 blödsinnig; aber ich habe selbst zu der Zeit, da ich diese Dinge
583 2471 2433 2569 schrieb, nie das Bedürfnis gehabt, es irgend wem zu zeigen. So wird
588 2572 2365 2687 man zudringlicher, niedriger undunfröhlicher von Jahr zu Jahr.-)
822 2622 2448 2768 Hoffentlich schwingt sich Beer-Hofmann auf, Ihnen nebst zu
571 2748 2433 2848 schreiben; faul ist er allerdings enorm. Sie wissen wahrscheinlich
571 2833 2504 2951 nicht einmal, dass er geheiratet hat, Paula, die Sie kennen, auch hat
576 2926 2476 3011 er schon zwei Töchter, die Mirjam und Noemi heissen. Aber seine neue
576 3009 2549 3132 Novelle (was ich davon kenne ist wunderschön) ist noch nicht fertig. Ist
3942 480 4135 588 3
3577 649 5467 827 Ihnen ein Roman bekannt, die Juden von Zirndorf, von Wassermann? Ich
3590 809 5465 897 glaube, das ist derjenige Mensch, der den deutschen Roman vom Anfang
3587 877 5465 988 des nächsten Jahrhunderts schreiben wird. Sind Ihnen die Novelletten
3590 948 5490 1078 zugekommen, die ich Ihnen im Frühjahr schickte? ("Frau des Weisen".-
3781 1071 5465 1184 Von Ihren Ausflug nach Polen und Ihrem Empfang haben wir hier
3590 1161 5493 1277 gelesen; dagegen habe ich von Ihren Gedichten absolut nichts gewusst.
3590 1257 5488 1383 Werden Sie sie übersetzen lassen? Sind sie schön? Haben sie sie gern?
3600 1335 5475 1448 Wie viele Stunden hat Ihr Tag! Zu allem haben Sie Zeit. Und alles be-
3595 1448 5440 1589 wahren Sienauf, das ist das Bewunderungswürdige, und darum sind Sie
3592 1526 3864 1641 so reich.
3803 1616 5440 1740 Ich wünschte, Sie würden gleich gesund, reisten wieder nach
3590 1724 5488 1820 Italien, und blieben auch ein paar Tage in Wien. Ein Wort von Ihnen,
3595 1825 5055 1900 wieis Ihnen geht, brächte mir jedenfalls viel Freude.
3796 1883 5005 2008 Herzlich grüsst Sie Ihr Ihnen treuergebener
4967 1976 5490 2124 Arthur Schnitzler
3587 2069 3997 2205 Wien, 12.I.99.
