5824 3641
1183 381 1353 579 2ème
583 552 2226 679 immer sein sollte, und nur so selten ist, erkennen gelernt.
576 657 2455 776 In diesen "Hauptströmungen der Literatur des XIX. Jahrhunderts" haben
574 757 2443 860 Sie eine Kultur- in gewissem Sinn eine Weltgeschichte, denn es war
581 836 2479 960 die Geistesgeschichte des XIX. Jahrhunderts, die Sie vor uns abrollen
612 941 2474 1057 liessen. Wir sahen, wie die Welt sich in den Geistern des 19.Jahr¬
595 1041 2465 1164 hunderts spiegelte, wie sie sich in den verschiedensten Köpfeh spie-
583 1119 2441 1219 gelte, und so erfuhren wir mehr auch von den politischen Zuständen
583 1214 2465 1343 der betreffenden Epoche, als uns in irgend einer fachlichen Weltge-
600 1307 1536 1417 schichte gezeigt zu werden pflegt.
1700 1298 2424 1407 In anderen Stimmungen wird
600 1391 2357 1486 Und Sie schufen Gestalten, wie auch ein Dichter sie nicht anders
598 1460 2460 1595 schaffen könnte, wenn Sie uns die einzelnen Dichtergestalten der Ro-
624 1553 2484 1679 mantik, des jungen Deutschland, des französischen Emligrantentums
598 1645 2515 1767 vor Augen stellen und was diese Gestalten so lebendig machte, das war,
600 1750 2453 1843 dass keine isoliert vor uns stand, dass sie einander die Hände sch
593 1829 2474 1948 reichten, ebenso wie Sie auch niemals irgend ein literarisches Werk
595 1915 2500 2024 als isolierte Erscheinung betrachteten, sondern immer an irgend einem
595 2017 2496 2119 Zusammenhang mit den andern Werken des betreffenden Dichters und alle
600 2107 2467 2200 diese Werke wieder in einer Beziehung zu seiner gesamten Existenz,
612 2207 2465 2298 zu seiner Entwicklung und zu der Epoche, innerhalb deren er wirkte.
600 2293 2479 2381 Ja, der Beziehungen, der Zusammenhänge, der Atmosphäre, des Horison-
612 2365 2460 2479 tes, des Erdreichs waren Sie sich in jedem Augenblick bewusst, wel-
612 2476 2474 2577 ches Detail es auch war, von dem Sie eben zu reden hatten.
650 2565 2441 2650 vor ich ihnen, vor einem Darge, wer immer darin ruht, sind wir gewohn
598 2634 2484 2767 Kontinuität im räumlichen wie im zeitlichen Sinn,- sie war und ist
607 2727 2465 2827 immer für Sie vorhanden. Der Geschichtssinn, im weitesten Sinn des
624 2805 2479 2910 Wortes, erschien mir stets als das Wesentlichste Ihres Genies. Die-
607 2888 2505 3029 ser Geschichtssinn, der sich keineswegs bei jedem Geschichtsforschehr
622 3012 2517 3119 bei jedem Geschichtslehrer findet, der eben eine angeborene Gabe für
624 3074 2431 3236 sich ist, und dessen Vorhandensein erst den wahren Historiker be-
3527 607 5367 776 kundet, xxx und über seinen Kutscher dieselbe Sonne scheint, wie
3508 767 5401 888 Die meisten Menschen, für uns alle in unseren schwächeren Stunden
3531 864 5317 964 ist die Vergangenheit so sehr wir sie auch zu erfassen trachten,
3531 957 5401 1048 doch beinahe niemals lebendig in dem Sinn, dass wir sie als gleich-
3531 1024 5294 1138 wertig mit der wegenwart zu empfinden vermögen. Denken wir ver-
3550 1112 5444 1245 gangener Epochen, vergangener Persönlichkeiten vorgangener Ereignis-
3531 1219 5401 1319 se, so erscheinen uns doch alle diese Dinge irgendwie als wenn wir
3550 1288 5384 1412 ein Kostümstück auf dem Theater sehen. In anderen Stimmungen wird
3543 1405 5341 1495 uns die Vergangenheit gleichsam einen Zug von Gespenstern bedeu¬
3531 1479 5374 1586 ten, kurzum, wir vermögen uns nie vollkommen von dem Bewusstsein
3550 1567 5448 1669 zu emaripieren, dass es sich um Verstorbene handelt. Und wir stellen
3539 1653 5413 1769 uns nun einmal Leuten, die den Tod hinter sich haben, unwillkürlich
3543 1743 5398 1853 anders ein als solchen, die ihm noch entgegengehen. Ich will nicht
3541 1836 5353 1943 von einem Michelangelo, nicht von einem Caesar oder von einen
3543 1910 5374 2024 Amenhote sprechen. Aber auch einen Lastträger, der zu Zeiten von
3539 2007 5241 2115 Julius Gaesar durch die Strassen Roms ging, dem Farbenreiber
3543 2110 5413 2210 Raphaels, den Kutscher, der Voltaire an jenem grossen Abend ihn zum
3550 2179 5424 2298 Theater führte, sehen wir anders als wie einen Lastträger von heute,
3555 2281 5389 2396 einen Farbenreiber von heute, als wir z.B. den Chauffeur sehen, der
3555 2372 5446 2479 Georg Brandes vom Bahnhof ins Hotel führt. Einfach der Umstand, dass
3543 2472 5413 2572 diese Individuen tot sind, erfüllt uns mit einem gewissen Respekt
3555 2527 5436 2657 vor ihnen, vor einem Sarge, wer immer darin ruht, sind wir gewohnt,
3555 2627 5422 2753 den Hut zu ziehen. Und diese Distenz der Ehrfurcht, der Unheimlich-
3541 2722 5413 2846 keit und Endgültigkeit verändert uns irgendwie des Bild eller Men-
3550 2817 5365 2927 schen, die nicht mehr sind. Der Historiker von innerem Berufe ist
3555 2903 5446 3005 von derertigen Stimmungen, von derartigen seelischen Irrtümern frei.
3550 3017 5424 3112 Er fühlt ununterbrochen, dass über Geeser, wie übr den Lastträger,
3784 3100 4305 3229 unsch, wenn durch ein
4601 3086 5353 3227 gleichen Zufall all Ihre ande¬
