5770 3593
1479 466 2146 602 Marienlyst, 25. Juli 906.
477 647 1154 803 Verehrter Herr Brandes,
700 711 2264 840 Ja ich bin noch hier und werde mich sehr freuen, Sie am
495 803 1633 930 Samstag zu sehen. Um 6.15 kommt Ihr Zug.
717 898 1033 1037 Herzlichst
1563 943 2091 1064 Arthur Schnitzler
3272 493 3880 645 28) (Ansichtskarte)
3783 602 4734 750 (von der Hand Dr. Paul Goldmanns)
4279 776 5371 916 Welsberg im Pustertal, 81. August (1907)
3367 978 4346 1122 Herzliche Grüsse Dr. Paul Goldmann
3377 1097 4521 1296 (von der Hand A.S.') Arthur Schnitzler
