5770 3593
1079 325 1323 483 - 3 -
512 495 2235 680 finden. Dies Gefühl, ich will es gestehn, verliess mich selten
517 581 2432 729 während meiner Arbeit - und in diesem Gefühl verzieh ich mir mancher-
527 712 2321 845 lei - vielleicht zu viel. Und - immer wieder in diesem selben Ge-
522 779 2341 912 fühl - was ich so niedergedrückt und hoffnungslos, dass ich sagte:
522 884 2316 1027 Wie schön war dieser Roman,- eh ich ihn geschrieben habe! - Jetzt
542 983 2412 1121 aber, da er fertig ist, schätz ich ihn höher, als alles, was ich bis-
522 1074 2395 1220 her gemacht - und ich danke Ihnen herzlich für all das gute, das Sie
535 1160 2410 1276 mir darüber schreiben — und dank Ihnen noch mehr, dass Sie in meinen
540 1249 2370 1394 Sachen etwas Verwandtes spüren. Was Ihre Freundschaft mir bedeutet,
547 1355 2378 1483 brauch ich Ihnen wohl nicht mehr zu sagen. Ich hoffe, wir sehen uns
547 1439 2368 1555 wieder, und nichtin gar zu ferner Zeit, kommen Sie denn gar nicht
535 1560 981 1665 mehr nach Wien?
771 1633 2368 1737 Meine Frau bittet mich, in guter Marienlyster Erinnerung,
532 1712 2358 1865 Sie bestens zu grüssen. Wir haben keinen guten Winter hinter uns;
547 1821 2410 1949 meine Frau hatte einen schweren Scharlach. Zwei Monate war das Kind
544 1912 2422 2030 deshalb ausser Hause; seit dem Frühjahr sind wir viel herumgefahren;
554 2010 1855 2131 erst seit ein paar Tagen arbeit ich wieder was.
771 2099 1429 2225 In treuer Verehrung Ihr
1380 2171 1897 2299 Arthur Schnitzler
3516 330 3676 451 1641
4373 318 5403 525 XVIII, Sternwartestr. 71 Wien, 19.I.911.
3405 515 4078 646 Verehrter Herr Brandes,
3757 574 5287 702 mit Ihrem Brief über den Medardus hab ich mich sehr ge-
3410 658 5275 835 freut. Der Erfolg hier dauert an; das Burgtheater hatte seit Jahren
3425 783 5248 899 nicht eine solche Reihe von ausverkauften Häusern; übrigens ist es
3432 840 5307 998 eine vortreffliche Aufführung, und es wäre mirmeine wirkliche Genug-
3439 909 5364 1084 thuung, wenn Sie sie einmal sehn könnten. Natürlich ist unendlich viel
3434 1045 5206 1178 gestrichen; darunter Scenen von bedutender Wichtigkeit - und ich
3432 1131 5277 1257 selbst war der Streicher; von der alten Theaterfahrung ausgehend,
3425 1237 5334 1355 dass das Publikum gegen Längen empfindlicher ist als gegne Lücken. Ich
3430 1348 5267 1446 hatte das Stück geschrieben, ohne die Eventualität einer Aufführung
3430 1444 5329 1550 Überhaupt in Betracht zu ziehn, liess meine Phantasie und meine Feder
3442 1537 5302 1641 laufen, wie es ihnen beliebte, hatte aber natürlich immer die leben-
3430 1631 5277 1727 digen Bühnenbilder vor mir, ohne recht zu glauben, dass es mir ver-
3439 1675 5401 1823 gönnt sein würde, sie je in Wirklichkeit zu erblicken. Schon Schlenther
3434 1774 5413 1917 nahm das Stück an, konnte sich aber in bekannter Weise nicht entschlies-
3442 1865 5346 2008 sen, seine Absicht zur That zu machen; erst dem Baron Berger verdankt
3442 1998 5369 2094 das Stück sein Erwachen zum Bühnenleben. Seither ist schon manches an-
3447 2045 5319 2190 dere fertig geworden und Sie, verehrter Freund, der allen meinen Ar-
3434 2146 5322 2286 beiten mit so wohltuenden Interesse entgegen kommt, werden natürlich
3452 2267 5415 2373 auch in den neuen und neuesten Fällen die Consequenzen zu tragen haben.-
3454 2338 5302 2471 Denken Sie nicht dran, dach langer Zeit endlich wieder nach Wien zu
3454 2412 5304 2548 kommen? Wie gern möchte ich mit Ihnen reden, Sie in meinem Hause be-
3454 2555 5322 2651 grüssen— "Mein Haus" sag ich, denn im vergangenen Sommer hab ich von
3454 2612 5356 2747 Frau Bleibtreu, der Witwe des Schauspielers Römpler - (sie spielt die
3442 2710 5332 2843 Frau Klaehre im Medardus), eine kleine Villa in Cottage gekauft, die
3454 2787 5388 2917 ich mit Frau und Kindern— (den Buben, der jetzt 8 Jahre ist, kennen Sie
3452 2890 5401 3028 von Marienlyst her, das Mädchen ist kaum anderthalb Jahre alt) bewohne.
3454 2981 5304 3151 So darf ich mich mancher inneren wie äusseren Erfolge erfreuen, und
