5840 3641
1721 372 2117 534 V. P. I. S.
1537 543 1960 624 Wien, 31.12.97.
1525 592 1995 698 IX, Frankgasse 1.
546 739 1290 918 Verehrtester Herr Brandes,
930 788 2330 947 Was für eine erfreuliche Nachricht, als erste nach
558 888 2401 1079 so langer Zeit! Sowohl Beer-Hofmann als ich sind in Wien und freuen
558 981 2457 1170 uns sehr, Sie sobald wiederzusehen. Als Hotel wird mir in der letzten
580 1070 2379 1263 Zeit das "Residenz-Hotel" in der Einfaltstrasse, sehr gut gelegen,
583 1163 2408 1327 empfohlen; es ist nicht absolut ersten Ranges, scheint mir aber an-
585 1248 2425 1449 genehmer als die grossen Hotels, Imperial, Grand Hotel, Bristol. Viel-
592 1341 2372 1525 leicht schreiben Sie mir noch näheres über Ihre Wünsche; Auf eine
597 1454 2127 1610 weitere Nachricht vor Ihrem Kommen dürfen wir ja hoffen?
923 1552 1965 1681 Mit herzlichen Grüssen Ihr ergebenster
1943 1603 2438 1711 Arthur Schnitzler
5267 372 5433 494 1,1,45
3759 357 4031 485 „ „
4606 426 5012 548 Wien, 27.3.98.
3578 595 4315 751 Verehrtester Herr Brandes,
3789 690 5350 839 es war wirklich nicht nowendig, uns für etwas zu danken,
3581 795 5524 915 was uns selbst so viel Freude gemacht hat wie die Möglichkeit, während
3581 888 5355 1018 Ihres Wiener Aufenthalts einige Stunden mit Ihnen zu verbringen;
3581 989 5384 1099 Jedenfalls aber freut mich Ihre liebe Nachricht aus Sicilien, die
3586 1074 5514 1199 mir von Ihrem Wohlbefinden so angenehme Kunde gibt. Über Ihre Aufnahme
3598 1158 5509 1302 in Rom hatte ich schon irgendwo gelesen; der ungestörte Fortgang Ihrer
3590 1253 5463 1385 Reise liess mich auch vermuthen, dass Sie von Hause günstige Mittei-
3595 1363 5470 1473 lungen erhielten, was mir nun durch Ihren Brief erfreulich bestätigt
3588 1456 5443 1574 wird. Wir haben auch aus Kopenhagen Ihre Bücher geschickt bekommen;
3590 1544 5500 1645 herzlichen Dank dafür. Den Band aus den Hauptströmungen hab ich schon
3595 1637 5500 1757 gekannt, in der früheren Ausgabe; dagegen habe ich Ihre Rede über das
3603 1740 5458 1831 Nationalgefühl zum ersten Mal gelesen. Ich glaube, dass sie als ein
3610 1811 5490 1941 wahres Muster ihrer Gattung gelten kann, da sie schwungvoll und sach-
3603 1914 4109 2029 lich zugleich ist.
3843 1985 5446 2102 Die Aufnahme des "Freiwild", nach der Sie sich erkundigen,
3603 2100 5551 2217 war hier am ersten Abend eine sehr gute; die Kritik war im ganzen wenig
3625 2168 5529 2301 wohlwollend. Sie wissen, dass ich selbst eine geringe Meinung von dem
3603 2264 5553 2391 künstlerischen Werth dieses Stücks habe; aber davon war wenig die Rede.
3627 2389 5392 2472 Dagegen ist bei der Besprechung der angeblichen Tendenz xxx viel
3615 2462 5500 2575 Bernirtheit und Verlogenheit aufgeflogen - wie Staubwolken, wenn ein
3622 2553 5482 2663 galoppirendes Ross über die Landstrasse jagt. Insbesondere die anti-
3613 2638 5517 2753 semitischen Blätter leisteten unglaubliches in Denunziationen. Es ist
3627 2739 5478 2864 schliesslich so weit gekommen, dass die Direktion des Theaters nach
3615 2839 5580 2942 sieben Vorstellungen "auf einen Vink von oben" (über den man mir selbst
3652 2922 5536 3062 nur unter 4 Augen Aufschluss geben wollte, was ich nicht annahm) das
3630 3037 4070 3155 Stück absetzte.-
