5777 3639
1540 373 2013 566 Votre très bien à l'abordin.
1667 549 1925 683 24.2.99.
678 900 1427 1088 Verehrtester Herr Brandes,
971 976 2450 1120 heute sende ich Ihnen das Manuscript "der grüne Kaka-
608 1103 2420 1266 du“. Es ist der dritte von 3 Einaktern, die bald auch als Buch er-
622 1171 2379 1357 scheinen werden. Aber diese „Groteske“ möchte ich gern in Ihren
610 1283 2442 1444 Händen wissen, bevor sie aufgeführt wird. Die Hoftheatercensur hat
617 1359 2491 1523 sie freigegeben, nur wenige Stellen (Sie werden sich beim Durchlesen
622 1479 2420 1613 leicht denken können, welche) sind gestrichen. Am ersten März wird
617 1564 2364 1730 der Kakadu mit den zwei anderen Einaktern zusammen aufgeführt.-
1025 1627 2445 1798 Ich hoffe, dieser Brief trifft Sie schon in voller
620 1749 2579 1915 Gesundheit an, Ihre Karte vom 22.Januar hat ja bereits einen hoffnungs-
627 1810 2508 1998 volleren Ton. Möge ich und wir alle, die Sie lieben, bald das aller-
627 1976 1269 2113 beste von Ihnen hören!
1057 1976 2542 2189 Ich grüsse Sie von Herzen als Ihr aufrichtig ergebener
1674 2106 2189 2220 Arthur Schnitzler
3550 339 3806 498 14:-:-
4270 366 4419 478 V. A. P.
4616 349 4995 527 rien 8.5.99
3233 420 3387 547 15)
3506 598 4455 752 Lieber und verehrter Herr Brandes,
3726 708 5263 837 zugleich mit diesem Brief geht ein neues Buch an Sie ab,
3499 817 5305 913 das 3 Einakter von mir enthält. Sie werden schon ziemlich viel ge-
3509 876 5346 1003 geben und insbesondere der „Kakadu“ amusirt die Leute sehr. - Weiter
3497 998 5314 1091 kann ich Ihnen heute kaum was sagen. Vor sieben Wochen ist das Ge-
3506 1091 5224 1196 schöpf begraben worden, das ich von allen Menschen der Erde am
3506 1174 5351 1286 liebsten gehabt habe, meine Geliebte, Freundin und Braut- die durch
3506 1261 5431 1381 mehr als vier(?) Jahre meinem Leben seinen ganzen Sinn und seine ganze
3506 1366 5439 1481 Freude gegeben hat,- und seither dämmere ich hin, aber existiere ükaum
3511 1449 5429 1552 mehr. Aus der Fülle der Gesundheit und Jugend het sie eine blödsinnige
3511 1527 5380 1654 und tückische Krankheit innerhalb zweier Tage ins Grab gerissen, und
3506 1642 5385 1728 ich habe sie sterben gesehen, bei vollem Bewusstsein sterben gehehn.
3511 1732 5449 1820 Bitte sagen Sie mir kein Wort darüber. Ich musste es Ihnen aber sagen.-
3745 1830 5422 1928 Jener dänische Schriftsteller hat sich bei mir nicht blicken
3506 1915 5370 2037 lassen. Allerdings war ich einige Male von Wien abwesend. Lassen Sie
3494 2013 5407 2142 mich recht bald hören wie es Ihnen geht, ob Sie endgiltig gesund sind
3511 2111 4914 2220 und wie Sie mit Ihren Plänen für den Sommer stehn.-
3721 2184 5446 2311 Paul Goldmann ist wieder in Fraknkfurt und reist viel für sein
3499 2281 3699 2406 Blatt.
3697 2328 5366 2496 Richard Beer-Hofmann hat zwei Kinder, Mirjam und Noemie, und
3511 2467 4063 2582 befindet sich wohl.
3701 2574 5000 2701 Ich grüsse Sie von Herzen als Ihr treuergebener
4729 2669 5226 2782 Arthur Schnitzler
3497 2750 3838 2850 Wienß.5.99
