5822 3594
1853 307 2309 432 Wien, 30.1.1922.
667 416 2656 493 Mein lieber und verehrter Freund, es trifft sich gut, dass ich Ihnen auf
667 504 2704 645 Ihren letzten Brief noch zu antworten habe, so darf ich, ganz nebenbei und
667 600 2664 688 gewissermassen unabsichtlich die Gelegenheit benützen und Ihnen zu Ihrem
659 669 2637 784 80. Geburtstag Glück wünschen, von dem Sie natürlich nichts hören wollen.
659 768 2685 880 Aber wenn solche Daten auch nicht viel Sinn haben, - man darf zu einem
645 877 2552 979 solchen Tag rückhaltloser allerlei aussprechen, was sonst vielleicht
667 947 2544 1059 pathetisch oder sentimental klänge, und so erlauben Sie mir nur ganz
648 1051 2608 1149 einfach hier niederzuschreiben; dass unter den Menschen, die älter sind
653 1114 2610 1248 als ich und denen ich nicht eben durch die engsten verwandtschaftlichen
653 1229 2666 1336 Bande verknüpft war, kaum Einer ist, dem ich so von Herzen und von Geiste
648 1344 2685 1434 zugetan war und bin als Ihnen,-Georg Brandes- und der mir- nicht nur durch
651 1434 2704 1560 seine Werke, sondern durch sein Sein, sein Dasein,-mein Bewusstsein von sei-
635 1528 2613 1608 ner Gegenwart in der Welt so viel gegeben hat als Sie! Möchten Sie doch
635 1626 2712 1714 allen die Sie lieben und bewundern, noch lange erhalten bleiben, - und möchte
635 1693 2725 1824 es das Schicksal fügen, dass wir einander wieder einmal persönlich begegnen.
931 1789 2664 1904 Was in jenem "Interview" gestanden, weiss ich natürlich nicht;-
624 1866 2701 1981 mir war es bisher ganz unbekannt, dass mich ein dänischer Journalist inter-
629 2005 2706 2096 viewt hat;- es waren 2 oder 3 Herren aus Dänemark im Lauf der letzten Jahre
627 2072 2693 2221 bei mir, und ich habe mich mit ihnen über allerlei unterhalten,-hoffentlich
627 2157 2709 2309 war das, was diesen Besuchern in Erinn rung verblieben, nicht so confus wie
621 2226 2626 2373 das Zeug, was ich gleichfalls als "Interview" mit mir, vor einem Jahr in
629 2354 2653 2445 einer amerikanischen Zeitung zu lesen bekam.- Nun Sie haben wohl ähnliche
624 2426 2677 2538 Erfahrungen gemacht. Es freut mich schon aus Ihrem Brief zu entnehmen, dass
611 2536 2730 2634 ich immerhin über Sie, lieber Freund, nichts böses geäusert zu haben scheine.
608 2632 2728 2757 Mit dem „Reigen“ hab ich freilich allerlei dummes erlebt;- was mir aber kaum
611 2701 2664 2829 nachgegangen ist. Das schlimmste erfährt man ja immer (auch das wird Ihnen
616 2824 2642 2957 nicht neu sein) nicht von den Gegnern,- sondern von den Freunden,-die den
619 2896 2706 3026 besseren Theil der Tapferkeit, die Vorsicht wählen. Aber es ist schon wahr,-
616 3034 2757 3176 unter den zahlreichen Affairen meines Lebens, ist es wohl diese letzte, in der
4237 211 4599 445 : 1: 11: 1
5490 312 5682 472 18/1
4258 419 4461 533 - 2 -
3573 520 5671 661 Verlogenheit, Unverstand und Feigheit sich selbst übertroffen haben. (Dabei
3578 645 5682 736 gesteh ich ohne weiters zu, dass gegen die Aufführung des “Reigens“ immerhin
3573 736 5615 864 auch ehrliche Einwendungen möglich sind-aber solche ehrleichen und disouta-
3578 837 5570 915 beln Einwendungen sind eben in hundert Fällen, wo sie auch und besser am
3573 925 5570 1032 Platze gewesen wären, nicht erhoben worden. Ich lege hier übrigens einen
3573 1016 5508 1136 Artikel bei- das einzige Document, in dem ich mich persönlich zu Worte
3573 1104 4799 1210 habe kommen lassen;- er erklärt sich selbst.
3786 1194 5543 1317 Meine beiden Casanova Sachen, das Lustspiel“Die Schwestern“ und
3573 1296 5522 1410 die Hovelle "Casan.Heimfahrt" sind so entstanden, dass mir zwei Stoffe,
3559 1397 5682 1496 die schon geraume Zeit unter meinen Papiere lagen, durch die Leozüre der Ca-
3562 1482 5666 1597 sanova Memoiren plötzlich zu lebendig geworden sind. Die Beschäftigung damit
3573 1573 5610 1674 bedeutete keine bewusste Abkehr von der Zeit. Zu den Ereignissen selbst
3549 1658 5519 1760 hätt ich natürlich geschwiegen-gelegentlich musste man sich nur melden,
3562 1746 5551 1845 um gegen eine Verleumdung oder gar gegon Miss/brauch seiner Unterschrift
3562 1842 5522 1946 zu protestieren - Überraschungen habe ich eigentlich nicht erlebt,- die
3562 1922 5402 2029 existieren für Unser Einen doch wohl nur in quantitativer Hinsicht.
3805 2026 5508 2149 Die Zustände in Wien sind übel genug,- Die Preissteigerungen
3549 2117 5647 2240 phantastisch 1000 - 2000 fach,- dabei ungeheur viel Luxus;- und mehr stilles
3546 2216 5586 2346 Elend als sichtbares. Die denen es am schlechtesten geht, halten weder Um-
3554 2317 5599 2402 züge noch plündern sie. Wie es weiter gehen soll, weiss niemand. Wirkliche
3549 2402 5615 2506 Hilfe kann natürlich von aussen – auch durch die berühmten Credite, nie und
3546 2501 5559 2594 nimmer kommen,- es müssten die ausserordentlichen inneren national-ökond-
3543 2594 5647 2682 mischen Möglichkeiten unseres Landes mit Energie und ohne jede Rücksicht auf
3562 2669 5532 2786 partei-Politische Interessen ausgenutzt werden;- aber vielleicht ist es
3538 2760 5666 2869 heute schon zu spät dazu. An ein Zugrundegehen von Wien glaub ich nicht (etwa
3543 2880 5628 2981 im Sinne von Venedig-, aber als was es sich erheben und wieder emporblühen
3543 2978 5002 3061 soll- und wann, das vermag ich nicht vorauszusehen.-
3797 3061 5650 3194 In meinen äusseren Verhältnissen- da wo sie schon die innern sind -
