5770 3593
1473 302 1628 449 G.C.H.F.P.
1548 396 2076 511 (Südtirol) 4.7.908.
1530 496 2014 586 Seis am Schlern
481 501 1216 643 Verehrtester Herr Brandes,
703 558 2298 700 Sie haben wohl recht, dass in meinem Buch zwei Romane ent-
494 668 2293 803 halten sind, und das künstlerisch genommen, der Zusammenhang kein
489 775 2378 895 absolut notwendiger sein mah. (Ich tröste mich gleich damit, dass an-
486 877 2395 992 dre Autoren manchmal auch glauben, sie hätten einen Roman geschrieben
494 972 2393 1069 - und es ist gar keiner.) Schon während meiner Arbeit hab ich immer ge-
489 1057 2283 1162 fühlt, dass es so kommen wird - aber ich konnte - oder wollte mir
494 1149 2278 1259 nicht helfen. Denn so sorgfältig das Buch componiert, es ist doch
506 1256 2438 1363 erst so recht geworden, während ich es schrieb. Denken Sie, was eigent-
511 1338 2343 1446 lich der Kern war, um den sich allmälig das ganze gruppierte: Eine
499 1426 2425 1535 Scene, in der ein thörichter Bruder den Geliebten seiner Schwester als
506 1553 2340 1628 «Verführer" zur Rede stellt und von ihm glänzend geschlagen wird. Es
486 1618 2306 1735 hätte damals, als mir dieser kleine Einfall kam, ein Stück werden
486 1710 2400 1825 sollen. (Dieser ganze Einfall ist jetzt in einem beinah überflüssigen
496 1792 2418 1912 Sätzchen des 5. Capitel enthalten.) Dann schwebte mir eine Novelle vor:
506 1899 2345 2011 ein junges Mädchen, das sich aus theoretischen Gründen zu einem Ge-
511 1967 2448 2086 liebten entschliesst und sich in ihre Stellung nicht hineinfinden kann.
523 2091 2393 2191 Dann spukte mir eine Komödie im Kopf, mit dem Titel die Entrüsteten,
499 2141 2500 2291 wofür schon die meisten Figuren, die sich jetzt im Roman vorfinden, fest-
518 2241 2450 2385 standen, und noch einige andre. Nun dürfen Sie natürlich nicht glauben,
528 2340 2430 2448 dass ich diese Einfälle und Vorsätze sozusagen mit Absicht ineinander
506 2433 2410 2562 verschmolzen habe - sondern sie flossen ineinander, ganz ohne mein Zu-
516 2525 2405 2647 thun - sodass ich unmöglich daran hätte etwas ändern können. Ich habe
499 2615 2418 2737 nichts hineingestopft, weil ich eben Gelegenheiten suchte, gewisse An-
511 2714 2398 2846 sichten oder Aphorismen anzubringen - sondern im Laufe der Erzählung,
511 2831 2443 2929 vielmehr schon während der Vorarbeiten, war jede Gestalt mit ihren An-
511 2894 2425 3061 schauungen dahingerückt, wo sie nun stehen geblieben ist. Mir war das
511 3003 2465 3151 Verhältnis Georgs zu seiner Geliebten immer geradeso wichtig, wie seine
3978 329 4210 513 - 2 -
3335 653 5234 793 Beziehung zu den verschiedentlichen Juden des Romans - ich habe eben
3327 780 5150 877 ein Lebensjahr des Freiherrn von Wergenthin geschildert, in dem er
3327 847 5150 975 über allerlei Menschsen und Probleme und über sich selbst ins Klare
3327 947 5162 1057 kommt. Manche von diesen Problemen sind mir selbst allerdings erst
3335 1032 5072 1164 im Laufe der Arbeit zu ihrer eigentlichen Bedeutung erstanden;-
3325 1137 5115 1241 obwohl sie ja von Anbeginn in den Geschehnissen enthalten waren;
3345 1236 5267 1353 insbesondere das Problem der Schuld und der Verantwortung. Ganz flüch-
3345 1319 5145 1461 tig, gewissermassen wie ein Spass, kam mir sogar der Gedanke, das
3335 1406 5167 1533 Buch "Die Mörder" zu nennen oder "Die Schuldig-Unschuldigen"- (ein
3347 1493 5312 1608 Spass wie gesagt) - aber fiel es Ihnen nicht auch auf, wie sowohl Georg
3345 1588 5249 1717 als Heinrich Hermann als Leo Golowski jeder ein Menschenleben auf dem
3352 1690 5217 1800 Gewissen haben? Georg metyphysisch oder in der Einbildung der Mörder
3352 1775 5299 1887 seines ungeborenen Kindes - Heinrich lässt seine Geliebte aus Eitelkeit
3382 1874 5269 2014 - oder "Trägheit des Herzens" (um den Titel des neuen Wassermannschen
3357 1957 5314 2074 Romans zu citieren) zu Grunde gehen - Leo bringt seinen Gegner im Duell
3370 2071 5252 2181 um. (Und keinem von ihnen ist innerlich freier zu Muth, als dem, der
3357 2149 5289 2251 just im üblichen Wortsinn getötet hat!) - Was Sie an einer Stelle Ihres
3357 2261 5354 2368 Briefes andeuten, ist mir auch in den Sinn gekommen: ob es nicht klüger,
3357 2338 5239 2443 künstlerisch klüger gewesen wäre, Georg zum Liebhaber einer Jüdin zu
3357 2420 5314 2550 machen. Ich konnte nicht. Die Gestalt der Anna stand von Anfang an eben
3357 2497 5292 2667 so unwidersprechlich als katholisch da. Und es kam mir ja schliesslich
3350 2592 5326 2727 nicht darauf an, irgendwas nachzuweisen: weder dass Christ und Jude sich
3352 2709 5312 2822 nicht vertragen, oder dass sie sich doch verträgen können - sondern ich
3382 2814 5292 2901 wollte, ohne Tendenz-Menschen und Beziehungen darstellen - die ich ge-
3365 2886 5277 3001 sehen habe (ob in der Welt draussen oder in der Plantasie bliebe sich
3347 3001 5279 3131 gleich.) Es freut mich so sehr, dass Sie inneren Reichtum in den Buch
