<?xml version="1.0" encoding="UTF-8" standalone="yes"?>
<PcGts xmlns="http://schema.primaresearch.org/PAGE/gts/pagecontent/2013-07-15" xmlns:xsi="http://www.w3.org/2001/XMLSchema-instance" xsi:schemaLocation="http://schema.primaresearch.org/PAGE/gts/pagecontent/2013-07-15 http://schema.primaresearch.org/PAGE/gts/pagecontent/2013-07-15/pagecontent.xsd">
    <Metadata>
        <Creator>prov=READ-COOP:name=TrHtr:version=2.1.0:model_id=51170:date=29_07_2023_11:05</Creator>
        <Created>2023-05-10T12:30:40.354+02:00</Created>
        <LastChange>2023-07-29T11:05:47.408+02:00</LastChange>
        <TranskribusMetadata docId="1428211" pageId="55403160" pageNr="5" tsid="131408666" status="IN_PROGRESS" userId="64420" imgUrl="https://files.transkribus.eu/Get?id=HCZMSGLIMUFAMRXDRAUXWYVX&amp;fileType=view" xmlUrl="https://files.transkribus.eu/Get?id=CQYZPKBHNVQLDCRGWQMSPOEX" imageId="44677981"/>
    </Metadata>
    <Page imageFilename="1428211_0005.jpg" imageWidth="5824" imageHeight="3641">
        <ReadingOrder>
            <OrderedGroup id="ro_1711795690948" caption="Regions reading order">
                <RegionRefIndexed index="0" regionRef="tr_1"/>
                <RegionRefIndexed index="1" regionRef="tr_2"/>
            </OrderedGroup>
        </ReadingOrder>
        <TextRegion id="tr_1" custom="readingOrder {index:0;}">
            <Coords points="632,505 2542,505 2542,3119 632,3119"/>
            <TextLine id="tr_1_tl_1" custom="readingOrder {index:0;}">
                <Coords points="1075,612 1180,616 1223,600 1247,616 1280,600 1302,607 1323,597 1319,516 1285,521 1159,459 1104,444 1068,449"/>
                <Baseline points="1086,555 1175,561 1265,567 1325,561"/>
                <TextEquiv>
                    <Unicode>- 76 -</Unicode>
                </TextEquiv>
            </TextLine>
            <TextLine id="tr_1_tl_2" custom="readingOrder {index:1;}">
                <Coords points="619,824 2305,824 2491,788 2491,714 1975,640 619,721"/>
                <Baseline points="632,781 722,781 811,781 901,781 990,781 1080,781 1169,775 1259,775 1348,775 1438,775 1528,775 1617,775 1707,775 1796,769 1886,775 1975,775 2065,775 2154,775 2244,781 2333,781 2423,787 2494,787"/>
                <TextEquiv>
                    <Unicode>zwischen den historischen Werken Voltaires und den historische</Unicode>
                </TextEquiv>
            </TextLine>
            <TextLine id="tr_1_tl_3" custom="readingOrder {index:2;}">
                <Coords points="650,924 2501,896 2501,829 2425,807 650,827"/>
                <Baseline points="662,883 716,871 805,877 895,871 984,871 1074,871 1163,871 1253,865 1342,871 1432,865 1522,865 1611,865 1701,871 1790,865 1880,871 1969,865 2059,865 2148,865 2238,865 2327,865 2417,871 2506,871"/>
                <TextEquiv>
                    <Unicode>Verken von Brandes, zwischen den Briefen, die der eine und die der</Unicode>
                </TextEquiv>
            </TextLine>
            <TextLine id="tr_1_tl_4" custom="readingOrder {index:3;}">
                <Coords points="631,989 2269,994 2398,963 2401,901 633,908"/>
                <Baseline points="644,960 704,960 793,966 883,960 972,960 1062,960 1151,960 1241,960 1331,955 1420,955 1510,955 1599,955 1689,955 1778,949 1868,955 1957,949 2047,949 2136,949 2226,949 2315,949 2405,949"/>
                <TextEquiv>
                    <Unicode>andere geschrieben hat, Vergleiche aufzustellen. Und dass, rein</Unicode>
                </TextEquiv>
            </TextLine>
            <TextLine id="tr_1_tl_5" custom="readingOrder {index:4;}">
                <Coords points="638,1075 2429,1089 2429,987 2136,967 638,994"/>
                <Baseline points="650,1050 740,1050 829,1050 919,1050 1008,1050 1098,1044 1187,1050 1277,1044 1366,1044 1456,1044 1545,1050 1635,1050 1724,1044 1814,1038 1904,1044 1993,1038 2083,1044 2172,1044 2262,1044 2351,1044 2435,1050"/>
                <TextEquiv>
                    <Unicode>äusserlich genommen, die Stellung Voltaires auf der Höhe seiner</Unicode>
                </TextEquiv>
            </TextLine>
            <TextLine id="tr_1_tl_6" custom="readingOrder {index:5;}">
                <Coords points="626,1170 2477,1187 2506,1063 626,1111"/>
                <Baseline points="638,1140 722,1140 811,1140 901,1140 990,1140 1080,1140 1169,1140 1259,1140 1348,1134 1438,1128 1528,1128 1617,1134 1707,1128 1796,1128 1886,1128 1975,1128 2065,1128 2154,1128 2244,1134 2333,1128 2423,1128 2512,1128"/>
                <TextEquiv>
                    <Unicode>Achtzigjährigkeit, zum Teile auch aus äusseren Gründen eine gewisser-</Unicode>
                </TextEquiv>
            </TextLine>
            <TextLine id="tr_1_tl_7" custom="readingOrder {index:6;}">
                <Coords points="619,1256 2272,1271 2491,1240 2491,1175 619,1192"/>
                <Baseline points="632,1229 722,1223 811,1223 901,1229 990,1229 1080,1229 1169,1223 1259,1223 1348,1223 1438,1223 1528,1223 1617,1223 1707,1223 1796,1217 1886,1223 1975,1217 2065,1217 2154,1223 2244,1223 2333,1217 2423,1223 2494,1229"/>
                <TextEquiv>
                    <Unicode>massen königlichere war als Brandes. sie heute einnimmt, das wissen</Unicode>
                </TextEquiv>
            </TextLine>
            <TextLine id="tr_1_tl_8" custom="readingOrder {index:7;}">
                <Coords points="626,1359 2434,1354 2434,1256 626,1276"/>
                <Baseline points="638,1313 728,1319 817,1313 907,1325 996,1331 1086,1331 1175,1331 1265,1325 1354,1325 1444,1331 1533,1325 1623,1325 1713,1325 1802,1325 1892,1325 1981,1319 2071,1319 2160,1319 2250,1319 2339,1319 2429,1319 2441,1319"/>
                <TextEquiv>
                    <Unicode>wir auch. wie Eigenart verspürten. Schon zu dieser Zeit bekommen</Unicode>
                </TextEquiv>
            </TextLine>
            <TextLine id="tr_1_tl_9" custom="readingOrder {index:8;}">
                <Coords points="619,1433 2310,1448 2468,1428 2470,1352 621,1354"/>
                <Baseline points="632,1408 722,1402 811,1402 901,1402 990,1402 1080,1402 1169,1408 1259,1402 1348,1402 1438,1396 1528,1396 1617,1396 1707,1396 1796,1396 1886,1390 1975,1390 2065,1390 2154,1390 2244,1390 2333,1390 2423,1402 2471,1408"/>
                <TextEquiv>
                    <Unicode>Aber worin sich die geistige Verwandtschaft zweier menschen sich</Unicode>
                </TextEquiv>
            </TextLine>
            <TextLine id="tr_1_tl_10" custom="readingOrder {index:9;}">
                <Coords points="650,1529 2501,1510 2501,1433 2372,1417 650,1431"/>
                <Baseline points="662,1498 716,1498 805,1492 895,1492 984,1486 1074,1492 1163,1492 1253,1492 1342,1492 1432,1486 1522,1492 1611,1486 1701,1486 1790,1486 1880,1486 1969,1486 2059,1480 2148,1486 2238,1486 2327,1486 2417,1480 2506,1486"/>
                <TextEquiv>
                    <Unicode>vielleicht am stärksten ausdrückt, das ist die Art ihrer Gegner. Und</Unicode>
                </TextEquiv>
            </TextLine>
            <TextLine id="tr_1_tl_11" custom="readingOrder {index:10;}">
                <Coords points="655,1617 2341,1622 2503,1603 2503,1514 655,1534"/>
                <Baseline points="668,1587 758,1581 847,1581 937,1581 1026,1581 1116,1581 1205,1581 1295,1575 1384,1575 1474,1575 1563,1575 1653,1575 1742,1575 1832,1569 1921,1575 2011,1575 2101,1575 2190,1575 2280,1575 2369,1575 2459,1587 2506,1587"/>
                <TextEquiv>
                    <Unicode>Ihre Feinde, Georg Brandes, wenn Sie heute noch solche haben, man</Unicode>
                </TextEquiv>
            </TextLine>
            <TextLine id="tr_1_tl_12" custom="readingOrder {index:11;}">
                <Coords points="643,1710 2494,1677 2460,1598 643,1610"/>
                <Baseline points="656,1677 710,1671 799,1677 889,1671 978,1671 1068,1671 1157,1665 1247,1665 1337,1665 1426,1665 1516,1665 1605,1659 1695,1665 1784,1665 1874,1659 1963,1659 2053,1659 2142,1659 2232,1665 2321,1659 2411,1659 2500,1659"/>
                <TextEquiv>
                    <Unicode>kann es sich eigentlich schwer vorstellen, so stammen sie jedenfalls</Unicode>
                </TextEquiv>
            </TextLine>
            <TextLine id="tr_1_tl_13" custom="readingOrder {index:12;}">
                <Coords points="650,1808 2267,1804 2446,1789 2446,1689 650,1708"/>
                <Baseline points="662,1760 752,1760 841,1760 931,1760 1020,1754 1110,1754 1199,1754 1289,1760 1378,1754 1468,1754 1557,1754 1647,1754 1736,1748 1826,1754 1916,1754 2005,1754 2095,1748 2184,1748 2274,1748 2363,1748 2453,1754"/>
                <TextEquiv>
                    <Unicode>aus der gleichen Gegend, in der man Voltaire sein gewaltiges Wort</Unicode>
                </TextEquiv>
            </TextLine>
            <TextLine id="tr_1_tl_14" custom="readingOrder {index:13;}">
                <Coords points="655,1885 2527,1868 2530,1780 657,1801"/>
                <Baseline points="668,1850 746,1850 835,1850 925,1844 1014,1844 1104,1844 1193,1844 1283,1844 1372,1844 1462,1844 1551,1844 1641,1838 1730,1838 1820,1838 1910,1838 1999,1838 2089,1838 2178,1844 2268,1838 2357,1838 2447,1838 2536,1844"/>
                <TextEquiv>
                    <Unicode>"Ecrasez l'infames!" niemals verziehen wird. Es ist die gleiche Gegend,</Unicode>
                </TextEquiv>
            </TextLine>
            <TextLine id="tr_1_tl_15" custom="readingOrder {index:14;}">
                <Coords points="631,1971 2515,1968 2515,1906 2360,1858 631,1897"/>
                <Baseline points="644,1945 728,1939 817,1939 907,1939 996,1939 1086,1933 1175,1933 1265,1933 1354,1933 1444,1933 1533,1933 1623,1933 1713,1933 1802,1927 1892,1927 1981,1933 2071,1927 2160,1927 2250,1927 2339,1927 2429,1933 2518,1939"/>
                <TextEquiv>
                    <Unicode>in der Nationalismus, Skeptizismue, liberalismus gewissermassen als</Unicode>
                </TextEquiv>
            </TextLine>
            <TextLine id="tr_1_tl_16" custom="readingOrder {index:15;}">
                <Coords points="638,2057 2410,2050 2410,1978 2336,1954 638,1978"/>
                <Baseline points="650,2035 716,2029 805,2029 895,2029 984,2023 1074,2023 1163,2023 1253,2029 1342,2029 1432,2023 1522,2023 1611,2023 1701,2023 1790,2017 1880,2017 1969,2017 2059,2017 2148,2017 2238,2017 2327,2017 2417,2023"/>
                <TextEquiv>
                    <Unicode>mediokere Geistesverfassung gelten.Als wenn die verstandesmässige</Unicode>
                </TextEquiv>
            </TextLine>
            <TextLine id="tr_1_tl_17" custom="readingOrder {index:16;}">
                <Coords points="638,2155 2250,2164 2513,2143 2513,2042 638,2059"/>
                <Baseline points="650,2118 728,2112 817,2118 907,2118 996,2118 1086,2118 1175,2118 1265,2112 1354,2112 1444,2112 1533,2112 1623,2112 1713,2107 1802,2107 1892,2112 1981,2112 2071,2112 2160,2112 2250,2112 2339,2107 2429,2112 2518,2112"/>
                <TextEquiv>
                    <Unicode>Betrachtung der Dinge und Menschen, als wenn die Neigung zu Zweifeln,</Unicode>
                </TextEquiv>
            </TextLine>
            <TextLine id="tr_1_tl_18" custom="readingOrder {index:17;}">
                <Coords points="643,2233 2071,2207 2245,2253 2475,2233 2477,2138 645,2174"/>
                <Baseline points="656,2214 692,2208 781,2208 871,2202 960,2208 1050,2208 1140,2208 1229,2208 1319,2208 1408,2208 1498,2202 1587,2202 1677,2202 1766,2196 1856,2196 1945,2196 2035,2202 2124,2196 2214,2196 2303,2196 2393,2196 2483,2202"/>
                <TextEquiv>
                    <Unicode>als wenn die Ueberzeugung, dass Freiheit ein würdigerer Zustand der</Unicode>
                </TextEquiv>
            </TextLine>
            <TextLine id="tr_1_tl_19" custom="readingOrder {index:18;}">
                <Coords points="638,2343 2470,2343 2472,2255 640,2253"/>
                <Baseline points="650,2298 686,2298 775,2292 865,2298 955,2298 1044,2298 1134,2298 1223,2292 1313,2298 1402,2292 1492,2298 1581,2298 1671,2292 1760,2292 1850,2292 1939,2292 2029,2292 2118,2292 2208,2292 2298,2292 2387,2286 2477,2286"/>
                <TextEquiv>
                    <Unicode>Menschen wäre als die Sklaverei, als wenn diese Art die Welt zu be-</Unicode>
                </TextEquiv>
            </TextLine>
            <TextLine id="tr_1_tl_20" custom="readingOrder {index:19;}">
                <Coords points="650,2422 2499,2420 2513,2327 650,2334"/>
                <Baseline points="662,2381 752,2387 841,2387 931,2387 1020,2387 1110,2387 1199,2387 1289,2381 1378,2387 1468,2381 1557,2381 1647,2381 1736,2381 1826,2375 1916,2375 2005,2381 2095,2381 2184,2381 2274,2381 2363,2381 2453,2387 2518,2387"/>
                <TextEquiv>
                    <Unicode>trachten, an sich von einem geringeren Seelenadel Zeugnis ablegte,</Unicode>
                </TextEquiv>
            </TextLine>
            <TextLine id="tr_1_tl_21" custom="readingOrder {index:20;}">
                <Coords points="638,2532 1653,2496 2441,2551 2465,2413 638,2441"/>
                <Baseline points="650,2477 680,2477 769,2477 859,2477 949,2477 1038,2477 1128,2477 1217,2477 1307,2477 1396,2477 1486,2477 1575,2477 1665,2477 1754,2471 1844,2471 1933,2471 2023,2471 2112,2471 2202,2471 2292,2471 2381,2471 2471,2471"/>
                <TextEquiv>
                    <Unicode>als jene anderen Geistesverfassungen, die mit ihnen im Widerspruch</Unicode>
                </TextEquiv>
            </TextLine>
            <TextLine id="tr_1_tl_22" custom="readingOrder {index:21;}">
                <Coords points="650,2609 2394,2599 2394,2530 2245,2513 650,2511"/>
                <Baseline points="662,2560 752,2560 841,2578 931,2578 1020,2578 1110,2578 1199,2578 1289,2578 1378,2578 1468,2578 1557,2578 1647,2578 1736,2578 1826,2572 1916,2572 2005,2572 2095,2572 2184,2572 2274,2572 2363,2572 2399,2578"/>
                <TextEquiv>
                    <Unicode>stehen. und einem Brief, in dem Sie an irgend einem meiner Stücke</Unicode>
                </TextEquiv>
            </TextLine>
            <TextLine id="tr_1_tl_23" custom="readingOrder {index:22;}">
                <Coords points="650,2695 2329,2699 2470,2668 2470,2601 650,2604"/>
                <Baseline points="662,2674 686,2656 775,2650 865,2650 955,2656 1044,2650 1134,2650 1223,2650 1313,2650 1402,2650 1492,2644 1581,2644 1671,2650 1760,2644 1850,2644 1939,2644 2029,2644 2118,2650 2208,2644 2298,2644 2387,2650 2477,2656"/>
                <TextEquiv>
                    <Unicode>Ich müsste allzu ausführlich werden, um es vollkommen deutlich zu</Unicode>
                </TextEquiv>
            </TextLine>
            <TextLine id="tr_1_tl_24" custom="readingOrder {index:23;}">
                <Coords points="638,2783 2384,2790 2506,2778 2506,2690 638,2699"/>
                <Baseline points="650,2745 740,2739 829,2739 919,2739 1008,2739 1098,2739 1187,2739 1277,2733 1366,2739 1456,2733 1545,2733 1635,2733 1724,2739 1814,2733 1904,2733 1993,2739 2083,2745 2172,2745 2262,2733 2351,2739 2441,2745 2512,2745"/>
                <TextEquiv>
                    <Unicode>machen, was ich hier meine und kann es mir ersparen, da Ihnen Allen</Unicode>
                </TextEquiv>
            </TextLine>
            <TextLine id="tr_1_tl_25" custom="readingOrder {index:24;}">
                <Coords points="638,2883 2410,2857 2410,2788 2262,2766 638,2776"/>
                <Baseline points="650,2835 740,2829 829,2829 919,2829 1008,2829 1098,2829 1187,2829 1277,2823 1366,2823 1456,2823 1545,2829 1635,2823 1724,2823 1814,2823 1904,2829 1993,2823 2083,2823 2172,2823 2262,2823 2351,2835 2417,2835"/>
                <TextEquiv>
                    <Unicode>Georg Brandes heute im wahren Sinn des Wortes gegenwärtig ist.</Unicode>
                </TextEquiv>
            </TextLine>
            <TextLine id="tr_1_tl_26" custom="readingOrder {index:25;}">
                <Coords points="638,2960 2367,2972 2537,2926 2537,2855 638,2881"/>
                <Baseline points="650,2924 662,2918 752,2918 841,2918 931,2918 1020,2918 1110,2918 1199,2918 1289,2918 1378,2912 1468,2912 1557,2912 1647,2912 1736,2912 1826,2918 1916,2912 2005,2912 2095,2912 2184,2918 2274,2912 2363,2918 2453,2918 2542,2918"/>
                <TextEquiv>
                    <Unicode>Aber ehe ich schliesse, drängt es mich noch einige Worte persönlicher</Unicode>
                </TextEquiv>
            </TextLine>
            <TextLine id="tr_1_tl_27" custom="readingOrder {index:26;}">
                <Coords points="638,3043 1901,3081 2530,3017 2530,2962 2427,2950 638,2960"/>
                <Baseline points="650,3014 656,3008 746,3008 835,3008 925,3008 1014,3008 1104,3008 1193,3008 1283,3008 1372,3002 1462,3002 1551,3008 1641,3008 1730,3008 1820,3008 1910,3002 1999,3002 2089,3002 2178,3008 2268,3008 2357,3008 2447,3008 2536,3008"/>
                <TextEquiv>
                    <Unicode>Art an Georg Brandes zu richten und einige persönliche Worte des Dan-</Unicode>
                </TextEquiv>
            </TextLine>
            <TextLine id="tr_1_tl_28" custom="readingOrder {index:27;}">
                <Coords points="655,3139 762,3163 812,3127 850,3151 1025,3110 1273,3160 1467,3105 1603,3144 1703,3120 1703,3074 1474,3034 1412,3062 655,3043"/>
                <Baseline points="668,3109 722,3103 811,3097 901,3097 990,3097 1080,3097 1169,3097 1259,3097 1348,3097 1438,3091 1528,3097 1617,3097 1707,3097"/>
                <TextEquiv>
                    <Unicode>kes diesen allgemeineren hinzuzufügen.</Unicode>
                </TextEquiv>
            </TextLine>
        </TextRegion>
        <TextRegion id="tr_2" custom="readingOrder {index:1;}">
            <Coords points="3545,517 5473,517 5473,3131 3545,3131"/>
            <TextLine id="tr_2_tl_1" custom="readingOrder {index:0;}">
                <Coords points="4008,628 4044,614 4063,628 4090,616 4125,638 4209,635 4230,612 4269,626 4262,490 4204,487 4154,511 4128,506 4080,518 4037,494 3999,492"/>
                <Baseline points="4017,567 4106,573 4196,578 4273,584"/>
                <TextEquiv>
                    <Unicode>- 7 -</Unicode>
                </TextEquiv>
            </TextLine>
            <TextLine id="tr_2_tl_2" custom="readingOrder {index:1;}">
                <Coords points="3533,831 5016,843 5425,807 5427,731 5024,657 3535,712"/>
                <Baseline points="3545,811 3551,811 3641,805 3730,805 3820,805 3909,799 3999,799 4088,799 4178,799 4267,799 4357,799 4446,793 4536,793 4625,793 4715,793 4804,793 4894,793 4983,787 5073,793 5163,787 5252,787 5342,787 5431,781"/>
                <TextEquiv>
                    <Unicode>ge sind nun mehr als dreissig Jahre, dass ich das erste persönliche</Unicode>
                </TextEquiv>
            </TextLine>
            <TextLine id="tr_2_tl_3" custom="readingOrder {index:2;}">
                <Coords points="3545,908 5432,922 5432,834 5327,803 4911,855 3547,824"/>
                <Baseline points="3557,889 3581,889 3670,889 3766,887 3766,887 3861,889 3951,889 4040,889 4130,883 4219,883 4309,883 4399,883 4488,883 4578,883 4667,883 4757,877 4846,877 4936,877 5025,877 5115,877 5204,877 5294,883 5383,877 5437,877"/>
                <TextEquiv>
                    <Unicode>Wort von Ihnen vernahm. Es war ein Brief über die ersten Bücher, die</Unicode>
                </TextEquiv>
            </TextLine>
            <TextLine id="tr_2_tl_4" custom="readingOrder {index:3;}">
                <Coords points="3789,1001 4328,953 5286,975 5341,905 3791,910"/>
                <Baseline points="3802,977 3826,978 3915,978 4005,972 4078,951 4078,951 4172,943 4261,943 4351,943 4440,943 4530,943 4619,943 4709,943 4798,943 4888,937 4978,937 5067,943 5157,943 5246,949 5336,949 5342,949"/>
                <TextEquiv>
                    <Unicode>er schickte. Ein Kritiker fühlte sich beleidigt,</Unicode>
                </TextEquiv>
            </TextLine>
            <TextLine id="tr_2_tl_5" custom="readingOrder {index:4;}">
                <Coords points="3547,998 3617,1003 3636,987 3703,1001 3724,991 3798,994 3798,905 3762,903 3741,922 3672,903 3640,913 3609,913 3588,901 3550,905"/>
                <Baseline points="3563,984 3617,978 3706,978 3802,977"/>
                <TextEquiv>
                    <Unicode>ich Ihnen</Unicode>
                </TextEquiv>
            </TextLine>
            <TextLine id="tr_2_tl_6" custom="readingOrder {index:5;}">
                <Coords points="3545,1080 5377,1087 5377,951 3545,998"/>
                <Baseline points="3557,1062 3593,1068 3682,1068 3772,1068 3861,1068 3951,1062 4040,1062 4130,1062 4219,1062 4309,1062 4399,1062 4488,1062 4578,1056 4667,1056 4757,1056 4846,1056 4936,1056 5025,1056 5115,1056 5204,1056 5294,1056 5383,1056"/>
                <TextEquiv>
                    <Unicode>Wie viel bedeutete es für den damals noch beinahe Unbekannten, als</Unicode>
                </TextEquiv>
            </TextLine>
            <TextLine id="tr_2_tl_7" custom="readingOrder {index:6;}">
                <Coords points="3545,1173 5425,1168 5425,1111 5329,1084 4281,1125 4199,1077 3545,1075"/>
                <Baseline points="3557,1157 3641,1157 3730,1157 3820,1157 3909,1157 3999,1151 4088,1151 4178,1151 4267,1151 4357,1146 4446,1146 4536,1151 4625,1146 4715,1146 4804,1146 4894,1146 4983,1146 5073,1146 5163,1146 5252,1140 5342,1140 5431,1146"/>
                <TextEquiv>
                    <Unicode>Sie ihm für diese Sendung nicht nur dankten, sondern als er überdies</Unicode>
                </TextEquiv>
            </TextLine>
            <TextLine id="tr_2_tl_8" custom="readingOrder {index:7;}">
                <Coords points="3550,1259 5434,1254 5434,1180 5289,1151 3550,1170"/>
                <Baseline points="3563,1247 3646,1247 3736,1247 3826,1241 3915,1241 4005,1241 4094,1241 4184,1241 4273,1241 4363,1235 4452,1235 4542,1235 4631,1235 4721,1235 4810,1235 4900,1235 4989,1235 5079,1235 5169,1235 5258,1229 5348,1229 5437,1229"/>
                <TextEquiv>
                    <Unicode>auch Ihren Worten entnehmen durfte, dass Sie in diesen Büchern schon</Unicode>
                </TextEquiv>
            </TextLine>
            <TextLine id="tr_2_tl_9" custom="readingOrder {index:8;}">
                <Coords points="3545,1342 5432,1335 5396,1240 3545,1254"/>
                <Baseline points="3557,1337 3646,1337 3736,1331 3826,1337 3915,1331 4005,1331 4094,1331 4184,1331 4273,1331 4363,1331 4452,1331 4542,1325 4631,1325 4721,1325 4810,1325 4900,1325 4989,1325 5079,1319 5169,1319 5258,1319 5348,1319 5437,1295"/>
                <TextEquiv>
                    <Unicode>irgend etwas wie Eigenart verspürten. Schon zu dieser Zeit bekamen</Unicode>
                </TextEquiv>
            </TextLine>
            <TextLine id="tr_2_tl_10" custom="readingOrder {index:9;}">
                <Coords points="3550,1445 5411,1440 5411,1371 5317,1335 3550,1352"/>
                <Baseline points="3563,1426 3623,1426 3712,1426 3802,1426 3891,1420 3981,1420 4070,1420 4160,1420 4249,1420 4339,1420 4428,1414 4518,1414 4607,1414 4697,1414 4787,1414 4876,1414 4966,1414 5055,1408 5145,1414 5234,1408 5324,1408 5413,1408"/>
                <TextEquiv>
                    <Unicode>Sie 30-40 Bücher jeden Tag zugesandt. Dass Sie einem so gut wie un-</Unicode>
                </TextEquiv>
            </TextLine>
            <TextLine id="tr_2_tl_11" custom="readingOrder {index:10;}">
                <Coords points="3535,1538 5432,1555 5449,1438 3538,1445"/>
                <Baseline points="3551,1516 3575,1510 3664,1510 3754,1510 3843,1510 3933,1510 4023,1510 4112,1510 4202,1510 4291,1504 4381,1504 4470,1504 4560,1504 4649,1504 4739,1504 4828,1504 4918,1504 5007,1498 5097,1498 5186,1498 5276,1504 5365,1498 5455,1504"/>
                <TextEquiv>
                    <Unicode>bekannten Autor so bald antworteten und wie Sie ihm antwornteten, wel-</Unicode>
                </TextEquiv>
            </TextLine>
            <TextLine id="tr_2_tl_12" custom="readingOrder {index:11;}">
                <Coords points="3562,1617 5298,1622 5434,1610 5434,1522 3562,1569"/>
                <Baseline points="3575,1599 3646,1605 3736,1599 3826,1599 3915,1599 4005,1599 4094,1599 4184,1593 4273,1593 4363,1593 4452,1593 4542,1593 4631,1593 4721,1593 4810,1593 4900,1593 4989,1593 5079,1587 5169,1587 5258,1587 5348,1587 5437,1587"/>
                <TextEquiv>
                    <Unicode>ches hohe Gefühl für das Verentwortungsvolle Ihres kritischen Berufs</Unicode>
                </TextEquiv>
            </TextLine>
            <TextLine id="tr_2_tl_13" custom="readingOrder {index:12;}">
                <Coords points="5105,1672 5150,1686 5198,1672 5258,1698 5279,1682 5310,1689 5325,1679 5353,1682 5382,1706 5401,1703 5399,1610 5377,1612 5363,1600 5298,1622 5231,1608 5176,1622 5160,1610 5136,1622 5102,1620"/>
                <Baseline points="5115,1647 5204,1653 5294,1659 5383,1653 5401,1659"/>
                <TextEquiv>
                    <Unicode>besten, als</Unicode>
                </TextEquiv>
            </TextLine>
            <TextLine id="tr_2_tl_14" custom="readingOrder {index:13;}">
                <Coords points="3550,1708 4066,1706 4211,1665 4300,1694 4359,1665 4467,1675 4472,1615 3554,1617"/>
                <Baseline points="3563,1701 3652,1695 3742,1689 3832,1689 3921,1689 4011,1689 4100,1689 4142,1653 4231,1653 4321,1659 4410,1653 4476,1653"/>
                <TextEquiv>
                    <Unicode>ging daraus hervor.</Unicode>
                </TextEquiv>
            </TextLine>
            <TextLine id="tr_2_tl_15" custom="readingOrder {index:14;}">
                <Coords points="3562,1792 5167,1813 5425,1780 5425,1682 3562,1708"/>
                <Baseline points="3575,1778 3641,1778 3730,1778 3820,1778 3909,1778 3999,1772 4088,1772 4178,1772 4267,1772 4357,1772 4446,1772 4536,1772 4625,1772 4715,1772 4804,1772 4894,1772 4983,1772 5073,1772 5163,1766 5252,1766 5342,1766 5431,1748"/>
                <TextEquiv>
                    <Unicode>Von diesem Augenblick an trotz monate-und jahrelanger Pausen blieb</Unicode>
                </TextEquiv>
            </TextLine>
            <TextLine id="tr_2_tl_16" custom="readingOrder {index:15;}">
                <Coords points="3562,1878 4233,1892 4362,1844 4500,1878 4703,1835 4794,1873 4847,1863 4849,1796 3566,1794"/>
                <Baseline points="3575,1868 3599,1868 3688,1868 3778,1868 3867,1868 3957,1868 4046,1868 4136,1868 4225,1862 4315,1850 4405,1832 4494,1832 4584,1832 4673,1832 4763,1832 4852,1832"/>
                <TextEquiv>
                    <Unicode>unsere Verbindung aufrecht.</Unicode>
                </TextEquiv>
            </TextLine>
            <TextLine id="tr_2_tl_17" custom="readingOrder {index:16;}">
                <Coords points="3557,1975 5456,1956 5456,1901 5286,1849 3557,1885"/>
                <Baseline points="3569,1957 3581,1957 3670,1957 3760,1957 3849,1957 3939,1957 4028,1957 4118,1957 4208,1951 4297,1957 4387,1951 4476,1951 4566,1951 4655,1951 4745,1951 4834,1951 4924,1951 5013,1951 5103,1951 5192,1951 5282,1945 5371,1945 5461,1945"/>
                <TextEquiv>
                    <Unicode>Wie erinnere ich mich noch jener ersten Begegnung 1896, als Sie krank</Unicode>
                </TextEquiv>
            </TextLine>
            <TextLine id="tr_2_tl_18" custom="readingOrder {index:17;}">
                <Coords points="3557,2064 5255,2066 5370,2045 5372,1959 3559,1978"/>
                <Baseline points="3569,2053 3587,2047 3676,2047 3766,2047 3855,2047 3945,2047 4034,2047 4124,2047 4214,2047 4303,2041 4393,2041 4482,2047 4572,2041 4661,2041 4751,2041 4840,2035 4930,2035 5019,2035 5109,2035 5198,2035 5288,2035 5377,2023"/>
                <TextEquiv>
                    <Unicode>in einem Kopenhagener Hospital lagen. Seltsamer Zufall, dass auch</Unicode>
                </TextEquiv>
            </TextLine>
            <TextLine id="tr_2_tl_19" custom="readingOrder {index:18;}">
                <Coords points="3545,2169 5336,2155 5310,2069 3545,2057"/>
                <Baseline points="3557,2136 3641,2136 3730,2136 3820,2136 3909,2136 3999,2136 4088,2136 4178,2136 4267,2130 4357,2130 4446,2130 4536,2130 4625,2130 4715,2130 4804,2130 4894,2130 4983,2130 5073,2130 5163,2130 5252,2130 5342,2124"/>
                <TextEquiv>
                    <Unicode>die letzte Begegnung vor dem heutigen Tage in einem Kopenhagener</Unicode>
                </TextEquiv>
            </TextLine>
            <TextLine id="tr_2_tl_20" custom="readingOrder {index:19;}">
                <Coords points="3545,2250 3607,2260 3712,2236 3786,2267 3865,2267 3946,2233 4154,2262 4154,2200 4073,2164 3992,2179 3972,2162 3920,2190 3843,2152 3812,2176 3765,2159 3650,2195 3545,2169"/>
                <Baseline points="3557,2226 3646,2226 3736,2226 3826,2226 3915,2226 4005,2226 4094,2226 4160,2226"/>
                <TextEquiv>
                    <Unicode>Sanatorium stattfand.</Unicode>
                </TextEquiv>
            </TextLine>
            <TextLine id="tr_2_tl_21" custom="readingOrder {index:20;}">
                <Coords points="3545,2334 5270,2348 5329,2322 5329,2188 5164,2272 4176,2224 3944,2286 3545,2281"/>
                <Baseline points="3557,2315 3635,2315 3724,2315 3814,2315 3903,2315 3993,2315 4082,2315 4172,2315 4261,2309 4351,2309 4440,2309 4530,2309 4619,2309 4709,2309 4798,2309 4888,2309 4978,2309 5067,2303 5157,2303 5246,2303 5336,2303"/>
                <TextEquiv>
                    <Unicode>Ich hatte den Einfall, stell aller Begrüssungsworte eine Auswahl</Unicode>
                </TextEquiv>
            </TextLine>
            <TextLine id="tr_2_tl_22" custom="readingOrder {index:21;}">
                <Coords points="3550,2439 5470,2434 5470,2351 5067,2315 4656,2370 3550,2336"/>
                <Baseline points="3563,2405 3593,2405 3682,2405 3772,2405 3861,2405 3951,2405 4040,2399 4130,2405 4219,2399 4309,2399 4399,2399 4488,2399 4578,2399 4667,2399 4757,2399 4846,2399 4936,2393 5025,2393 5115,2399 5204,2393 5294,2399 5383,2399 5473,2393"/>
                <TextEquiv>
                    <Unicode>Ihrer Briefe vorzulesen. Es wäre beträchtlich amüsanter gewesen, aber</Unicode>
                </TextEquiv>
            </TextLine>
            <TextLine id="tr_2_tl_23" custom="readingOrder {index:22;}">
                <Coords points="3557,2518 5365,2532 5365,2460 5293,2427 4883,2403 3557,2460"/>
                <Baseline points="3569,2494 3581,2494 3670,2494 3760,2494 3849,2494 3939,2494 4028,2494 4118,2489 4208,2489 4297,2489 4387,2489 4476,2489 4566,2489 4655,2483 4745,2489 4834,2489 4924,2489 5013,2483 5103,2489 5192,2483 5282,2483 5371,2483"/>
                <TextEquiv>
                    <Unicode>doch vielleicht etwas indiskret. Nur einen Absatz möchte ich vor-</Unicode>
                </TextEquiv>
            </TextLine>
            <TextLine id="tr_2_tl_24" custom="readingOrder {index:23;}">
                <Coords points="3562,2606 5315,2606 5315,2537 5236,2527 3562,2525"/>
                <Baseline points="3575,2590 3617,2584 3706,2584 3796,2584 3885,2584 3975,2584 4064,2578 4154,2584 4243,2578 4333,2578 4422,2578 4512,2578 4601,2578 4691,2572 4781,2572 4870,2572 4960,2572 5049,2572 5139,2572 5228,2572 5318,2572"/>
                <TextEquiv>
                    <Unicode>lesen aus einem Brief, in dem Sie an irgend einem meiner Stücke</Unicode>
                </TextEquiv>
            </TextLine>
            <TextLine id="tr_2_tl_25" custom="readingOrder {index:24;}">
                <Coords points="3562,2680 5425,2680 5425,2609 3562,2609"/>
                <Baseline points="3575,2680 3641,2674 3730,2674 3820,2674 3909,2668 3999,2668 4088,2668 4178,2668 4267,2668 4357,2668 4446,2668 4536,2668 4625,2662 4715,2662 4804,2662 4894,2662 4983,2662 5073,2662 5163,2662 5252,2662 5342,2662 5431,2668"/>
                <TextEquiv>
                    <Unicode>etwas auszusetzen fanden. Sie sagten: „Alle diese Einwendungen mache</Unicode>
                </TextEquiv>
            </TextLine>
            <TextLine id="tr_2_tl_26" custom="readingOrder {index:25;}">
                <Coords points="3557,2778 5425,2802 5449,2690 3557,2726"/>
                <Baseline points="3569,2763 3575,2763 3664,2763 3754,2757 3843,2757 3933,2757 4023,2757 4112,2757 4202,2757 4291,2751 4381,2751 4470,2751 4560,2751 4649,2751 4739,2751 4828,2751 4918,2751 5007,2751 5097,2751 5186,2751 5276,2751 5365,2751 5455,2757"/>
                <TextEquiv>
                    <Unicode>ich, um mein Renomée als Kritiker nicht ganz preiszugeben. Denn mein</Unicode>
                </TextEquiv>
            </TextLine>
            <TextLine id="tr_2_tl_27" custom="readingOrder {index:26;}">
                <Coords points="3562,2881 5446,2862 5446,2802 5253,2773 3562,2792"/>
                <Baseline points="3575,2853 3658,2853 3748,2853 3837,2847 3927,2847 4017,2847 4106,2847 4196,2847 4285,2847 4375,2841 4464,2841 4554,2841 4643,2841 4733,2841 4822,2841 4912,2841 5001,2841 5091,2841 5180,2841 5270,2841 5360,2841 5449,2841"/>
                <TextEquiv>
                    <Unicode>Vergnügen ist nur Sie zu loben. Wir werden alle dümmer, wenn man uns</Unicode>
                </TextEquiv>
            </TextLine>
            <TextLine id="tr_2_tl_28" custom="readingOrder {index:27;}">
                <Coords points="3562,2967 5334,2967 5353,2895 3564,2864"/>
                <Baseline points="3575,2942 3658,2942 3748,2936 3837,2936 3927,2936 4017,2936 4106,2936 4196,2936 4285,2936 4375,2930 4464,2936 4554,2930 4643,2936 4733,2936 4822,2930 4912,2930 5001,2930 5091,2930 5180,2930 5270,2930 5360,2936"/>
                <TextEquiv>
                    <Unicode>lobt, aber wir werden es ohnedies, und es gibt keine angenehmere</Unicode>
                </TextEquiv>
            </TextLine>
            <TextLine id="tr_2_tl_29" custom="readingOrder {index:28;}">
                <Coords points="3557,3079 4173,3034 4579,3098 4978,3043 5100,3081 5408,3036 5408,2938 5074,2993 3557,2967"/>
                <Baseline points="3569,3032 3623,3026 3712,3026 3802,3032 3891,3032 3981,3026 4070,3026 4160,3026 4249,3026 4339,3026 4428,3026 4518,3026 4607,3026 4697,3026 4787,3026 4876,3026 4966,3026 5055,3026 5145,3026 5234,3020 5324,3026 5413,3026"/>
                <TextEquiv>
                    <Unicode>Weise dümmer zu werden; Deshalb liebe ich selbst so sehr gelobt zu</Unicode>
                </TextEquiv>
            </TextLine>
            <TextLine id="tr_2_tl_30" custom="readingOrder {index:29;}">
                <Coords points="3557,3148 3595,3151 3617,3139 3638,3158 3717,3153 3746,3172 3779,3158 3817,3165 3817,3048 3772,3043 3707,3074 3669,3048 3655,3058 3636,3055 3612,3077 3557,3081"/>
                <Baseline points="3569,3121 3658,3121 3748,3121 3820,3121"/>
                <TextEquiv>
                    <Unicode>werden."</Unicode>
                </TextEquiv>
            </TextLine>
        </TextRegion>
    </Page>
</PcGts>
