<?xml version="1.0" encoding="UTF-8" standalone="yes"?>
<PcGts xmlns="http://schema.primaresearch.org/PAGE/gts/pagecontent/2013-07-15" xmlns:xsi="http://www.w3.org/2001/XMLSchema-instance" xsi:schemaLocation="http://schema.primaresearch.org/PAGE/gts/pagecontent/2013-07-15 http://schema.primaresearch.org/PAGE/gts/pagecontent/2013-07-15/pagecontent.xsd">
    <Metadata>
        <Creator>prov=READ-COOP:name=TrHtr:version=2.1.0:model_id=51170:date=28_07_2023_08:07</Creator>
        <Created>2023-05-10T11:22:58.320+02:00</Created>
        <LastChange>2023-07-28T08:07:00.381+02:00</LastChange>
        <TranskribusMetadata docId="1428150" pageId="55386505" pageNr="42" tsid="131325570" status="IN_PROGRESS" userId="64420" imgUrl="https://files.transkribus.eu/Get?id=FYPPOHXAZXYSIELLCTWVJHKA&amp;fileType=view" xmlUrl="https://files.transkribus.eu/Get?id=XLGEUPQJLAXSCDELPYEZJGXN" imageId="44661402"/>
    </Metadata>
    <Page imageFilename="1428150_0042.jpg" imageWidth="6856" imageHeight="4248">
        <ReadingOrder>
            <OrderedGroup id="ro_1711821927777" caption="Regions reading order">
                <RegionRefIndexed index="0" regionRef="tr_1"/>
                <RegionRefIndexed index="1" regionRef="tr_2"/>
            </OrderedGroup>
        </ReadingOrder>
        <TextRegion id="tr_1" custom="readingOrder {index:0;}">
            <Coords points="4069,552 6539,552 6539,2420 4069,2420"/>
            <TextLine id="tr_1_tl_1" custom="readingOrder {index:0;}">
                <Coords points="5387,670 5649,658 5680,633 5767,661 5856,621 5900,661 5998,627 6125,646 6125,491 5884,565 5785,516 5757,537 5640,503 5600,519 5507,491 5455,522 5387,497"/>
                <Baseline points="5405,614 5417,614 5506,608 5596,608 5685,608 5775,608 5864,608 5954,608 6043,602 6133,602"/>
                <TextEquiv>
                    <Unicode>Med. Krit. 58</Unicode>
                </TextEquiv>
            </TextLine>
            <TextLine id="tr_1_tl_2" custom="readingOrder {index:1;}">
                <Coords points="4420,877 4550,920 5708,905 5708,815 5569,775 5177,800 5069,729 4420,744"/>
                <Baseline points="4438,859 4528,865 4617,859 4707,859 4796,853 4886,853 4975,853 5065,853 5154,853 5244,853 5333,847 5423,847 5512,847 5602,859 5691,859 5715,859"/>
                <TextEquiv>
                    <Unicode>Sylvesterbetrachtungen.</Unicode>
                </TextEquiv>
            </TextLine>
            <TextLine id="tr_1_tl_3" custom="readingOrder {index:2;}">
                <Coords points="4426,1025 6465,998 6465,917 6298,886 4429,945"/>
                <Baseline points="4444,1020 4504,1014 4594,1008 4683,1008 4773,1008 4862,1008 4952,1002 5041,1008 5131,1002 5220,1002 5310,1002 5399,1002 5488,996 5578,996 5667,996 5757,996 5846,990 5936,990 6025,990 6115,984 6204,984 6294,984 6383,978 6473,966"/>
                <TextEquiv>
                    <Unicode>Dieser schöne Aberglaube der Sylvester-</Unicode>
                </TextEquiv>
            </TextLine>
            <TextLine id="tr_1_tl_4" custom="readingOrder {index:3;}">
                <Coords points="4052,1124 6221,1090 6316,1001 4056,1038"/>
                <Baseline points="4074,1103 4086,1097 4176,1097 4265,1097 4355,1097 4444,1085 4534,1091 4623,1085 4713,1085 4802,1085 4892,1085 4981,1085 5071,1085 5160,1079 5250,1079 5339,1079 5429,1079 5518,1079 5608,1073 5697,1073 5787,1067 5876,1067 5966,1067 6055,1067 6145,1067 6234,1062 6324,1062"/>
                <TextEquiv>
                    <Unicode>nacht! Wenn das alte Jahr uns davontoilt,so</Unicode>
                </TextEquiv>
            </TextLine>
            <TextLine id="tr_1_tl_5" custom="readingOrder {index:4;}">
                <Coords points="4056,1189 6211,1177 6354,1134 6354,1053 4056,1124"/>
                <Baseline points="4074,1175 4122,1175 4212,1175 4301,1169 4391,1169 4480,1169 4570,1169 4659,1169 4749,1163 4838,1163 4928,1163 5017,1163 5107,1157 5196,1157 5286,1157 5375,1157 5465,1151 5554,1157 5644,1151 5733,1151 5823,1151 5912,1145 6002,1145 6091,1139 6181,1139 6270,1139 6360,1121"/>
                <TextEquiv>
                    <Unicode>wie es uns hereingebraust kam,stolz und hei-</Unicode>
                </TextEquiv>
            </TextLine>
            <TextLine id="tr_1_tl_6" custom="readingOrder {index:5;}">
                <Coords points="4071,1266 6273,1220 6128,1146 4074,1195"/>
                <Baseline points="4092,1246 4134,1252 4224,1252 4313,1252 4403,1246 4492,1246 4582,1246 4671,1240 4761,1246 4850,1240 4940,1240 5029,1240 5119,1235 5208,1235 5298,1235 5387,1235 5477,1229 5566,1229 5656,1235 5745,1229 5835,1229 5924,1223 6014,1223 6103,1217 6193,1217 6282,1205"/>
                <TextEquiv>
                    <Unicode>ter, dann ist xx uns doch immer, als müs</Unicode>
                </TextEquiv>
            </TextLine>
            <TextLine id="tr_1_tl_7" custom="readingOrder {index:6;}">
                <Coords points="5930,1322 6017,1316 6069,1294 6088,1313 6137,1322 6249,1322 6273,1313 6273,1220 6236,1217 6199,1239 6162,1226 6150,1239 6119,1232 6091,1251 6051,1232 6023,1245 5967,1239 5930,1257"/>
                <Baseline points="5948,1294 6037,1294 6127,1300 6216,1294 6282,1294"/>
                <TextEquiv>
                    <Unicode>es nun</Unicode>
                </TextEquiv>
            </TextLine>
            <TextLine id="tr_1_tl_8" custom="readingOrder {index:7;}">
                <Coords points="4062,1337 5035,1362 5813,1322 5872,1251 4065,1260"/>
                <Baseline points="4080,1330 4086,1330 4176,1330 4265,1330 4355,1336 4444,1324 4534,1324 4623,1324 4713,1318 4802,1318 4892,1318 4981,1318 5071,1318 5160,1312 5250,1312 5339,1306 5429,1306 5518,1306 5608,1306 5697,1306 5787,1300 5876,1300"/>
                <TextEquiv>
                    <Unicode>ten wir hoffen, als müsste</Unicode>
                </TextEquiv>
            </TextLine>
            <TextLine id="tr_1_tl_9" custom="readingOrder {index:8;}">
                <Coords points="4059,1433 6292,1378 6292,1319 5859,1291 5035,1365 4062,1334"/>
                <Baseline points="4080,1402 4152,1408 4242,1402 4331,1402 4421,1396 4510,1396 4600,1402 4689,1402 4779,1402 4868,1396 4957,1396 5047,1390 5136,1390 5226,1390 5315,1390 5405,1390 5494,1384 5584,1384 5673,1378 5763,1378 5852,1378 5942,1378 6031,1378 6121,1378 6210,1366 6300,1360"/>
                <TextEquiv>
                    <Unicode>besser werden. Wie oft schon wurden wir ge-</Unicode>
                </TextEquiv>
            </TextLine>
            <TextLine id="tr_1_tl_10" custom="readingOrder {index:9;}">
                <Coords points="4068,1495 5832,1498 6289,1473 6363,1399 4068,1427"/>
                <Baseline points="4086,1491 4128,1485 4218,1485 4307,1479 4397,1479 4486,1479 4576,1473 4665,1473 4755,1473 4844,1473 4934,1473 5023,1473 5113,1467 5202,1467 5292,1467 5381,1467 5471,1461 5560,1461 5650,1461 5739,1461 5829,1455 5918,1455 6008,1455 6097,1449 6187,1449 6276,1449 6366,1437"/>
                <TextEquiv>
                    <Unicode>täuscht! Wie oft schon belehrt, dass die Men-</Unicode>
                </TextEquiv>
            </TextLine>
            <TextLine id="tr_1_tl_11" custom="readingOrder {index:10;}">
                <Coords points="4056,1575 6184,1560 6252,1473 4056,1526"/>
                <Baseline points="4074,1557 4110,1563 4200,1563 4289,1557 4379,1557 4468,1557 4558,1557 4647,1551 4737,1551 4826,1551 4916,1545 5005,1545 5095,1551 5184,1545 5274,1545 5363,1545 5453,1539 5542,1539 5632,1533 5721,1533 5811,1533 5900,1533 5990,1527 6079,1527 6169,1527 6258,1521"/>
                <TextEquiv>
                    <Unicode>sch en immer dieselben bleiben und dass die</Unicode>
                </TextEquiv>
            </TextLine>
            <TextLine id="tr_1_tl_12" custom="readingOrder {index:11;}">
                <Coords points="4056,1665 6409,1631 6434,1554 4059,1575"/>
                <Baseline points="4074,1646 4110,1640 4200,1640 4289,1634 4379,1634 4468,1634 4558,1628 4647,1628 4737,1628 4826,1628 4916,1628 5005,1628 5095,1628 5184,1628 5274,1622 5363,1622 5453,1616 5542,1616 5632,1616 5721,1610 5811,1610 5900,1610 5990,1610 6079,1604 6169,1604 6258,1604 6348,1604 6437,1593"/>
                <TextEquiv>
                    <Unicode>Sonne des Neujahrsmorgens über derselben frag¬</Unicode>
                </TextEquiv>
            </TextLine>
            <TextLine id="tr_1_tl_13" custom="readingOrder {index:12;}">
                <Coords points="4056,1748 6418,1708 6418,1634 6199,1606 4059,1668"/>
                <Baseline points="4074,1712 4098,1718 4188,1712 4277,1712 4367,1712 4456,1712 4546,1706 4635,1706 4725,1712 4814,1706 4904,1706 4993,1700 5083,1700 5172,1700 5262,1700 5351,1700 5441,1700 5530,1700 5620,1694 5709,1688 5799,1688 5888,1688 5978,1688 6067,1682 6157,1682 6246,1682 6336,1682 6425,1676"/>
                <TextEquiv>
                    <Unicode>würdigen Gesammtheit aufgeht, die der Mond des</Unicode>
                </TextEquiv>
            </TextLine>
            <TextLine id="tr_1_tl_14" custom="readingOrder {index:13;}">
                <Coords points="4074,1819 6199,1788 6292,1717 4077,1733"/>
                <Baseline points="4092,1795 4152,1795 4242,1795 4331,1789 4421,1789 4510,1783 4600,1783 4689,1783 4779,1783 4868,1783 4957,1783 5047,1777 5136,1777 5226,1777 5315,1777 5405,1771 5494,1777 5584,1771 5673,1766 5763,1771 5852,1766 5942,1760 6031,1760 6121,1760 6210,1760 6300,1748"/>
                <TextEquiv>
                    <Unicode>Sylvesterabends beschienen. Das alte Schau</Unicode>
                </TextEquiv>
            </TextLine>
            <TextLine id="tr_1_tl_15" custom="readingOrder {index:14;}">
                <Coords points="4056,1878 6350,1900 6406,1776 4056,1819"/>
                <Baseline points="4074,1873 4086,1873 4176,1867 4265,1867 4355,1867 4444,1867 4534,1867 4623,1861 4713,1861 4802,1861 4892,1861 4981,1861 5071,1861 5160,1855 5250,1855 5339,1855 5429,1855 5518,1855 5608,1849 5697,1843 5787,1843 5876,1837 5966,1843 6055,1843 6145,1843 6234,1837 6324,1837 6413,1837"/>
                <TextEquiv>
                    <Unicode>spiel nimmt seinen Fortgang. Heute wieder das</Unicode>
                </TextEquiv>
            </TextLine>
            <TextLine id="tr_1_tl_16" custom="readingOrder {index:15;}">
                <Coords points="4052,1974 6202,1943 6165,1850 4056,1878"/>
                <Baseline points="4069,1950 4152,1950 4242,1945 4331,1945 4421,1945 4510,1939 4600,1939 4689,1933 4779,1939 4868,1933 4957,1939 5047,1939 5136,1933 5226,1933 5315,1927 5405,1927 5494,1927 5584,1927 5673,1921 5763,1921 5852,1915 5942,1915 6031,1915 6121,1915 6210,1915"/>
                <TextEquiv>
                    <Unicode>Hasten von gestern, in diesem Jahre wieder</Unicode>
                </TextEquiv>
            </TextLine>
            <TextLine id="tr_1_tl_17" custom="readingOrder {index:16;}">
                <Coords points="4056,2051 6227,1992 6446,2051 6449,1924 4059,1977"/>
                <Baseline points="4074,2028 4128,2022 4218,2022 4307,2022 4397,2022 4486,2016 4576,2016 4665,2016 4755,2010 4844,2010 4934,2010 5023,2010 5113,2010 5202,2010 5292,2010 5381,2004 5471,2004 5560,1998 5650,2004 5739,1998 5829,1998 5918,1998 6008,1998 6097,1992 6187,1992 6276,1992 6366,1992 6455,1980"/>
                <TextEquiv>
                    <Unicode>die Kämpfe des alten, für immer wieder das bis-</Unicode>
                </TextEquiv>
            </TextLine>
            <TextLine id="tr_1_tl_18" custom="readingOrder {index:17;}">
                <Coords points="4052,2134 6295,2100 6298,2011 4056,2051"/>
                <Baseline points="4069,2106 4158,2100 4248,2100 4337,2100 4426,2094 4516,2094 4605,2094 4695,2094 4784,2088 4874,2088 4963,2088 5053,2088 5142,2088 5232,2088 5321,2082 5411,2082 5500,2082 5590,2082 5679,2076 5769,2076 5858,2076 5948,2076 6037,2070 6127,2070 6216,2070 6306,2082"/>
                <TextEquiv>
                    <Unicode>chen Edelsinn und die Masse Erbärmlichkeit,</Unicode>
                </TextEquiv>
            </TextLine>
            <TextLine id="tr_1_tl_19" custom="readingOrder {index:18;}">
                <Coords points="4052,2196 6097,2178 6273,2159 6273,2082 4052,2128"/>
                <Baseline points="4069,2183 4134,2177 4224,2171 4313,2177 4403,2177 4492,2171 4582,2171 4671,2165 4761,2165 4850,2165 4940,2165 5029,2165 5119,2165 5208,2165 5298,2165 5387,2159 5477,2159 5566,2153 5656,2153 5745,2153 5835,2153 5924,2153 6014,2153 6103,2153 6193,2147 6282,2147"/>
                <TextEquiv>
                    <Unicode>die das Wesen des Menschentums auszumachen</Unicode>
                </TextEquiv>
            </TextLine>
            <TextLine id="tr_1_tl_20" custom="readingOrder {index:19;}">
                <Coords points="4068,2264 6350,2249 6350,2153 4068,2205"/>
                <Baseline points="4086,2255 4116,2255 4206,2255 4295,2249 4385,2249 4474,2249 4564,2249 4653,2249 4743,2249 4832,2243 4922,2243 5011,2243 5101,2243 5190,2237 5280,2237 5369,2237 5459,2237 5548,2237 5638,2237 5727,2237 5817,2231 5906,2231 5996,2231 6085,2231 6175,2225 6264,2225 6354,2225"/>
                <TextEquiv>
                    <Unicode>scheint.Wahrhaftig, sie ist allzu banal, diese</Unicode>
                </TextEquiv>
            </TextLine>
            <TextLine id="tr_1_tl_21" custom="readingOrder {index:20;}">
                <Coords points="4052,2354 6536,2326 6536,2242 4052,2270"/>
                <Baseline points="4069,2332 4122,2332 4212,2332 4301,2332 4391,2326 4480,2326 4570,2326 4659,2320 4749,2320 4838,2320 4928,2320 5017,2320 5107,2314 5196,2320 5286,2314 5375,2314 5465,2314 5554,2314 5644,2308 5733,2308 5823,2308 5912,2308 6002,2308 6091,2302 6181,2302 6270,2297 6360,2302 6449,2302 6539,2302"/>
                <TextEquiv>
                    <Unicode>Hoffnungsand acht, die uns aus dem Sylvesterpunsch</Unicode>
                </TextEquiv>
            </TextLine>
            <TextLine id="tr_1_tl_22" custom="readingOrder {index:21;}">
                <Coords points="4052,2422 6412,2409 6415,2317 4052,2360"/>
                <Baseline points="4069,2410 4092,2410 4182,2410 4271,2410 4361,2404 4450,2404 4540,2404 4629,2404 4719,2404 4808,2398 4898,2398 4987,2398 5077,2392 5166,2398 5256,2392 5345,2392 5435,2392 5524,2392 5614,2392 5703,2386 5793,2386 5882,2380 5972,2386 6061,2380 6151,2380 6240,2380 6330,2380 6419,2380"/>
                <TextEquiv>
                    <Unicode>emporsteigt und unser Haupt mit dem gelinden</Unicode>
                </TextEquiv>
            </TextLine>
        </TextRegion>
        <TextRegion id="tr_2" custom="readingOrder {index:1;}">
            <Coords points="4069,2402 6497,2402 6497,3816 4069,3816"/>
            <TextLine id="tr_2_tl_1" custom="readingOrder {index:0;}">
                <Coords points="4099,2508 6032,2456 6261,2520 6261,2397 4099,2425"/>
                <Baseline points="4116,2487 4122,2487 4212,2487 4301,2481 4391,2481 4480,2481 4570,2476 4659,2476 4749,2470 4838,2476 4928,2476 5017,2476 5107,2476 5196,2470 5286,2470 5375,2470 5465,2470 5554,2464 5644,2464 5733,2464 5823,2458 5912,2458 6002,2458 6091,2452 6181,2452 6270,2452"/>
                <TextEquiv>
                    <Unicode>Dunst der Freude umgibt. Auch dieses Jahr</Unicode>
                </TextEquiv>
            </TextLine>
            <TextLine id="tr_2_tl_2" custom="readingOrder {index:1;}">
                <Coords points="4056,2573 6307,2601 6418,2570 6418,2471 4056,2502"/>
                <Baseline points="4074,2559 4098,2559 4188,2559 4277,2559 4367,2559 4456,2559 4546,2553 4635,2553 4725,2553 4814,2553 4904,2553 4993,2553 5083,2547 5172,2547 5262,2547 5351,2541 5441,2547 5530,2541 5620,2541 5709,2541 5799,2535 5888,2535 5978,2535 6067,2535 6157,2535 6246,2529 6336,2529 6425,2535"/>
                <TextEquiv>
                    <Unicode>bringt uns nimmer, was die Guten aller Ze ten</Unicode>
                </TextEquiv>
            </TextLine>
            <TextLine id="tr_2_tl_3" custom="readingOrder {index:2;}">
                <Coords points="4062,2647 6088,2693 6162,2675 6162,2548 4062,2588"/>
                <Baseline points="4080,2637 4110,2637 4200,2637 4289,2637 4379,2637 4468,2631 4558,2631 4647,2631 4737,2631 4826,2631 4916,2631 5005,2631 5095,2631 5184,2625 5274,2625 5363,2625 5453,2625 5542,2619 5632,2619 5721,2619 5811,2619 5900,2613 5990,2613 6079,2613 6169,2607"/>
                <TextEquiv>
                    <Unicode>ersehnt, den wahren Frieden und die echte</Unicode>
                </TextEquiv>
            </TextLine>
            <TextLine id="tr_2_tl_4" custom="readingOrder {index:3;}">
                <Coords points="4052,2737 4846,2737 4849,2672 4788,2641 4667,2663 4584,2641 4544,2666 4485,2647 4454,2672 4405,2644 4188,2672 4056,2644"/>
                <Baseline points="4069,2720 4140,2720 4230,2714 4319,2714 4409,2714 4498,2714 4588,2708 4677,2708 4767,2708 4856,2714"/>
                <TextEquiv>
                    <Unicode>Menschlichkeit.</Unicode>
                </TextEquiv>
            </TextLine>
            <TextLine id="tr_2_tl_5" custom="readingOrder {index:4;}">
                <Coords points="4482,2801 6218,2801 6394,2783 6394,2696 4482,2721"/>
                <Baseline points="4498,2786 4522,2786 4611,2786 4701,2786 4790,2786 4880,2786 4969,2786 5059,2780 5148,2780 5238,2774 5327,2774 5417,2774 5506,2774 5596,2774 5685,2774 5775,2768 5864,2768 5954,2768 6043,2768 6133,2762 6222,2762 6312,2762 6401,2750"/>
                <TextEquiv>
                    <Unicode>Wie unendlich weit sind wir zur Stun-</Unicode>
                </TextEquiv>
            </TextLine>
            <TextLine id="tr_2_tl_6" custom="readingOrder {index:5;}">
                <Coords points="4117,2879 6205,2873 6418,2863 6418,2786 4117,2801"/>
                <Baseline points="4134,2875 4188,2869 4277,2869 4367,2869 4456,2869 4546,2869 4635,2863 4725,2863 4814,2863 4904,2863 4993,2857 5083,2857 5172,2857 5262,2857 5351,2851 5441,2851 5530,2851 5620,2851 5709,2845 5799,2845 5888,2845 5978,2845 6067,2845 6157,2839 6246,2839 6336,2839 6425,2839"/>
                <TextEquiv>
                    <Unicode>de von diesem Ziele entfernt, dem Allen voran</Unicode>
                </TextEquiv>
            </TextLine>
            <TextLine id="tr_2_tl_7" custom="readingOrder {index:6;}">
                <Coords points="4111,2956 6431,2944 6452,2866 4114,2888"/>
                <Baseline points="4128,2941 4134,2947 4224,2947 4313,2947 4403,2947 4492,2941 4582,2941 4671,2941 4761,2941 4850,2941 4940,2935 5029,2935 5119,2935 5208,2935 5298,2929 5387,2929 5477,2929 5566,2929 5656,2929 5745,2923 5835,2923 5924,2917 6014,2917 6103,2917 6193,2917 6282,2917 6372,2917 6461,2911"/>
                <TextEquiv>
                    <Unicode>die in naturwissenschaftlichem Geiste denken-</Unicode>
                </TextEquiv>
            </TextLine>
            <TextLine id="tr_2_tl_8" custom="readingOrder {index:7;}">
                <Coords points="4056,3039 6428,3021 6465,2947 4056,2959"/>
                <Baseline points="4074,3024 4146,3024 4236,3024 4325,3024 4415,3024 4504,3018 4594,3018 4683,3018 4773,3018 4862,3012 4952,3012 5041,3012 5131,3012 5220,3012 5310,3007 5399,3007 5488,3007 5578,3007 5667,3007 5757,3001 5846,3001 5936,3001 6025,3001 6115,2995 6204,2995 6294,2995 6383,2989 6473,2989"/>
                <TextEquiv>
                    <Unicode>den Menschen zustreben müssten;wir sind es heu</Unicode>
                </TextEquiv>
            </TextLine>
            <TextLine id="tr_2_tl_9" custom="readingOrder {index:8;}">
                <Coords points="4068,3110 6391,3101 6474,3012 4068,3046"/>
                <Baseline points="4086,3108 4152,3108 4242,3102 4331,3096 4421,3102 4510,3096 4600,3096 4689,3096 4779,3090 4868,3090 4957,3090 5047,3090 5136,3096 5226,3090 5315,3090 5405,3084 5494,3090 5584,3084 5673,3084 5763,3078 5852,3078 5942,3078 6031,3072 6121,3072 6210,3072 6300,3072 6389,3072 6479,3054"/>
                <TextEquiv>
                    <Unicode>te weiter als in dem ganzen abgelaufenen Jahr-</Unicode>
                </TextEquiv>
            </TextLine>
            <TextLine id="tr_2_tl_10" custom="readingOrder {index:9;}">
                <Coords points="4056,3188 6363,3163 6363,3095 6181,3073 4059,3110"/>
                <Baseline points="4074,3186 4134,3180 4224,3180 4313,3180 4403,3180 4492,3180 4582,3174 4671,3168 4761,3168 4850,3168 4940,3168 5029,3168 5119,3168 5208,3168 5298,3162 5387,3162 5477,3162 5566,3162 5656,3162 5745,3162 5835,3156 5924,3156 6014,3156 6103,3150 6193,3150 6282,3150 6372,3150"/>
                <TextEquiv>
                    <Unicode>hundert.Und Berjenige.der anthroposentrische</Unicode>
                </TextEquiv>
            </TextLine>
            <TextLine id="tr_2_tl_11" custom="readingOrder {index:10;}">
                <Coords points="4056,3268 6174,3262 6307,3246 6307,3169 4056,3188"/>
                <Baseline points="4074,3263 4164,3257 4253,3257 4343,3251 4432,3251 4522,3251 4611,3251 4701,3251 4790,3245 4880,3245 4969,3245 5059,3245 5148,3245 5238,3239 5327,3245 5417,3239 5506,3239 5596,3239 5685,3233 5775,3233 5864,3233 5954,3233 6043,3227 6133,3227 6222,3227 6312,3221"/>
                <TextEquiv>
                    <Unicode>Naturwissenschaft treibt, der Arzt, den seine</Unicode>
                </TextEquiv>
            </TextLine>
            <TextLine id="tr_2_tl_12" custom="readingOrder {index:11;}">
                <Coords points="4068,3367 6462,3345 6465,3212 4071,3280"/>
                <Baseline points="4086,3353 4146,3341 4236,3335 4325,3335 4415,3329 4504,3329 4594,3329 4683,3329 4773,3323 4862,3323 4952,3323 5041,3323 5131,3323 5220,3323 5310,3317 5399,3323 5488,3317 5578,3311 5667,3311 5757,3311 5846,3317 5936,3317 6025,3311 6115,3305 6204,3305 6294,3305 6383,3305 6473,3299"/>
                <TextEquiv>
                    <Unicode>ganze Studienrichtung zur Anschauung führt, der</Unicode>
                </TextEquiv>
            </TextLine>
            <TextLine id="tr_2_tl_13" custom="readingOrder {index:12;}">
                <Coords points="4056,3429 6162,3416 6431,3333 4056,3376"/>
                <Baseline points="4074,3418 4110,3412 4200,3412 4289,3412 4379,3412 4468,3406 4558,3406 4647,3406 4737,3406 4826,3400 4916,3400 5005,3400 5095,3394 5184,3394 5274,3394 5363,3394 5453,3394 5542,3394 5632,3388 5721,3388 5811,3388 5900,3388 5990,3382 6079,3382 6169,3382 6258,3376 6348,3376 6437,3370"/>
                <TextEquiv>
                    <Unicode>sehen lernen muss, wie kein Anderer,in das Ge-</Unicode>
                </TextEquiv>
            </TextLine>
            <TextLine id="tr_2_tl_14" custom="readingOrder {index:13;}">
                <Coords points="4056,3503 6375,3496 6406,3404 4059,3429"/>
                <Baseline points="4074,3496 4086,3496 4176,3490 4265,3490 4355,3490 4444,3490 4534,3484 4623,3484 4713,3484 4802,3484 4892,3478 4981,3478 5071,3478 5160,3472 5250,3472 5339,3472 5429,3472 5518,3472 5608,3466 5697,3466 5787,3466 5876,3466 5966,3460 6055,3466 6145,3460 6234,3460 6324,3460 6413,3454"/>
                <TextEquiv>
                    <Unicode>heimnis des Organischen sich am tiefsten ein-</Unicode>
                </TextEquiv>
            </TextLine>
            <TextLine id="tr_2_tl_15" custom="readingOrder {index:14;}">
                <Coords points="4068,3580 6341,3583 6360,3484 4068,3521"/>
                <Baseline points="4086,3567 4128,3567 4218,3573 4307,3567 4397,3561 4486,3561 4576,3567 4665,3561 4755,3561 4844,3561 4934,3555 5023,3555 5113,3555 5202,3555 5292,3549 5381,3549 5471,3549 5560,3549 5650,3543 5739,3543 5829,3543 5918,3543 6008,3543 6097,3543 6187,3543 6276,3543 6366,3549"/>
                <TextEquiv>
                    <Unicode>schleicht, gerade der müsste, wenn er das Zeug</Unicode>
                </TextEquiv>
            </TextLine>
            <TextLine id="tr_2_tl_16" custom="readingOrder {index:15;}">
                <Coords points="4068,3660 6329,3635 6264,3552 4071,3583"/>
                <Baseline points="4086,3657 4098,3651 4188,3651 4277,3645 4367,3645 4456,3639 4546,3645 4635,3639 4725,3639 4814,3633 4904,3633 4993,3633 5083,3633 5172,3633 5262,3633 5351,3633 5441,3627 5530,3627 5620,3627 5709,3621 5799,3621 5888,3621 5978,3621 6067,3621 6157,3615 6246,3615 6336,3621"/>
                <TextEquiv>
                    <Unicode>hat, seinen Beruf richtig auf zufassen, in den</Unicode>
                </TextEquiv>
            </TextLine>
            <TextLine id="tr_2_tl_17" custom="readingOrder {index:16;}">
                <Coords points="4049,3744 6369,3710 6369,3620 4052,3657"/>
                <Baseline points="4069,3722 4140,3722 4230,3717 4319,3717 4409,3717 4498,3717 4588,3711 4677,3711 4767,3711 4856,3711 4946,3705 5035,3705 5125,3705 5214,3705 5304,3705 5393,3705 5483,3705 5572,3705 5662,3699 5751,3699 5841,3699 5930,3699 6019,3699 6109,3693 6198,3693 6288,3687 6377,3687"/>
                <TextEquiv>
                    <Unicode>Reihen der Vorurteilslosen am weitesem voran</Unicode>
                </TextEquiv>
            </TextLine>
            <TextLine id="tr_2_tl_18" custom="readingOrder {index:17;}">
                <Coords points="4099,3830 5263,3796 5445,3861 5903,3787 6199,3849 6493,3793 6493,3694 4102,3759"/>
                <Baseline points="4116,3806 4170,3800 4259,3794 4349,3794 4438,3794 4528,3794 4617,3788 4707,3788 4796,3788 4886,3788 4975,3788 5065,3788 5154,3788 5244,3788 5333,3788 5423,3782 5512,3782 5602,3782 5691,3788 5781,3782 5870,3776 5960,3776 6049,3776 6139,3776 6228,3776 6318,3770 6407,3770 6497,3770"/>
                <TextEquiv>
                    <Unicode>geschritten sein.Die mächtige Eindringlichkeit</Unicode>
                </TextEquiv>
            </TextLine>
        </TextRegion>
    </Page>
</PcGts>
