6728 4216
5590 265 6052 421 Med. Krit
3823 507 6202 647 Ueber multiple inselförmige Sklerose des Cen-
3769 644 5520 800 tralnervensystems im Kindesalter.
3756 794 5794 966 Eine pädiatrische-klinische Studie von
6062 829 6397 995 3/4 & 3
3970 931 4974 1103 Dr. L. Unger in Wien.
6078 960 6311 1113 I, 14
3769 1033 5976 1158 Verlag von Toeplitz & Deuticke,Wien,1887.
4180 1164 6291 1276 Im Anschluss an einen Fall von multipler
3775 1263 6142 1355 inselförmiger Sklerose im Kindesalter, den der
3775 1339 6285 1476 Verfühst zu beobachten Gelegenheit hatte, legt
3865 1429 6295 1537 er hier eine mit kritischem Ernste gearbeitete
3811 1483 6142 1591 Studie über die betreffende Literatur vor.Er
3753 1594 6011 1684 stellt 19 Fälle zusammen,die fast durchwegs
3756 1652 6291 1763 diagnostisch zweifellos dest stehen,-und gibt da
3769 1741 6285 1830 mit zugleich wohl die gesammte Ausbeute, die über
3769 1814 6237 1910 diesen Gegenstand aus Büchern und Zeitschriften
3791 1907 6247 2012 zu holen war.Aus Unger's Monographie geht her¬
3763 1961 6224 2066 vor, dass die cerebrospina le Sklerose des Kindes
3775 2028 6323 2165 sich von der des Erwachsenen in Symptomen und Ver
3763 2111 6177 2235 lauf kaum unterscheidet; auffallend indess sind
3750 2159 6314 2299 drei Fälle von vollkommener Wiederherstellung,die
3750 2286 6285 2379 der Autor anführt, und welche er der sogenannten
3769 2360 6126 2452 form fruste zurechnet, einer Verlaufsvarietät
3804 2414 6291 2532 der Herdsklerose,die insbesondere bei jugendli-
3769 2513 6311 2605 chen individuen vorkommt und bei welcher die ma-
3775 2605 6285 2688 tomische Beschaffenheit der herdweisen rokalisa¬
3769 2672 6285 2755 tionen noch nicht den destruktiven Charakter, der
3750 2755 6237 2867 denselben für gewöhnlich zukommt,angenommen ha-
3750 2838 6285 2927 ben, sondern wo es sich vielleicht blos um Hyper-
3763 2924 6237 3013 ämie oder höchstens um solche Gewebsveränderun¬
3756 3004 6129 3084 gen handeln dürfte, die nach einer Rückbildung
3750 3055 6196 3166 fähig sind. Die bezüglichen Krankengeschichten
3798 3125 6285 3237 bringen in der Tat das typische Bild der multi-
3750 3211 6282 3339 plen Inselförmigen Sklerose in einer unwiderleg-
3756 3307 5242 3460 lichen Weise zur Anschauung.
