6808 4392
5251 439 5774 598 Med. Krit.
4021 586 6162 728 hältnissen zwischen Mann und Weib, wie sie
4021 662 6415 824 uns in Zolas Assomoir „Strindbergs “Verheira-
4015 776 6412 863 teten,Arne Garborgs Aus der Männerwelt dar-
4039 842 6271 974 gestellt werden. Man lese doch einmal diese
4027 938 6295 1023 Werke und suche sich über die Weltanschauung
4012 980 6358 1086 klar zu werden, die darin entwickelt wird. Für
4015 1065 6424 1191 die albernen Jungen, welche den grossartigen Pes
4009 1152 6424 1239 simismus dieser Werke übersehen und sich durch
4054 1212 6418 1350 die in denselben enthaltenen erotischen Szenen
4081 1299 6367 1401 zur Sünde verlocken lasen - für diese haben
4009 1365 6391 1471 freilich Zola und Strinberg nicht geschrieben.
4009 1465 6400 1546 Aber hätten sie um dieser „Leser willen - die
4009 1531 6253 1645 wohl noch andere bequemere Arten der Verlo-
4000 1597 6397 1699 ckung finden mochten - das künstlerische Ganze
4006 1675 6409 1789 ihrer Produktionen verzerren sollen?- Wie wenig
4009 1762 6262 1853 sich Herr Ribbing übrigens über die Grenzen
4006 1841 6256 1937 einer erlaubten Kritik Rechenschaft gegeben
4006 1895 6343 2009 hat - ganz abgesehen von der Richtigkeit oder
4015 1994 6406 2093 Unrichtigkeit seines persönlichen Standpunktes
4006 2072 6409 2177 zeigt die Bemerkung betreffend Ola Hansson, ei-
4006 2159 6244 2247 nen hochbegabten jungen Schriftsteller, über
4006 2229 6126 2352 dessen Helden er nach Zitierung einzelner
4000 2283 6349 2391 Stellen aus den "Sensitiva amorosa" - Folgen-
4006 2370 6400 2487 des sagt: „Ich stelle es den Eltern und anderen
4000 2451 6349 2541 Pflegern der Jugend anheim, ob ein solches In-
3997 2520 6379 2620 dividuum noch das Recht hat, sich unter der an-
3994 2595 6355 2731 deren Gesellschaft frei zu bewegen, oder ob es
4000 2680 6253 2779 nicht, sich selbst und der Allgemeinheit zum
4000 2752 6283 2869 Frommen,in eine Pflege- und Besserungsanstalt
3994 2848 5299 2944 interniert werden sollte.
4457 2875 6343 3044 Ich kann hier nicht alle Stellen Ola
3982 2983 6280 3104 Hanssons anführen, auf welche sich Dr.Ribbing
3994 3062 6391 3158 bezieht - ich bringe nur die letzte, welche lau
3994 3152 6385 3239 tet: „Ich habe vielerlei - meist billig zu er-
3994 3209 6385 3314 kauf enden - Umgang mit dem anderen Geschlechte
3982 3311 6373 3438 gehabt, in ein paar Fällen auch aus reiner Nei-
4006 3386 6123 3471 gung; alle Mal aber waren das Ziel und der
3994 3420 6235 3552 Schluss dasselbe: wenn ich erreicht, was ich
3988 3522 6277 3624 wollte, war die Geschichte aus - ein Gelüste,
3988 3600 6277 3741 ein brutaler Akt,Eschlaffung,gewöhnlich eine
