6728 4408
5412 494 6002 647 Med. Krit.
3932 647 6218 791 werden sich davon ebenso willkürliche andere
3938 755 6209 884 Bilder machen. Je mehr ich aber jenen Zusam-
3944 857 6158 946 menhang beachte, desto natürlicher und aus¬
3944 887 6227 1015 schliesslicher wird mein Bild sein, Weil man
3941 979 6191 1099 nun im Hypnotismus nur eine wunderliche Ein¬
3950 1057 6182 1174 zelheit sieht, wert bloss der Neugierde, Ver-
3947 1102 6173 1240 achtung oder gnädigen Annahme als einer Ku-
3932 1204 6131 1300 riosität, so pfeift eben jeder sein eigenes
3932 1267 6164 1390 Liedel dazu. In der Kunst gab s eine ähnli-
3938 1324 6218 1474 che Erscheinung. Frühere Zeiten, das griechi¬
3932 1408 6251 1530 sche Aleertum, das Mittelalter der Minnesäger,
3938 1506 6233 1608 hatten in den zu komponierenden Liedertesten
3938 1569 6340 1683 etwas gesehen, was nach seinem inneren Wert ver-
3938 1647 6065 1779 sten, gewürdigt werden sollte.und nur eine
3938 1710 6113 1839 streng entsprechende Melodie vortrug. Aber
3932 1800 6224 1914 dann kamen die Meistersänger und entwerteten
3944 1863 6290 1992 die Texte, indem sie eigene immer wiederkehren-
3920 1953 6122 2079 de Weisen hatten, die jenen Texten beliebig
3938 2031 6062 2135 aufgesetzt wurden. Ein Verfall sowohl der
3938 2076 6263 2213 Dichtung als der Musik war die Folge, und erst
3941 2183 6167 2288 späteren Zeiten blieb die Wiedervereinigung
3944 2255 6074 2369 beider - besonders durch Richard Wagner -
3938 2333 6292 2462 vorbehalten. Man weiss von den drolligen Namen
4013 2411 6275 2528 jener Melodien der Meistersinger. An sie mö-
3929 2474 6206 2618 gen wir uns erinnern, wenn wir sehen, wie die,
3917 2549 6254 2660 so zur Würdigung ernster Dinge berufen wären,
3926 2636 6173 2752 diesen einfach ihre bereits fertigen Weisen
3920 2698 6194 2812 aufmutzen.Wir finden viele derkalten Gesänge
3926 2809 5349 2890 wieder. Da ist zunächst die
4289 2839 6242 2974 Schreibpapierweis und die Schwarz-Tin-
3932 2917 6122 3040 tenweis; gesungen von denen, die statt durch
3938 3004 6266 3118 experimentelle Fragen an die Natur blos durch
3926 3103 6167 3220 das eigene Schreibzeug klug werden und klug
3905 3184 5912 3306 machen wollen. Da ist dann weiters die
4349 3250 6098 3360 verschalkte Fuchsenweis, bei denen
3914 3303 6236 3447 die den Hypnotismus erst recht listig schädi¬
3920 3405 6113 3531 gen und dann rufen:..Seht so schlimm steht
3914 3480 5133 3588 es mit ihn! Ferner die
4397 3540 6191 3654 kurz üffenweis und die Kälberweism,
3908 3642 6119 3774 der Sang derer, die (wie sie Du Prel) schla
