6744 4408
5107 477 5867 679 Med. Krit. 80
3846 640 6002 832 sobald Laenhand nach dem Gift; aber rasch
3852 766 6137 916 langt sie zu, wenn der Chemiker ihr das Zulan-
3840 826 6140 982 gen überlässt. Und trödelt der Professor
3840 901 6041 1054 der Philosophie seinen Spinoza, tändelt der
3846 985 6074 1120 Student der Philosophie mit seinem Hypotis-
3846 1033 6101 1195 mus. Er tät s zwar nicht, wenn keine Spur da
3843 1129 6038 1282 von aufgekommen wäre. Doch die Spuren sind
3846 1204 6026 1357 da, und der Spürsinn auch, in der Menschheit
3840 1258 6182 1432 nicht minder wie in der Polizei. Er sei geseg-
3852 1348 6197 1498 net, und liebenswürdig ist er selbst in seinen
3846 1429 6020 1570 Fehlgriffen. Und die ihn bilden sollten und
3843 1510 6170 1657 es nicht wollen, die eben belasten mit den Ge-
3858 1624 4948 1750 fahren ihr Gewissen.
4432 1615 6146 1783 Der hypnottschen Gefahren grösste,
3858 1744 6143 1883 vielleicht die einzige von Gewicht, ist gerade
3858 1802 6158 1964 diese. Ihr wolltet mit dem Hypnotismus wis¬
3852 1847 6197 2033 senschaftlich nichts zu tun haben, weil er die
3900 1967 6095 2117 Gesellschaft allerwegen schädigt. Wir aber
3849 2045 6236 2207 sagen euch: er schädigt allerwegen die Gesell-
3858 2093 6272 2252 schaft, weil ihr, die Wissenschaftlichen,ihn ver-
3870 2198 6230 2339 leugnet. Tut es nicht; der Gemeinschaft gefähr-
3858 2288 5392 2453 detes Wohl bittet euch darum.
4480 2297 6092 2528 D a s soll nun eine gemeinver-
3849 2441 5329 2576 ständliche Darstellung sein
4486 2459 6155 2630 Der Humor des achten Abschnittes
3858 2597 5990 2735 dürfte auch nicht auf allgemeine Würdigung
3849 2669 6059 2795 stossen. Im übrigen - die Allgemeinheit ur
3873 2747 5999 2879 teile selbst: man lese das ganze Schluss¬
4510 2825 6152 3024 Und nun vergossen wir des grim-
3870 2864 4191 2969 stück.
3852 2975 6113 3105 migen Ernstes und erholen uns zum Beschluss
3870 3087 4984 3198 an heiteren Weisen...
4483 3117 6230 3246 Dass zum Hyptnotismus so verschie-
3858 3198 6179 3327 dene Melodien gesungen werden,wie bisher ge¬
3864 3252 6179 3405 zeigt wurde, ist leicht erklärzlich. Nehme ich
3882 3351 6062 3492 irgend ein Stückchen Welt und betrachte es
3876 3426 6053 3564 rein für sich, ohne seinen Zusammenhang mit
3867 3510 6167 3627 dem, wozu es gehört wird das Bild, das Ich mir
3864 3591 6170 3759 davon mache, sehr willkürlich sein, und Andere
