6888 4232
5739 333 6382 529 Med. Krit.33
4427 522 5325 710 London er Briefe.
3898 650 6406 848 (Original-Kprrespondenz der „Inter.kl.Rundsch.).
4191 939 6366 1107 Es war ein junger englischer Arzt, der mir
3885 1064 6413 1208 gegenüber das bedeutungsvolle Wort aussprach: Wir
3821 1145 6517 1269 können hier unsere Studien nicht beenden: wir müssen
3831 1232 6453 1360 nach dem Ausland gehen, um uns vollkommen auszubil-
3861 1333 4110 1458 den
4194 1343 6450 1511 Viele, die meisten seiner Kollegen, sind der-
3821 1471 6342 1586 selben Ansichtwir sehen es alljährlich in Wien,
3811 1525 6470 1673 wohin sich noch immer der Hauptstrom der Engländer
3831 1629 6342 1727 und Amerikaner wendet, da die Wiener medizinische
3831 1686 6490 1814 Schule von ihrem imposanten Rufe im Auslande wenig-
3824 1774 6366 1882 stens noch nichts eingebüsst hat. Und alle diese
3831 1841 6406 1963 Fremden kommen mit einer Fülle an genehmer Erinne-
3824 1922 6352 2033 rungen und wohltätiger Anregungen in ihre Heimat
3838 2003 6460 2117 zurück; sie haben ein reiches Material und die vor-
3831 2084 6295 2195 züglichste Gelegenheit gefunden,es auszunützen;
3814 2148 6520 2269 sie haben sich, soweit sie die Sprache beherrschten,
3831 2235 6450 2353 an den Vorträgenglänzender Lehrer erbaut,und jenes
3871 2309 6436 2404 unleidliche Parteigetriebe, das den Einheimischen
3814 2390 6359 2518 mit seinem Lärme quält, konnte sie weder in ihrer
3821 2494 5780 2592 Arbeit, noch in ihrer Stimmung stören,
4194 2555 6419 2649 In den letzten Jahren hat man öfters sagen
3814 2636 6342 2717 hören, dass diese Ueberflutung der Wiener medizi-
3824 2686 6517 2801 nischen Schule durch überseeische Elemente den Wie-
3831 2774 6490 2882 ner Studenten zum Nachteile gereiche; einzelne Assi-
3868 2858 6305 2956 sten wurden einer allzugrossen Zuvorkommenheit
3814 2956 6480 3043 gegen die englischen und amerikanischen Aerzte be-
3824 3033 6517 3134 schuldigt, und mancher redlich strebendd Wiener Stu-
3871 3110 6258 3198 dent sollte erfahren haben, dass auch hier das
3814 3164 6342 3262 Recht der Reicheren das Recht der Stärkeren sei.
3821 3245 6500 3376 Mag dieser leisen Klage auch ein Schein von Berech-
3821 3339 6406 3434 tigung innewohnen, niemals könnte die Wiener medi-
3824 3407 6413 3504 zinische Schule ohne Schaden auf den Besuch ihrer
3814 3484 6473 3575 Gäste verzichten, die ihren Ruhm über Land und Meer
3891 3568 6520 3636 tragen, ihr wieder neue Freunde und neue Gäste wer-
3814 3636 6312 3750 ben und die ihr einen internationalen Charakter
