6856 4232
5716 443 5875 599 31
5092 474 5575 624 Med. Krit.
3906 565 6087 796 tischen Aerzte gewiss noch nicht genügend
3916 755 4905 920 gewürdigten Bilder.
4327 811 6271 1011 Nun folgen als letztes Kapitel einige
3928 924 6128 1114 Notizen über die Beteiligungen des Nerven¬
3925 992 6112 1179 systems bei hereditärer Lues.Der Abschnitt
3934 1020 6327 1270 iss kurz - der Autor scheint ermüdet.Doch nein
3978 1136 6131 1351 nicht er die Wissenschaft stockt hier.Mi-
3941 1232 6243 1413 kroskop und Spekulation haben noch nicht al¬
3947 1298 6184 1491 les erkundet; was sie aber bisher zu finden
3934 1379 6184 1572 vermocht, wird getreulich von unserem Autor,
3931 1448 6243 1657 dem kein Winkel dieser winkelreichen Litera¬
3987 1548 6140 1722 tur verborgen blieb, aufgezeichnet und mit
3956 1675 5058 1853 Rahdglossen versehen.
4337 1766 6249 1934 Wir glauben schon zu Ende gelesen zu
3919 1860 6327 2062 haben, als uns der Verfasser mit dem vorsichti-
3950 1941 6265 2125 gen Worte: Allgemeine Schlussbemerkungen zu
3934 2031 6240 2175 einer letzten Umschau einladet. Wir haben sie
3931 2100 6256 2281 nicht zu bereuen, so wenig Neues sie uns auch
3990 2231 4902 2381 zu bieten vermag.
4402 2293 6315 2493 Die Bemerkungen über die Prognose, im
3953 2415 6312 2571 Laufe des Buches von Fall zu Fall eingestreut
3947 2468 6418 2652 werden nun zusamengefasst und abgeschlossen. Z-
3947 2571 6421 2730 Das Kapitel über Prophylaxe muss sich,wie in je-
3947 2640 6424 2814 dem Buche über die Syphilis mit einigen senti-
3953 2693 6458 2892 mentalen Betrachtungen über die Unzulänglichkeit
4006 2811 6277 2958 der administrativen Einrichtungen, über die
3959 2867 6384 3042 Gefahren der öffentlichen und geheimen Prosti-
4019 2958 6337 3095 tution, u.s.w. begnügen; zeigt aber in seiner
3959 3030 6243 3195 Kürze den Mann von Geist, der dort,wo es mehr
3975 3114 6443 3279 Phrasen als Exaktes zu reden gibt, lieber wenig
3972 3167 6477 3354 sagt; das abschluessende Kapitel endlich, welches
3981 3267 6399 3429 die Therapie zum Gegenstande hat, mahnt uns mit
3969 3345 6234 3494 seinen trockenen Wahrheiten in unangenehmer
3981 3423 6458 3597 Weise daran, dass dem verderblichen Krankheitsge-
3966 3507 6452 3685 nius gegenüber, der gleichsam erst nach längerem
