6744 4216
3702 474 4713 634 Kritiken. (Charcot)
4114 606 6246 758 Charoot hat sich neuerdings besonders mit
3742 721 6239 843 dem Studium der Neurosen beschäftigt,und in sei-
3746 805 6183 905 nen neuen Vorlesungen lenkt er die Aufmerksam-
3742 896 6193 1002 keit der Leser hauütsächlich auf das angeführte
3805 961 6005 1089 Gebiet. Man wird die 28 Kapitel des Werkes
3805 1027 6164 1155 mit ebensoviel Vergnügen als Nutzen lesen,und
3752 1130 6077 1248 das Interesse des Gegenstandes,gehoben durch
3755 1183 6130 1317 die meisterliche Durchsichtigkeit der Schilde
3758 1280 6102 1380 rung, deren glänzende Seiten uns häufig an die
3805 1327 6208 1461 Klinik von Trousseau gemahnten,wird dem Werke
3746 1423 6211 1542 so viel Freunde schaffen, als die Nervenhatholo-
3752 1523 5081 1639 gie selbst solcher zählt.
4126 1620 6249 1764 Wir möchten hier nur auf einige besonders
3752 1754 6218 1857 beachtenswerte Vorlesungen hinweisen,unter wel-
3758 1826 6177 1929 chen uns jene mit der grössten Vorliebe vorge-
3764 1891 6236 1994 tragen scheinen, wo die Hysterie selbst oder ein
3758 1976 6239 2104 ihr mindestens verwandter Fall abgehandelt wird,
3764 2057 5971 2144 und Partien,wie die folgenden: "Hysterie im
3764 2119 6233 2235 Knabenalter, zwei Fälle von hysterischer Kontra
3817 2204 6080 2300 tur traumatischen Ursprungs, sechs Fälle von
3758 2291 6139 2400 männlicher Hysterie, Spiritismus und Hysterie,
3764 2375 6164 2469 zwei Fälle von hysterischer Hemiplegie des Ar-
3758 2450 6249 2559 mes aus traumatischer Ursache bei Männern u.a.m.
3774 2519 6127 2641 nehmen vom ersten bis zum letzten Worte unser
3758 2631 5849 2712 ausserordentlichstes Interesse gefangen.
4145 2700 6018 2859 Insbesondere über männliche Hysterie
3746 2781 6177 2934 führt Charcot eine Fülle von anregenden Beob-
3761 2897 6267 3024 achtungen ins Feld, auf die Aktualität des Gegen
3817 2981 5965 3090 standes hinweisend, über welchen vom Jahre
3814 3006 6264 3162 1875-1880 5 Inauguraldissertationen der Pariser
3758 3146 6193 3234 med. Fakultät überreicht wurden.-Die männliche
3764 3190 6224 3327 Hyseerie, sagt Charcot, ist ein häufiges Vorkomm-
3820 3249 6239 3399 nis in der gewöhnlichen Krankenpraxis.Er weist
3758 3362 6146 3480 auf den aetiologischen Wert eines eventuellen
3764 3440 6030 3558 Traumas hin und sieht auch in dem einfachen
3758 3458 6230 3671 psychischen Shok ein bedeutsames Moment für die
