6664 4280
5223 482 5958 632 Med.Krit. 47
3737 607 6030 810 verlassen und dem Besuche4.welcher durch die
3731 747 6039 882 einfachen und nett gehaltenen Räumlichkeiten
3731 816 6089 970 desselben wandelt, fällt in der Tat ein Schim-
3734 876 6086 1048 mer von Zufriedenheit, Wohlbefinden und selbst
3734 973 5920 1110 von einer etwas verspäteten Tugend auf, der
3719 1026 6024 1188 auf den Gesichtern dieser reuigen Magdalenen
3731 1063 6121 1260 liegt. Für diese Tugend ist durch die Weisheit
3744 1229 5999 1339 der Verwaltung in der besten Weise gesorgt.
3728 1276 5867 1414 Die Bewohnerinnen dürfen nämlich das Asyl
3731 1360 6055 1495 im Allgemeinen während der ganzen Dauer ih -
3737 1404 6092 1570 res Aufenthaltes nicht verlassen. Dem Gottes-
388 1501 557 1608 G.H.F.P.F:F:P:4F:4:4
3737 1492 5992 1639 dienste, welcher in der grossen mit dem Asyl
3750 1551 6114 1717 in direkter Verbindung stehenden vapelle abge-
3731 1658 6005 1795 halten wird, wohnen die büssenden Sünderinnen
3737 1708 6117 1886 hinter Verschlägen bei,wohin das Auge der übri
3750 1808 6089 1958 gen frommen Gemeinde nicht zu dringen vermag;
3766 1889 6089 2005 dort sitzen sie, ungesehen, unerkannt und dan-
3744 1948 6124 2095 ken dem Himmel, der selbst ihre Syphilis zumbe-
3731 2077 4679 2205 sten gewendet hat.
4150 2102 6039 2277 Auch mit der Idee eines „Cancer-Hos-
3756 2189 5958 2364 pitales,wie ein solches in London besteht
3753 2264 6133 2405 kann man sich schwer befreunden; die schönsten
3740 2346 5999 2493 statistischen Ausweise und die glänzendsten
3759 2414 6017 2546 Operationsresultate haben uns vorderhand die
3750 2480 6052 2630 Heilbarkeit des Krebses noch nicht Hausibel
3744 2555 6008 2724 zu machen vermocht und es liegt selbst
3778 2627 6005 2771 was Grausames darin, einen Kranken in einem
3750 2699 5786 2877 Spitale unterzubringen, dessen Benaanung
3806 2715 6174 2918 von ihm bereits verlangt,dass er beim Eintritt
3756 2846 6205 3018 alle Hoffnung lasse! Die Hospitäler für Schwind-
3756 2971 6171 3087 süchtige und Brustkranke, deren Eond on fast ein
3759 3021 6217 3162 halbes Dutzend zählt, haben nicht ganz dieselben
3750 3128 6227 3249 Bedenken gegen sich, einerseits sind die Grenzen
3744 3196 6252 3325 hier nicht so strenge gezogen, dann sind die Aus-
3756 3265 6171 3390 sichten für den Kranken nicht so unerbittlich
3772 3343 6274 3484 trübe, und da man ja endlich gerade diese Patien-
3816 3440 6302 3562 ten In ganz bestimmte Lebensbedingungen zu brin-
3816 3512 6277 3647 gen die verpflichtung hat, so kann man die Ten¬
3769 3584 6224 3756 denz solcher Spitäler noch am ehesten gelten
3756 3709 4163 3828 lassen.
