6728 4216
5504 477 6184 641 Med.Krit. 26
3853 748 6136 927 auf Einflüsse eines krankmachenden Agens zu
3865 882 4404 998 reagieren.
4378 983 6231 1123 Einige Worte gehören der geschicht¬
3862 1052 6240 1204 lichen Entwicklung der in dem Buche behandel¬
3859 1150 6258 1293 ten Lehre;gleich darauf folgt eine Besprechung
3871 1228 6017 1356 der Untersuchungsmethoden; der Beziehungen
3865 1275 6184 1424 des klinischen Bildes zu den Ergebnissen pa¬
3877 1368 6181 1511 thologisch-anatomischer Forschung; ein ausge¬
3865 1481 6070 1582 dehntes Kapitel über diese letzteren, wobel
3865 1550 6166 1669 der Erwähnung eigener Untersuchungen ein er-
3865 1627 6178 1734 heblicher Raum zufällt. Ueberall wird mit Be-
3877 1681 6216 1812 deutung die hervorragende Rolle betont, welche
3877 1785 6175 1940 die Gefässerkrankungen im Gebiete der syphi-
3871 1886 5495 2000 litischen Nervenleiden spielen.
4396 1985 6184 2128 Interessant und unabgeschlossen,wie
3883 2107 6169 2214 es die Aktualität der Sache mit sich bringt,
3889 2149 6231 2301 gibt sich das Kapitel, in welchem die Arbelten
3889 2232 6130 2357 und Ansichten Lustgartens,Doutreleponts und
3868 2301 6255 2444 Anderer einer auf dem Grunde eigener Arbeiten
3895 2402 5975 2512 erstandenen Kritik unterzogen werden.Der
3889 2453 6154 2605 verf.steht auf dem Standpunkte,dass die Ba¬
3883 2533 6237 2670 cillen mit einiger Wahrscheinlichkeit mit der
3883 2637 6270 2765 Syphilis etwas zu tun haben; dass wir aber in
3886 2700 6106 2840 der xxx vor allem die Mehrzahl der in
3883 2807 6043 2914 luetischen Produkten enthaltenen Mikroben
3883 2876 6207 2986 noch nicht mit Sicherheit zu färben vermögen
3883 2932 6252 3066 und wei ters dass die bisher dargestellten Ba-
3883 3031 6273 3144 cillen nur besser färbare Arten der Syphilis-
3880 3105 6204 3233 bacillen vorstellen.-Mit einigen Bemerkungen
3895 3171 6255 3293 über die Beziehungen der syphilitischen Nach-
3901 3266 6154 3388 krankheiten zur antisyphilitischen Therapie
3889 3376 5468 3481 schliesst der allgemeine Teil.
4473 3445 6172 3618 Der Misserfolg einer antilueti-
3901 3588 6181 3689 schen Therapie kann nicht ohneweiters gegen
3948 3650 6267 3829 die Diagnose einer syphilitischen Erkrankung
