6808 4248
5598 497 6161 682 Med. Krit.
3985 661 6375 813 Tatsachen zu ignorieren und zu witzeln - viel
4000 789 6354 938 zu viel - und schliesslich der folgende Satz:
4458 854 6298 970 Wenn der Angriff der Entzündung mit
3982 917 6298 1060 Erfolg ausgehalten wurde und die akuten Symp
4000 1012 6256 1119 tome vorüber sind, dann kommen di¬ Trümmer
3991 1065 6342 1199 des Sturms,mit denen man sich befassen muss.
4000 1167 6342 1283 Reinigt sich die Zunge in befriedigender Wei-
3991 1250 5914 1399 se, dann ist etwa Folgendes indiziert
4679 1333 5200 1441 Chin.sulf.
4348 1336 4580 1479 Rp.
4673 1369 5881 1554 Acid.phosph.dil. gtt.XV
4685 1491 5262 1592 Infus.gent.
4298 1533 5994 1655 D.S. 3 Mal des Tages zu nehmen.
4417 1616 6048 1765 Dem Cjinin können 5 Tropfen des
3985 1679 5744 1842 LLiqu.Strychn.substituiert werde.
4411 1786 6375 1884 Es schliessen sich hieran einige ganz
4000 1851 6250 1973 flüchtige Bemerkungen über die Merkurialbe-
3997 1920 6292 2048 handlung bei eventuellem Zurückbleiben eine
4006 2021 6396 2119 konsolidierten Partie der Lunge oder einer Ver
4006 2095 6387 2205 dickung an der Pleura oder dem Peritoneum,dam
4006 2161 6393 2286 einige Worte über Ostitis und Periostitis und
4018 2256 6271 2363 über die Ruhe als therepeutische Massregel.
4048 2316 6322 2432 Der Verf. sagt hierüber: „Die Ruhe kann von
4009 2384 6330 2524 sehr wesentlichem Nutzen sein. In der Gelenks
4012 2449 6378 2604 entzündung sehen wir dies auch sofort ein und
4012 2566 6375 2661 verschaffen dem Gelenke Ruhe. Wir umgürten den
4006 2631 6378 2753 Thorax bei einer Pleuresie, wenn eine gebroche-
4012 2699 6322 2836 ne Rippe die Pleura bis zur Entzündung reizt
4018 2798 6351 2890 oder wenn ein aus der Lunge auftauchender Tu-
4006 2863 6328 2973 berkel dasselbe Resultat bewirkt.Aber in der
4000 2941 6381 3054 Behandlung der Perikarditis hat man bedauerli-
4012 3030 6378 3122 cher Weise ganz darauf vergessen.Und wenn ein
4006 3092 6357 3205 Entzündungssturm über die Herzklappen dahin-
4012 3188 6268 3295 fährt und eine Bindegewebsbildung unter der
4006 3253 6366 3372 fibrösen Struktur derselben erregt,da verges-
4018 3321 6387 3449 sen wir ganz besonders die Lehren der Patholo
4012 3438 6200 3566 die. (Wonl nur in London.Der Ref.) u.s.w.
4435 3479 6369 3637 Weiter unten folgt die parenchymatö-
4006 3580 6286 3682 se Entzündung,deren Besprechung folgender-
