6872 4200
5587 369 6266 556 Med.vrit.86
3945 552 6375 767 einige Jahre an der Universität, einige Johrean
3960 642 6319 826 einem Hospital und wird durch die nach Ablauf
3939 705 6353 903 der Studienzeit erfolgende Prüfung,die an ver
3957 798 6279 975 schiedenen Universitäten Kenntnisse von ver-
3957 888 6263 1061 schiedener Ausbreitung voraussetzt, vorent M.
3951 956 6223 1108 B. d. h. Medicinae Baccalaureus und erst nach
3957 1003 6384 1183 1-2 Jahren, entweder nach Veröffentlichung ei-
3951 1096 6254 1266 ner Arbeit oder nach einer neuen Prüfung, wie
3960 1167 6388 1338 sie m nohmal gefordert wird, M.D.,Doktor der Me-
3957 1248 6322 1428 dizin.Je nach der Universität,an der man sei-
3957 1325 6226 1480 ne Studien vollendet, schreibt man sich dann
3951 1366 6288 1580 M.D.L.U.,Doktor der Medizin der Londoner Uni
3960 1484 6251 1639 versbtät, M.D.Edinb.Un.,Doktor der Meizin der
3951 1570 6319 1719 Edinburgher Universität etc. Die Baccalaurei,
3963 1636 6332 1803 resp.Doktoren der verschiedenen universitäten
3957 1723 6217 1884 geniessen nicht alle das gleiche Ansehen; im
3957 1769 6394 1962 Allgemeinen schätzt man einen M.D. L.U. am höch-
3960 1872 6266 2017 sten.Jede Universität, jedes College of phys.
3973 1952 6288 2104 und jedes College of surg. hat seine eigenen
3957 2080 4662 2207 Bestimmungen.
4330 2092 6279 2266 Der General medical Concil von Gross-
3967 2166 6403 2359 britannien waltet über die medizinische Britan-
3967 2253 6403 2436 nia als eine etwas passive Gottheit;er kümmert
3960 2331 6279 2505 sich mehr um die elhische Seite des Gewerbes
3970 2405 6226 2573 und stellt somit eine Art Aerz tekammer dar;
3967 2480 6235 2635 manchmal erlässt er auch einzelne allgemein
3960 2486 6456 2716 haltene Bestimmungen über diesen oder jenen Prü
4022 2610 6291 2793 fungsgegehstand, ohne aber feste und überall
3979 2710 6251 2859 einzuhaltende Gesetze aufz ustellen. Wenn man
3973 2784 6288 2939 die verschiedenen Universitäten und Colleges
3991 2880 6198 3023 zusammenrechnet,die in Grossbritannien das
3988 2939 6400 3116 Recht des Praktizierens verlehen können,so er-
3998 3032 6260 3181 gibt es sich, dass man durch 19 verschiedene
3979 3122 6251 3237 Examina dieses Ziel erreichen kann.Der L.R.
3998 3184 6266 3330 C. Ed. und der M.D.L.U. können friedlich ne
3998 3247 6437 3405 beneinander wohnen und es kann sogar vorkommen,
3985 3343 6440 3495 dass der Licentiate von Edinburgh einen Patien-
4001 3411 6415 3582 ten kuriert, an dem der Doktor vorher vergebens
3985 3517 5320 3697 seine Kunst versucht hat.
