6872 4248
5946 519 6113 675 56
5263 522 5794 693 Med. Krit.
4140 663 6316 815 und Wein,wenn der Zustand kritisch ist.Als
4134 776 6480 907 Medizin kann man folgende Kombination für ein
4140 869 5916 1012 Kind von 7-8 Jahren verschreiben:
5645 934 5866 1039 0.35
4707 934 5236 1054 Kal.chlor.
4131 964 4304 1104 Rp.
5639 982 5973 1137 gtt. X
4719 1018 5492 1161 Tinct.ferr.mur.
4707 1104 5295 1227 Syr.aurant.
4701 1182 5164 1293 A qu.dest
4427 1200 6233 1394 D.S. Jede sechste Stunde zu geben.
4486 1361 6424 1487 Für einen Erwachsenen ist die doppel-
4128 1469 6418 1582 te Dose,in vierstündigen Intervallen zu neh-
4122 1576 6412 1669 men, indiziert. Ist Eiteransammlung in den in
4140 1618 6271 1728 termuskulären Räumen vorhanden,so bewirke
4116 1698 6379 1818 man deren Abfluss unterantiseptischen Kau-
4146 1809 4460 1928 telen.
4480 1824 6394 1958 Das ist Alles, was der Autor dem jun-
4140 1925 6382 2066 gen Arzte an das Bett der Diphtheriekranken
4134 2030 5489 2170 mitgeben zu müssen glaubt,
5597 2042 6325 2188 über Diabetes
4475 2095 5540 2209 Auch die „Abhandlung“
4134 2179 6331 2287 kann in diesee Besprechung kaum mit Still-
4134 2278 5612 2352 schweigen übergangen werden.
4558 2284 6370 2433 „Diabetes ist eine Krankheit, welche
4119 2400 6274 2516 mit der Glycosurie nicht in einem Topf zu
4128 2460 6379 2624 sammengeworfen werden darf,wie dies in frü-
4134 2555 6328 2660 her en Zeiten zu oft geschehen ist.Wenn der
4128 2609 6442 2770 Diabetes eine Folge von Shook oder Emotion
4146 2716 6352 2821 irgem welcher Art ist, so ist er bei weitem
4134 2785 6334 2884 der Behandlung nicht unzugänglich, Opium in
4119 2860 6283 2994 Dosen von O.12-0.20 Gramm Früh und Abends
4140 2943 6331 3039 oder Codein zu 0.02-0.04 leisten oft recht
4128 3036 6388 3146 gute Dienste. Auch ein tonisches Eisenpräpa-
4140 3116 6382 3233 rat mag mit Erfolg gegeben werden. Von gros-
4128 3191 6424 3295 ser Wichtigkeit ist der Vermeidung von Stär-
4128 3254 6388 3376 ke und Zucker, und die Einhaltung einer Diät
4128 3331 6280 3430 von Fleisch und grünen Gemüsen, Mandel-und
4134 3373 6376 3510 Kleb erbiscuits. Aber wegen kleiner Quantitä-
4128 3501 6442 3603 ten Zucker,namentlich bei starken,gut genähr
4146 3579 6277 3675 ten Personen brauchst du nicht zu strenge
4128 3600 6436 3746 in deinem Diätformulare zu sein.Mancher Dia-
4128 3692 6525 3863 betiker ist in Folge einer zu restringierenden
