6808 4360
687 3340 1036 3439 dienst
637 3399 1055 3519 ed ebuey
640 3495 1055 3597 ¬aoneyde.
662 3566 1085 3677 mitzus
538 3609 1327 3736 Herrn Herr Dr. di Pauli.
717 3723 1336 3835 ni mrsz noi
532 3782 1277 3912 Tößwed neb mf.
622 3875 1237 4014 mea ai w essi
5452 569 6265 748 Med.rrit. 64
4008 742 6429 900 schaftliche Ernst,die volle kritische Schärfe,
4073 847 6432 977 dies ausserordentliche Literaturkenntnis die-
4073 925 6435 1030 ses Mannes dazu, um einer Aufgabe, wie der hier
4020 1002 6383 1126 vorliegenden, mit solcher Objektivität gerecht
4020 1085 6281 1206 zu werden.Die vollendete Darstellungsweise,
4060 1163 6460 1277 welche dem Verfasser eigen ist, macht ausserdem
4073 1222 6460 1370 das Studium des Buches nicht nur zu einem loh-
4020 1320 6272 1419 nenden, sondern auch zu einem genussreichen.
4487 1392 6374 1497 Semon geht nach einer kurzen Einlei-
4026 1463 6250 1565 tung auf die Geschichte unserer Frage ein.
4033 1531 6287 1654 E beginnt mit einer scharfen und gerechten
4033 1605 6445 1729 Zurückweisung einiger von Lennox Browne vorge-
4073 1679 6392 1809 brahten Thesen, aus denen eine häufige Trans¬
4023 1760 6374 1890 formation gutartiger Geschwülste in bösartige
4017 1846 6423 1979 in Folge intralaryngealer Eingriffe hervorgin-
4042 1924 6287 2075 ge. Er weist nach, dass sich nirgends in der
4036 1976 6340 2112 literatur vorläufig eine Begründung für die-
4033 2072 6460 2199 se Annahme fi nden lasse. Nun aber wird es not-
4026 2162 6435 2282 wendig, das Verhältnis genau zu ermitteln,hin-
4020 2230 6435 2344 sichtlich der berichteten Fälle eines angebli-
4020 2332 6389 2480 chen Ueberganges die Spreu vom Weizen zu son-
4008 2418 4339 2533 dern.
4496 2462 6395 2570 Im Jänner 1888 wurden nun, Fragebogen
4005 2533 6364 2653 mit dem Centralblatt versandt,welche die fol-
4033 2629 6349 2724 genden Kolumnen enthielten: Name und Wohnort
4026 2706 6340 2805 des Beobachters.-Periode, über die sich seine
4017 2759 6398 2888 Beobachtungen etstrecken.-Gesammtzahl der von
4020 2857 6507 2972 ihm beobachteten gutartigen Kehlkopfgeschwülste.
4033 2938 6306 3034 Von diesen waren Papillome? (Anzugeben,ob mi-
4033 3024 6448 3117 kroskopisch bestimmt oder nur nach Aussehen ge-
4039 3099 6395 3210 schlossen.) - Gesammtzahl der von ihm intrala-
4051 3173 6352 3272 ryngeal operierten gutartigen Neubildungen.-
4033 3256 6327 3362 Gesammtzahl der von ihm intralaryngeal ope-
4079 3309 6454 3433 rierten Papillome. - Von diesen Papillomen re-
4026 3405 6500 3519 zidivierten, resp. machten wiederholte Entfernun-
4039 3482 6476 3593 gen notwendig?- Hat der Beobachter je sponianen
4026 3566 6207 3671 Uebe rgang gutartiger Kehlijopfneubildungen
4039 3634 6398 3788 in bösartige (d.h.ohne vorhergegangene intra-
4023 3708 6395 3863 laryngeale Operation gesehen? - Hat der Beob-
