6840 4328
5294 583 5990 765 Med.Krit. 63
4058 738 6263 911 rege geworden,doch äussere Umstände,die in
4052 844 6294 990 ihrer traurigen und weltgeschichtlichen Be-
4061 936 6187 1081 deutung dem gedächtnis unserer Leser noch
4061 1021 6309 1127 nicht entschwunden sind, machten sie vor et-
4055 1112 6288 1206 wa zwei Jahren zu einer beonders aktuellen.
4046 1163 6342 1288 Es handel te sich nicht allein darum, den Ein-
4061 1258 6354 1364 fluss äusserer Reize an sich auf die Entste-
4061 1333 6300 1452 hung gewisser Formen des Carcinoms festzu-
4058 1388 6345 1504 stellen,wie sie z.B.bei dem Skrotalkrebs der
4067 1482 6391 1613 Schornsteinfeger, dem Lippenkrebs der Pfeifen-
4070 1552 6336 1665 raucher etc. kaum in ihrer verderblichen Wir-
4073 1631 6315 1750 kung bestritten werden können;das wertvolle
4055 1719 6348 1819 das praktisch unendlich wichtige war in der
4110 1798 6446 1941 auf unser Gebiet te schränkten Frage die Lösung
4061 1874 5124 2005 der folgenden Punkte
4492 1908 6424 2090 1. Kommt ein Uebergang gutartiger Kehl-
4073 2014 6446 2172 kopfgeschwülste speziell nach Intralaryngealen
4073 2117 5127 2260 Operationen oft vor?
4468 2148 6306 2281 2. Kann in den nach intralaryngealen
4280 2220 6449 2391 Operationen beob ach teten Fällen eines sol-
4271 2333 6251 2454 chen Ueberganges die Operationsmethode
4116 2400 6357 2561 selbst für denselben verantwortlich gemacht
4061 2533 4441 2667 werden?
4468 2552 6461 2688 Dass durch eine bejahende Beantwortung
4061 2655 6370 2819 der letzteren Frage die intralaryngeale Chi-
4137 2706 6464 2858 rurgie einen argen Stoss erhalten hätte, steht
4067 2810 6446 2925 wohl fest, und es war wahrlich überaus notwen-
4073 2880 6342 3028 dig, da rüber Klarheit zu verbreiten,umsomehr,
4131 2916 6488 3132 als durch unwahre und missverstandene publizis-
4092 3044 6430 3177 tische Erörterungen auch in das Laienpublikum
4167 3110 6318 3250 die ernstesten Besorgnisse hineingetragen
4067 3192 6412 3302 wurden.-Man musste daher den Gedanken Semons,
4067 3265 6361 3408 eine Sammelforschung einzuleiten, um Klarheit
4067 3323 6458 3478 in dieses Gebiet zu bringen, nur mit Freude be-
4079 3429 6424 3557 grüssen, und die rege Teilnahme der Fachgenos-
4079 3508 6361 3636 sen war eine beredte und begeisterte Zustim-
4079 3578 6515 3709 mung zu der glücklichen Idee ihres Londoner Ko-
4085 3678 6348 3785 legen. Allerdings hat die pedaktion kaum in
4073 3712 6500 3879 besseren Händen ruhen können, als in den bewähr-
4092 3821 6436 3955 ten Felix Semons.Es gehörte der ganze wissen-
