6872 4248
5177 347 5880 514 Med. Krit. 50
3892 508 6288 718 Thereapeutisches Hilfsbuch zur rationellen Be-
3852 675 5530 904 handlung in der internen Praxis.
4112 830 5703 997 Für Aerzte und Studierende von
4319 975 5397 1164 J.Milner Fothergill,
3858 1034 6208 1235 autor.Uebers.v.Dr.J.Krakauer, prakt.Arzt,Wien.
3873 1164 6261 1319 Verlag v. Orban & Schwarzenberg, Wien u. Leipzig,
3867 1285 4149 1434 1888.
4282 1316 6357 1533 Bass Herr J.Milner Fothergill die inne
3880 1465 6208 1632 re Nötigung empfunden hat, das hier zu bespre-
3873 1530 6326 1697 chende Büchlein zu schreiben, erscheint mir rät-
3880 1607 6285 1771 selhaft genug:dass je doch Dr..Krakauer das Be-
3883 1666 6354 1839 dürfnis gehabt hat,es zu übersetzen, ist mir völ-
3877 1774 6279 1917 lig unbegreiflich. Ich erkläre mir das erseere
3873 1833 6199 2006 durch das Vorkommen der sogenannten falschen
3880 1913 6313 2093 Inspiritionen; man glaubt etwas sagen zu müssen
3883 2000 6366 2164 es der Welt nicht vorenthalten zu dürfen,und die
3873 2078 6323 2217 innere Stimme spricht: Es ist unumgänglich not-
3883 2149 6223 2301 wendig, dass du ein Buch schreibst! Die innere
3938 2235 6326 2369 Stimme, welche Herrn Fothergill riet,ein thera-
3889 2313 6285 2474 peutisches Hilfsbuch zu verfassen,hätte besser
3889 2390 6298 2558 getan, zu schweigen. Ich erlaube mir dies zu be-
3892 2474 6208 2623 haupten, trotzdem die jebersetzung,welche uns
3907 2533 6248 2688 vorliegt, bereits nach der zweiten Auflage des
3895 2598 6319 2762 englischen Originals erschienen ist. Vergeblich
3889 2694 6295 2845 frage ich mich selbst bei Berücksichtigung der
3889 2790 6326 2948 englischen Studienverhältnisse, nach den Gründen
3907 2836 6397 2988 dieses Erfolges;er kam höchstens in dem überaus
3907 2938 6326 3075 bekannten Namen des Verfassers liegen, der sich
3914 3028 6285 3152 in London als internist eines grossen und ge-
3907 3078 6267 3239 wiss auch begründeten Rufes erfreute.Denn der
6038 3155 6285 3260 laut
3907 3186 5945 3313 Zweck, welchen das Hilfsbuch Fothergills
3920 3220 6375 3406 der Vorrede Dr.Krakauers haben soll, junge und
3907 3335 6165 3489 angehende Aerzte.welche sich direkt von der
3963 3387 6350 3554 Schule auf die Praxiis begeben, in dieselbe ein
3914 3465 6384 3647 zuführen, sie aus Verlegenheiten zu befreien und
4068 3784 5384 3994 eine solche mie heen - -
