6808 4360
5453 429 6079 588 Med.Krit.68
4552 594 6314 710 8216 gutartige Neubildungen wurden
4117 687 6264 777 intralaryngeal operiert. - 31 Mal wird ein
4080 745 6322 866 Üebergang gutartiger Geschwülste in bösarti
4129 849 6395 959 ge nach intralaryngealen Operationen berich-
4094 919 6311 1003 tet. In 16 Gällen ist dieser Oebergang tat-
4088 1000 6403 1092 sächlich erfolgt oder doch als wahrscheinlich
4074 1084 6395 1182 anzusehen. Die anderen 15 sind als sehr frag-
4080 1153 6395 1272 lich, teilweise als ganz unwahrscheinlich auf¬
4080 1237 6206 1330 zufassen. 12 von diesen 15 werden von den
4117 1298 6334 1434 Beobachtern selbst als zweifelhaft bezeich-
4059 1382 4285 1504 net.
4587 1411 6264 1553 Semon lässt nun eine ganz genaue
4062 1518 6363 1646 Beschreibung allerdieser Fälle von Uebergang,
4074 1628 6343 1707 sowohl der anscheinend sicheren, als der zwei
4059 1692 6293 1788 felhaften und unwahrsche inlichen, folgen, und
4068 1773 6305 1860 hier zeigt sich die kritische Meisterschaft
4056 1849 6241 1950 des Autors am bewunderungswürdigsten. Alle
4106 1924 6305 2022 diese Krankengeschichten sowie die sich an
4062 2008 6189 2104 schliessenden Bemerkungen sind lesenswert
4123 2086 6195 2193 und zum Teil selbst hochinteressant; man
4074 2159 6137 2254 überzeuge sich im Texte und man wird es
4051 2217 6346 2332 nicht bereuen. Den Schluss des Buches bildet
4088 2309 6288 2414 ein Ueberblick über das Gesammtergebnis der
4106 2390 4937 2480 Sammelf orschung.
4619 2437 6334 2564 Das gesultat derselben st vor al-
4045 2530 6334 2634 lom die, wie Semon sagt, denkbarst amphatische
4062 2634 6192 2724 und unauf echtbare Verneinung der Frage, ob
4062 2686 6328 2813 ein Uebergang gutartiger Kehlkopfgeschwülste
4062 2784 6247 2898 speziell nach Intralaryngealen Operationen
4106 2848 6290 2964 oft vorkomme. Die Proportion 1: 685 stellt
4094 2932 6120 3068 das Verhältnis des sichern plus wahr
4045 3011 6186 3103 scheinlichen Fälle von Begeneration nach
4045 3039 6334 3190 intralaryngealen Operationen der Gesammtzahl
4051 3167 6328 3260 der letzteren gegenüber; zugleich stellt sich
4030 3239 6334 3321 heraus, dass etwas mehr spontane Degeneratio-
4033 3323 6322 3419 nen in den nichttoperierten Fällen als post-
4045 3410 6273 3500 operative Degenerationen in den intralpryn-
4033 3451 6328 3578 geal operierten erfolgt sind. Der Autor darf
4056 3549 6192 3651 also mit vollem Rechte behaupten, dass ein
4039 3622 6369 3744 Einfluss der Operation auf das Zustandekommen
