6888 4232
5281 569 6083 748 Med. Krit, 30
4021 784 6326 994 Literaturangaben, statistischem Materiale und
4018 916 6254 1072 Krankenge schichten gearbeiteten Abschnitte.
4033 964 6380 1144 in welchem die Frage von der Tabes und Syphi-
4030 1036 6395 1224 lis einer gründlichen Untersuchung unterzogen
4021 1123 6329 1314 wird. Diese Frage ist die Seeschlänge unserer
4018 1177 6395 1383 mediz'nischen Literatur.Hundert Mal aufgewor¬
4030 1257 6374 1455 fen, meist nur mit Vorbehalt und von anerkann¬
4045 1353 6344 1530 ten Autoritäten in völlig divergenter Weise
4039 1425 6191 1620 beantwortet, steht sie nich immer ohne Ab¬
4048 1506 6245 1679 schluss da - eine gewaltige Ironie auf die
4048 1563 6425 1751 scheinheilige Lügnerin Statistik! Auch Rumpf -
4048 1679 6302 1850 der doch gewiss alles gelesen und viele ge¬
4045 1724 6305 1916 sehen - ist zu keinem Resultate gelangt,und
4060 1820 6296 1997 seine Schlussätze sagen weder Ja noch Nein,
4057 1904 6416 2069 sondern haben das vorsichtige Wlrtlein viel¬
4072 1982 6278 2150 leicht zum Leitmotiv.Die Therapie, die der
4066 2066 6236 2239 Verfasser sich zurechtlegt, eine Verbindung
4066 2114 6472 2311 von weiluetischer mit elektrischer Behandlung
4066 2203 6275 2398 verdient in ihrer ganzen Breite an Ort und
4063 2281 6341 2482 stelle nachgelesen zu werden, sie fordert zu
4066 2374 6278 2536 weiteren Versuchen heraus,so viel in diser
4080 2437 6221 2637 Richtung auch neuerdings schon gearbeitet
4066 2602 4398 2712 wurde
4503 2646 6386 2835 Den Beschluss der "Rückenmarkssyphi¬
4089 2766 6350 2925 lis" macht das Kapitel über kombinierte Er-
4083 2901 4682 3051 krankungen.
4515 2973 6490 3146 Im vierten Abschnitte erfahren wir al-
4107 3078 6419 3227 les Wissenswerte über die syphilitischen Er¬
4107 3108 6443 3311 krankungen der peripheren Nerven.Ihre Häufig.
4101 3242 6392 3389 keit, die verhältnismässig günstige Prognose
4107 3257 6428 3482 welche sie geben wird betont und an der Hand
4104 3371 6425 3578 zahlreicher Krankengeschichten und theoreti¬
4113 3431 6490 3625 sch er Erörterungen entrollt uns der Autor ei-
4170 3542 6440 3715 ne Reihe der wechselvollsten und ihrer gan-
4119 3587 6437 3787 zen Mannigfaltigkeit von der Menge der prak-
