6808 4360
5364 482 6062 661 Med.Krit. 70
4042 685 6438 873 Ueber psychische Therapie innerer Krankheiten.
4045 834 6408 1004 von Prof.Dr.Rosenbach in Breslau.Berl.Klinik,
4039 1001 6435 1155 Heft 25.Fischers med.Buchhandlung,Berlin 1890.
4449 1222 6435 1359 Dass die Augustion lange vor der Auf¬
4076 1313 6241 1434 nahme der Hypnose in dem thera peutischen
4045 1404 6286 1522 Schatz der Aerzte eine grosse Rolle bei der
4033 1492 6268 1601 Heilung mancher Krankheitssymptome spielte,
4039 1577 6274 1686 darf wohl als ein vollkommen einwurfsfreier
4097 1653 6368 1771 Satz gelten. System in diese psychische The-
4091 1732 6274 1826 rapie hineinzubringen,wird wohl noch lange
4091 1807 6271 1895 eine schwierige Aufgabe bleiben. Der Autor
4088 1871 6459 1986 der vorliegenden kleinen Broschüre - sie fasst
4082 1968 6447 2056 33 Seiten - unternimmt einen recht ansprechen
4027 2020 6426 2129 den Versuch in dieser Richtung, den wir der Lek
4039 2117 6453 2211 türe der Praktiker bestens empfehlen. Dass der
4051 2186 6429 2296 Verfasser seine lhepretischen Erörterungen und
4082 2256 6432 2396 Schematisierungen nicht durch einige Kranken-
4024 2347 6262 2453 geschichten dem allgemeinen vnteresse näher
4027 2429 6377 2517 gebracht hat, liegt in dem engen Rahmen seines
4009 2505 6256 2611 Aufsatzes begründet. Eine Bemerkung jedoch,
4009 2572 6402 2684 welche sich gleich zu Anfang des Buchs findet,
4061 2669 6435 2766 scheint uns einer Richtigstellung zu bedürfen.
4015 2720 6371 2826 Es heisst dort: „Auch muss hervorgehoben wer-
4015 2811 6447 2920 den, dass ein einmaliges Misslingen der hypnoti-
4009 2884 6299 2993 schen Beeinflussung nicht blos einen Patien-
4073 2966 6311 3072 ten, sondern auch andere,die davon vernommen
4003 3014 6414 3130 haben,ungeeignet macht für das weitere Verfah-
4015 3114 6365 3211 ren nach diesem Prinzip. - Wenn es hier hies
4054 3196 6323 3336 se „ungeeignet machen kann“, so wäre dagegen
4015 3281 6432 3381 nichts einzuwenden; „macht ist entschieden un-
3997 3363 6408 3481 richtig. Bekanntlich ist bei manchen patienten
3997 3433 6283 3527 der erste hypnotische Versuch misslungen,da-
4070 3509 6365 3618 gegen glückte der zweite, oder nach mehreren
3991 3594 6289 3727 missglückten Versuchen ein späterer,in voll-
