6824 4360
5400 443 6026 641 Mod. Krit. 66
4057 649 6373 816 auch ganz losgelöst von dem Buche vollwertig
4043 781 6198 993 bestehen dürfte. In dem nächsten Abschnitt
4083 938 6169 1124 handelt es sich um die Bedeutung der mi
4028 1095 6198 1252 kroskopischen Untersuchung intralaryngeal
4051 1238 6239 1430 entfernte Fragmente für die Differential-
4043 1378 6300 1573 diagnose zwischen gutartigen und bösartigen
4040 1544 6244 1718 Kehlkopfneubildungen,welche der Verfasser.
4080 1715 6189 1867 als eine wertvolle aber nicht unfehlbare
4022 1858 6355 2033 Hilfsmethode der klinischen Diagnose betrach-
4037 2010 6078 2179 tet und die in allen Fällen vorgenommen
4022 2179 6055 2347 werden sollte, in denen sie möglich ist,
4016 2333 6279 2534 In diesem Kapitel entwickelt der Autor auch
4002 2490 6183 2677 seine Ansichten über Mischgeschwülste. -Im
3990 2662 6285 2825 hierauf folgenden Kapitel werden anderweiti
4002 2816 6253 2974 ge differentialdiagnostische Anhaltspunkte,
4005 2915 6329 3166 so: Alter, Heredität, Schmerz,Druckempfindlich-
3990 3105 6332 3279 keit. Lymphdrüsenschwellung,Heiserkeit,Rypam
4040 3259 6268 3434 Dysphagie und vermehrte Schleimabsonderung
3978 3408 4975 3614 gründlich erörtert.
4447 3512 6224 3705 Endlich wendet sich der Autor der
