6776 4392
5353 582 6025 743 Med. Krit. 78
3920 718 6223 920 Der Hypnotismus in gemeinfasslicher Darstel-
3938 839 6313 982 lung.von Dr.Hass Schmidkunz.. Mit einer somnam-
3932 920 6007 1065 bulen Krankengeschichte, „Stuttgart 1692.
4397 1053 6313 1211 Nach der „Psychologie der Augustiön“,
3926 1146 6344 1294 welche als ein bedeutsamer Versuch die Anerken
3935 1226 6261 1375 nung von Philosphen und Serzten fand,hat Dr.
3945 1304 6233 1452 Schmidkunz nun ein neues Buch erscheinen las-
3945 1378 6298 1520 sen,das zu keiner grosen Verbreitung berufen
3948 1452 6323 1598 sein dürfte. Ein Werk, dessen Titel „Der Hypno-
3963 1520 6344 1666 tismus in gemeinfasslicher Darstellung lautet,
3957 1610 6220 1749 ist gewiss nicht verpflichtet.Neues über die
3926 1675 6415 1824 hypnotische Frage zu bringen; eines muss es aber
3935 1765 6261 1892 sein: gemeinfasslich. Die merkwürdige orakel
3932 1842 6366 1985 hafte und altertümelnde Stilart des Verfassers,
3945 1917 6298 2062 welche in der asychologie der Suppstion schon
3938 1975 6419 2140 stellenweise auffiel, ist in dieser neuen Schrift
3957 2065 6236 2223 die uns nun vorliegt, zur Manier geworden, und
3954 2158 6360 2291 ohne dass irgendwie etwas Originelles oder Ein
3957 2239 6242 2362 heitliches in der Form des Vortrages geboten
3951 2310 6357 2434 würde, wird das Buch zuweilen geradezu unlesbar.
3954 2384 6285 2520 Am ärgerlichsten ist der Umstand, dass für die
3938 2468 6301 2598 Adoption die ses Stils, für welche weiter unten
3935 2530 6360 2675 Beispiele angeführt werden sollen,durchaus kei
3954 2604 6335 2756 ne Nötigung vorlag; auch in der individualität
3951 2688 6180 2830 des Verfasers nicht, dessen Darstellungsgabe
3951 2749 6344 2892 in einzelnen gut geschriebenen Partien des Bu-
3957 2839 6137 2982 ches (wie sie sich z.B. im Kapitel über Ge-
3960 2914 6270 3053 schichte des Hypnotismus finden) deutlich zu
3954 3019 6189 3133 Tage tritt. Es ist für gewöhnlich misslich,
3963 3044 6357 3202 aus einem Buche Stellen herauszureissen,und so
3969 3130 6251 3276 lange es sich um eine Kritik des Inhalts und
3960 3223 6332 3347 um die Darlegung des Sinnes in einem Werk han-
3963 3298 6261 3428 delt, wird die se Methode nur mit der grössten
3969 3375 6264 3493 Vorsicht anzuwenden sein. In einem populären
3951 3455 6384 3592 Buche jedoch stellen wir an jeden Satz die For-
3951 3524 6326 3660 derung, klar und leicht verständlich zu sein; -
3951 3607 6230 3781 und wenn hier einige Sätze angeführt werden
