6856 4216
5184 354 5976 521 Med. Krit. 42
3923 518 6387 676 fremden Arzt, der möglichst vieles sehen möchte,
3901 610 6308 771 begreiflicherweise höchst unbequem. Bedenkt man
3882 695 6333 856 welters, dass die Chefs der verschiedenen In-ta-
3942 780 6239 926 tients-Departements ihre Visiten gleichfalls
3901 840 6406 1014 zu dieser Zeit halten und überlegt, welche Entfer
3892 926 6422 1074 nungen zwischen den einzelnen Hospitälern beste-
3895 1020 6242 1178 hen, so kommt man zu der unwiderleglichen Ein-
3904 1090 6362 1232 sicht, dass der fremdländische Arzt einer langen
3895 1162 6330 1311 Reihe von Wochen benötigt, um überhauüt alle je-
3895 1235 6362 1393 ne Männer von wissenschaftlicher Bedeutung kon-
3888 1282 6403 1456 nen zu lernen, und in ihrem Wirken zu beobachten,
3904 1393 6346 1548 derentwegen er einen Rundgang durch das medizi-
3901 1463 6305 1617 nische London unternehmen möchte. Der englische
3911 1545 6355 1706 Student, der an einem Hospital bleibt, Vormittags
3917 1633 6340 1772 seine Arbeiten im laboratorium durchführt, theo¬
3917 1696 6314 1857 retischen Vorlesungen beiwohnt und Nachmittags
3923 1791 6321 1927 entweder seine medizinischen und chirurgischen
3929 1832 6381 2018 Visiten oder irgend eine Ambulanz mitmacht, kann
3911 1943 6378 2082 sich darüber freilich wenig beklagen; der Auslän
3923 2025 6261 2164 der aber wird sehr bald die Unmöglichkeit em-
3923 2097 6280 2255 pfinden, so viel zu sehen und zu lernen, als er
3920 2208 4558 2350 gerne möchte
4485 2217 6438 2375 Ueber die Besetzung der verschiedenen
3907 2325 6422 2476 freigewordenen Stellen von Lettern eines In- oder
3926 2401 6365 2562 Ont-Patients Departements entscheidet der Medi-
3917 2476 6226 2622 cal Staff des betreffenden Hospitals.Es muss
3911 2527 6283 2704 hier noch einmal betont werden, dass der Staat
3917 2644 6403 2783 mit dem medizinischen Unterricht gar nichts zu
3942 2710 6444 2859 tun hat. Der Staff des Kollegium wählt sich einen
3923 2799 6239 2938 neuen Kollegen.Die Besetzung der Stellen der
3936 2849 6324 3017 AAssistant physicians soll zuweilen in so son-
3926 2925 6393 3096 derbarer Weise erfolgen,dass z.B. an einem Hos-
3942 3032 6299 3187 pital vor einigen Jahren, wie mit ein hiesiger
3936 3102 6245 3254 mit den Verhältnissen wohlvertrauter Kollege
3920 3175 6343 3332 mitteilt, das laryngoskopŘsche Out-Patients-De-
3933 3247 6469 3421 partement im Turnus von den jüngeren Mitgliedern
3955 3332 6488 3484 des Staffs geleitet wurde. Es ist nur zu klar, dass
3948 3411 6362 3569 die vielen Spitäler mit ihren zahllosen In-und
4018 3497 6352 3642 Ont-Patients-Departements für die Leitung der
3958 3547 6450 3756 einzelnen Abteilungen nicht immer wirklich tüch-
