6856 4248
5259 393 5892 606 Med.Krit.44
4430 618 5353 804 Londoner Briefe.
4756 776 5006 920 III.
4406 856 6416 1047 Ein eigenes Wort der Würdigung verdient
3937 971 6248 1148 das Wartepersonal in den Londoner Spitalern.
3949 1029 6300 1251 Eine grosse Anzahl von Schulen macht es sich
3943 1093 6352 1297 zur Aufgabe, Mädchen und Frauen zum Wartedienst
3962 1200 6178 1389 heranzubilden und abgesehen von diesen vor
3952 1230 6382 1452 züglich geschulten, diensteifrigen und freundli¬
3968 1358 6321 1532 chen Wärterinnen weigen in vielen Hospitälern
3952 1416 6361 1623 Frauen aus den besten Ständen ihre Gesundheit,
3974 1516 6181 1687 ihre Arbeitskraft, ihr Leben, dem mühevollen
3971 1577 6318 1781 Berufe von Oberwärterinnen.Begreiflicherweise
3968 1660 6337 1864 ist dadurch auch der Ton im Verkehre zwischen
3986 1727 6391 1927 den Aerzten und dem Wartepersonal ein ganz an-
3986 1812 6340 1998 derer, als wir ihn z.B.bei uns in Wien gewohnt
4029 1879 6416 2083 sind; und die Patenten befinden sich auch aus
4047 1958 6358 2153 serhalb der gewöhnlichen Zeit der ärztlichen
3995 2043 6355 2238 wisite in so guter Pflage, als sie es nur wün-
3995 2128 6352 2326 schen können. Auch in dem Benehmen eines Chefs
4016 2205 6355 2387 seinen untergeordneten Aerzten gegenüber habe
4010 2275 6382 2463 ich nie jenen etwas rauhen Zug wahrnehmen kön
4007 2363 6312 2552 nen, welche zuweilen den dienstlichen Verkehr
4019 2421 6361 2625 in einem oder dem anderen Wiener Krankenhause
4016 2524 6236 2704 so unliebenswürdig gestaltet.Hier gibt es
4022 2588 6367 2792 Niemanden, der sich durch seine grösseren oder
4029 2674 6385 2887 geringeren wissenschaftlichen Leistungen von
4029 2740 6324 2948 den Verpflichtungen einer gewissen Lebensart
4540 2881 6407 3063 Die Bezeichnung der Krankensäle, wel
4071 2902 4951 3036 en tbunden glaubt
4029 2969 6355 3194 che mit wenigen unrühmlichen Ausnahmen allen
4071 3027 6416 3237 Anforderungen der Hygione und der Bequemlich
4053 3130 6318 3322 keit im weitesten Masse entsprechen,geht in
4041 3191 6474 3398 den Londoner Spitälern selten nach Nummern,son-
4044 3289 6468 3490 dern meist nach Personennamen vor sich. Es gibt
4047 3356 6370 3544 also keinen Ward Nr. 1,Ward Nr.2 etc.,sondern
4099 3450 6361 3645 einen Elisabeth,-Albert-Ward etc.,Namen, die
4047 3493 6425 3718 meist Stiftern und Gönnern zu Ehren verliehen
4068 3599 6513 3834 worden. In den meisten Sälen, auch in den für den
