6872 4216
5525 325 6143 521 Med. Krit. 41
3817 499 6321 737 lichen Pflichten oft genug mit der stillen Hoff-
3817 596 6143 805 nung übernehmen, dieselben bald wieder einem
3814 643 6324 915 anderen jüngeren Kollegen übertragen zu können.
3830 774 6174 964 Selten findet sich irgend ein Enthusiast, der
3811 843 6118 1061 der grauen Theorie zu Liebe die Aussicht auf
3799 939 6080 1130 seine goldene Praxis fahren liesse und sein
3811 993 6236 1220 Leben der Pflege der Anatomie oder Physiologie
3799 1036 6280 1298 widmen wollte. Man betrachtet die Stellung, welk
3802 1161 6242 1364 che man als Lehrer dieser brotlosen Künste be-
3817 1217 6314 1455 kleidet, als ein Durchgangsstadium voll Ehre aber
3827 1308 6230 1504 ohne Gewinn, Nichtsdestoweniger lassen die La-
3817 1386 6242 1595 boratorien in ihrer Einrichtung,die Sammlungen
3839 1486 6043 1667 in ihrer Reichhaltigkeit wenig zu wünschen
3833 1526 6233 1726 übrig; eines der Museen, das Hunter sehe Museum,
3830 1642 6183 1826 hat nicht mit Unrecht einen Weltruf errungen,
3845 1695 6183 1898 und die Anthropologischen sowie pathologisch-
3830 1760 6224 1973 um anatomischen Präparate, welche sich dort zu-
3833 1845 6258 2044 sammengetragen und geichtet finden, sind in ih-
3861 1910 6208 2132 rer Mannigfaltigkeit und musterhaften Ordnung
3880 2044 5949 2222 der Bewunderung aller Fachleute gewiss.
4310 2026 6252 2257 Ein Titel, der leicht zu Missverständ-
3842 2154 6171 2363 nissen Anlass geben könnte, ist der eines As-
3845 2219 6189 2438 sistant Physician oder Assistant Surgeon, den
3845 2335 6289 2509 manche der am Spitale wirkenden Aerzte tragen.
3864 2385 6258 2594 Diese Männer sind nicht Assistenten nach unse-
3873 2435 6277 2659 ren Begriffen, sondern Leiter irgend eines Out-
3870 2531 6277 2725 Patients-Departements,einer Abteilung für ambu-
3889 2616 6236 2818 latorisch zu behandelnde Patenten.Zweifellos
3877 2684 6246 2906 stammt diese Benennung noch daher, dass früher
3917 2775 6239 2965 der Assistent irgend einer Abteilung die Am-
3895 2856 6205 3049 bulanz dieser selber zu führen hatte,wie das
3911 2931 6202 3143 ja in den meisten österreichischen und deut-
3898 3003 6277 3209 schen Kliniken üblich ist. Seither ist aber an
3942 3087 6164 3274 sämmtlichen Londoner Hospitälern eine sehr
3898 3162 6174 3371 strenge Scheidung zwischen dan Departements
3905 3252 6115 3458 für die In-Patients und denjenigen für die
3902 3284 6280 3521 Ont-Patients durchgeführt.Die Zeit, in welcher
3902 3405 6171 3611 die Out-Patients vorgenommen werden,ist für
3911 3440 6352 3671 alle Fächer fast an allen Hospitalern von zwei
3920 3536 6380 3795 bis gegen fünf Uhr, Das ist,insbesondere für den
