6888 4232
5269 466 5951 646 Med.vrit. 32
3983 629 6294 833 Verwei len im Organismus zum Bewusstsein sei-
4000 713 6085 940 ner ganzen Macht erstarkt, die Zuversicht
4000 789 6253 1007 nicht mehr am Platze ist, mit welcher wir
3991 879 6250 1074 seinen ersten Angriffen im Vertrauen auf un
4000 967 6245 1141 sere mächtigen Heilmittel Jod und Quecksil-
3994 1028 6262 1234 ber entgegentreten. - Die sogenannte Präven-
4003 1103 6347 1310 tivbehandlung scheint nach den bisherigen Er-
4020 1199 6230 1386 fahrungen abgetan; - jedoch die Präventivbe-
4006 1240 6291 1459 handlung in einem anderen Wortsinne:diejeni-
4018 1313 6347 1543 ge, welche den schweren Spätformen zuvorzukom-
4020 1429 6303 1624 men sucht, ist gewiss noch nicht so weit stu-
4012 1496 6221 1694 diert, dass man ohmeweiters den Gedanken an
4020 1558 6274 1776 die Möglichkeit einer absoluten Heilung der
4020 1683 6172 1857 Syphilis von der Hand weisen dürfte. Hier,
4018 1735 6213 1930 so scheint es, blühen einem therapeutischen
4026 1799 6230 2032 Genie der Zukunft die schönsten Lorbeeren!
4405 1939 6341 2149 Mit den gewöhnlichen diätetischen Rat-
4038 2047 6335 2236 schlägen, von der Umsicht des kundigen Arztes
4041 2114 6338 2329 zusam mengestellt, klingt das Buch, welches wir
4108 2198 6341 2378 in den vorangehenden Zeilen der Aufmerksam-
4041 2280 6300 2457 keit des medizinischen Publikums empfohlen,
4035 2460 4288 2571 aus.
4411 2472 6213 2678 Es ist ein Werk, dem allerdings die
4055 2530 6399 2792 grossen Züge mangeln;kein bahnbrechender,wem
4067 2667 6379 2859 auch gewiss ein gediegener und denkender For
4067 2742 6280 2923 sch er ist es, der uns durch seine Disziplin
4084 2827 6253 3025 geleitet; ein Gelehrter, der uns nicht mit-
4064 2908 6221 3092 reisst, der uns abermit Bedacht und sicher
4073 2955 6384 3159 führt. Man wird sich gewiss nicht ohne Nutzen
4082 3045 6329 3258 von ihm den Weg weisen lassen,welchen er so
4090 3127 6312 3362 gut zu beleuchten versteht - ohne dabei zu
5054 3255 6192 3456 Dr Arthur Schnitzler.
4076 3290 4518 3432 blenden.
4154 3406 6344 3668 (Untern. kl.Rundschau,1887,1.Jahrg.,Nr.30.)
