6872 4248
5526 357 6187 525 Med. Krit.34
3778 506 6362 727 verleihen, welcher der Grossartigkeit sicher nicht
3830 687 4303 816 entbehrt.
4293 684 6385 836 Aber um diesen Zuzug, der nach dem Konti-
3788 797 6157 942 nente stattfindet, zu begreifen,genügt es noch
3781 839 6329 1018 nicht, die Gründe zu kennen, die jene Fremden nach
3778 929 6309 1094 einer bestimmten Stadt hinleiten; man muss auch
3804 1011 6174 1157 verstehen, was sie aus ihrer Heimat forttreibt
3794 1058 6425 1239 Zweifellos können es nicht die Vorzüge fremder Schu
3794 1160 6309 1325 len allein, es müssen auch die Mängel der eigenen
3788 1216 6356 1385 sein, welche in dieser Richtung wirken.Nun, die eng
3801 1309 6415 1487 lischen medizinischen Schulen scheinen deren zu be-
3774 1398 6246 1553 sitzen, wenn ich aus der Physiognomie schliessen
3837 1461 6395 1623 darf, welche mir London in dieser Hinsicht darbie-
3794 1547 6250 1719 tet; und doch kann ich mich des Eindruckes nicht
3801 1626 6316 1778 erwehren, dass gerade in diesem medizinischen Eng
3797 1679 6422 1871 land die Keim einer grossen Zukunft stecken -dass
3847 1781 6445 1940 es alle Anläge hätte, in seinem Gebiete die mächtig
3791 1861 6415 2029 sten Schulen zu bilden; dass diese Wirrheit nur ei-
3788 1943 6362 2099 ner kräftigen Hand bedarf,die sie löst, eines ad -
3778 2003 6356 2175 ministrativen Genies, welches einigt und zusammen-
4356 2148 6161 2300 Für uns — man gestatte mir den Aus¬
3774 2161 4068 2271 hält,
3781 2237 6398 2406 druck - kontinental denkende Aerzte, ist der Gedan-
3794 2310 6441 2492 ke heute ein ganz unfassbarer, dass man Arzt werden
3854 2396 6296 2558 könne, ohne eine Universität besucht zu haben; es
3807 2436 6441 2647 befremdet uns, dass Prüfungen ganz verschiedenen Cha
3850 2512 6306 2713 rakaters dieselben Rechte:die venia practicandi
3821 2575 6385 2780 verleihen; es wundert uns aber zu allermeist,dass
3811 2664 6418 2862 kein dazu Berufener an die Lösung dieses Widerspru
3811 2763 6412 2932 ches zu denken scheint und dahin arbeitet, die Not-
3801 2836 6455 3044 wendigkeit des Universitätsbesuches zu dekrotieren
3807 2935 6432 3093 und einen einheitlichen Prüfungsmodus zu schaffen.
3811 2988 6385 3179 Englische Aerzte und noch mehr deut sehr Aarzte, die
3830 3057 6326 3255 in England leben, schütteln den Kopf, wenn man mit
3830 3127 6385 3325 ihnen über diese Dinge spricht,und behaupten,dass
3824 3206 6385 3398 in den englischen medizinischen Verhältnissen das
3830 3315 6332 3483 Moment der Trägheit ein so mächtiger Faktor sei,
3817 3351 6379 3583 dass da an Aenderungen nicht zu denken wäre, jetzt
3817 3411 6478 3672 aber stehen die Dinge wie folgt: Um die Möglichkeit
3834 3513 6481 3721 zu erlangen,in Grossbritannien zu praktizieren,kam
3821 3599 6478 3817 man verschiedene Wege einschlagen. Man besucht  z.B.
