6680 4360
5088 484 5659 655 Med. Krit.
3973 621 6252 802 Die sexuelle Hygiene und ihre langischen Kon-
3973 765 4520 868 sequenzen.
3970 808 6115 964 Drei Vorlesungen von Dr.med.Seved Ribüng.
3976 899 5684 999 Deutsch von Dr.med.Oskar Reyther.
3983 974 5649 1092 Verlag von Hobbing. Leipzig 1890.
4479 1117 6274 1233 In den Worten dieses Buchs, das uns
3958 1180 6286 1295 durch eine vortreffliche Uebersetzung vermit
3958 1277 6299 1426 telt wird, spricht ein gewissenhafter Arzt und
3961 1370 6202 1464 ein vornehm empfindender Mensch zu uns. Und
3961 1411 6330 1551 was er uns erzählt - wenn es auch sicher nicht
3942 1526 6342 1629 allzuviel Neues ist - trägt er uns interessant
3942 1601 6252 1701 und streitbar vor.Er stellt nicht nur dar,er
3948 1673 6246 1776 polemisiert auch. Und so lange er mit seiner
3948 1760 6317 1870 Wolemik,die der Frische gewiss nicht entbehrt,
3936 1835 6277 1948 auf seinem ureigenen Gebiet bleibt, folgen wir
3936 1901 6040 1998 ihm gerne; leider aber streift dieser so
3936 1957 6292 2076 hochgebildete Arzt auch in ein anderes Gefild
3936 2038 6292 2169 hinüber, auf dem ihn seine Ruhe vollkommen
3936 2141 6227 2235 zu verlassen scheint. Es ist beinahe wunder-
3930 2204 6189 2294 lich, wie in diesem nicht nur gelehrten,son-
3936 2269 6274 2385 dern auch v rständigen Kopfe von Zeit zu Zeit
3920 2350 6121 2469 atavistische Vorurteile auftauchen,die ihm
3923 2431 6277 2547 über manche moderne Ideen einen Nebelschleier
3905 2491 4364 2641 breiten.
4491 2519 6221 2681 Wir würden von den drei Vorlesun-
3908 2625 6261 2744 gen besonderen Wert derersten und letzten zu-
3911 2737 6252 2815 erkennen; Physiologie, Palthologie und Sozialge-
3895 2809 6252 2893 schichte beherrscht der Verfasser in vollkom-
3889 2872 6258 2984 mener Weise,und wir finden in diesen Kapiteln
3895 2971 6239 3065 viele gesunde Ideen. Dagegen bietet die zwei-
3908 3037 6155 3137 te Vorlesung eine Fülle von Angriffspunkten
3880 3090 6299 3243 dar. Es ist da nicht mehr der Gelehrte Ribbing
3889 3187 6183 3337 Wilchetant, der von seiner Sozialtygienischen
3864 3287 6171 3399 Höhe aus sich vermisst, eine ganze Literatur-
3864 3390 6296 3496 richtung zu bekämpfen, von deren wahrem Sinne er
3858 3468 6367 3596 nur ganz dunkle Vorstellungen zu beitzen scheint.
3845 3533 6264 3652 Im Uebrigen würden wir ihm das zu Gute halten,
3858 3624 6274 3761 wenn er sich entschlösse,uns eine ausführliche
