6840 4328
5402 505 6145 669 Med. Krit. 60
4062 663 6317 817 all ihrem Adel gegen die angeborenen Triebe
4011 743 6350 885 des Neides, der Schelsucht: des Hasses, die ja
4017 853 6356 989 so lange die Welt steht, immer nach einem neu-
4032 930 6329 1040 en Ausdruck suchen, um sich geltend zu machen
4026 1037 5140 1144 und wirken zu können!
4591 1049 6373 1209 Wir wissen, dass diese Worte in den
4032 1162 6415 1269 Wind gesprochen sind. Wir wissen,dass wir noch
4032 1233 6234 1358 lange nicht das Ende einer Zeit erleben
4032 1310 6338 1459 werden, in der eine ganze Klasse von Menschen
4038 1391 6370 1527 zuerst nach der Konfession und erst dann, oder
4032 1465 6240 1587 auch gar nicht, nach dem inneren Wert ihres
4035 1539 6281 1670 Nächsten fragen wird. Wir wissen, dass unser
4032 1631 6177 1747 Jahrzehnt an einem grossartigen Atavismus
4038 1685 6403 1833 krankt und dass die mächtige Arbeit jener Men-
4032 1774 6201 1908 schenfreunde in den Staub zu sinken droht.
4032 1798 6278 1976 welche die modernden Reste vergangener Zei-
4050 1928 6269 2059 ten hinwegzuräumen sich bemühten. Aber dass
4050 1982 6400 2130 an diesem finsteren Zerstörungswerke auch ein
4044 2083 6278 2196 Teil jener Gilde mitarbeitet, deren Stolz es
4041 2127 6421 2291 bedeuten sollte, Licht zu bringen, dass auch für
4062 2225 6367 2356 jene, die mit dem Secirmesser vor dem Leichen-
4056 2321 6201 2430 tisch stehen oder an das Bett des Kranken
4050 2365 6391 2526 trotsspendend, schmerzlindernd eilen,dass auch
4056 2472 6240 2591 für jene, die ihre Wissenschaft die reinste
4050 2534 6284 2677 höchste Menschenliebe gelehrt hat, der Geist
4050 2624 6207 2760 des Fortschritts vergebens durch die Welt
4041 2698 6275 2838 geschritten ist, das ist überwältigend trau-
4047 2766 6281 2915 rig; das lässt uns von der nächsten Zukunft
4044 2864 6302 2986 nichts Gutes hoffen. Ist es doch gerade ein
4103 2921 6415 3075 Teil unserer strebenden Jugend, dieser selben
4044 2998 6302 3135 Jugend, als deren Ideal einmal Humanität und
4044 3069 6290 3212 Freiheit gegolten,die heute unter dem Banne
4050 3164 5984 3301 der reaktionärsten aller Ideen steht!
4638 3230 6311 3352 .Und wir sollen „jener alten Ge-
4056 3313 6388 3450 pflogenheit folgend, der schönen Hoffnung Aus-
4062 3393 6299 3524 druck geben, dass uns das neue Jahr Heil und
4056 3470 6344 3616 Seven bringen wird. Wir könnten wohl sagen,
4062 3548 6249 3717 was wir wünschen, doch kaum was wir hoffen!
