<?xml version="1.0" encoding="UTF-8" standalone="yes"?>
<PcGts xmlns="http://schema.primaresearch.org/PAGE/gts/pagecontent/2013-07-15" xmlns:xsi="http://www.w3.org/2001/XMLSchema-instance" xsi:schemaLocation="http://schema.primaresearch.org/PAGE/gts/pagecontent/2013-07-15 http://schema.primaresearch.org/PAGE/gts/pagecontent/2013-07-15/pagecontent.xsd">
    <Metadata>
        <Creator>prov=READ-COOP:name=TrHtr:version=2.1.0:model_id=51170:date=28_07_2023_08:07</Creator>
        <Created>2023-05-10T11:22:58.217+02:00</Created>
        <LastChange>2023-07-28T08:07:00.086+02:00</LastChange>
        <TranskribusMetadata docId="1428150" pageId="55386502" pageNr="41" tsid="131325569" status="IN_PROGRESS" userId="64420" imgUrl="https://files.transkribus.eu/Get?id=BKAZVGCEHGMOZZMCJTOIXAKB&amp;fileType=view" xmlUrl="https://files.transkribus.eu/Get?id=ZVGLSMTCOGXBSUEQDQDAYEJT" imageId="44661399"/>
    </Metadata>
    <Page imageFilename="1428150_0041.jpg" imageWidth="6840" imageHeight="4264">
        <ReadingOrder>
            <OrderedGroup id="ro_1711821926087" caption="Regions reading order">
                <RegionRefIndexed index="0" regionRef="tr_2"/>
                <RegionRefIndexed index="1" regionRef="tr_1"/>
            </OrderedGroup>
        </ReadingOrder>
        <TextRegion id="tr_2" custom="readingOrder {index:0;}">
            <Coords points="4072,618 6372,618 6372,1938 4072,1938"/>
            <TextLine id="tr_2_tl_1" custom="readingOrder {index:0;}">
                <Coords points="5237,690 5297,687 5382,731 5464,700 5524,722 5565,700 5638,734 5723,703 5827,703 5827,630 5723,633 5644,583 5606,596 5553,551 5420,551 5360,599 5237,605"/>
                <Baseline points="5255,674 5297,674 5386,674 5476,674 5565,668 5655,668 5745,668 5834,668"/>
                <TextEquiv>
                    <Unicode>Med.Krit.</Unicode>
                </TextEquiv>
            </TextLine>
            <TextLine id="tr_2_tl_2" custom="readingOrder {index:1;}">
                <Coords points="4056,860 6268,826 6331,693 4327,725 4059,797"/>
                <Baseline points="4072,848 4096,853 4186,853 4275,848 4365,848 4455,848 4544,842 4634,842 4723,836 4813,836 4903,836 4992,836 5082,830 5171,830 5261,824 5350,824 5440,818 5530,818 5619,818 5709,812 5798,812 5888,806 5977,806 6067,800 6157,794 6246,794 6336,794"/>
                <TextEquiv>
                    <Unicode>Diät schlechter geworden. Freilich darfst du</Unicode>
                </TextEquiv>
            </TextLine>
            <TextLine id="tr_2_tl_3" custom="readingOrder {index:2;}">
                <Coords points="4053,955 6095,889 6199,945 6265,813 4056,886"/>
                <Baseline points="4072,931 4120,937 4210,931 4299,925 4389,925 4478,925 4568,919 4658,919 4747,913 4837,913 4926,913 5016,907 5106,907 5195,907 5285,901 5374,901 5464,901 5553,895 5643,889 5733,889 5822,889 5912,883 6001,883 6091,883 6181,877 6270,877"/>
                <TextEquiv>
                    <Unicode>das nicht, wenn du noch nicht den Doktorhut</Unicode>
                </TextEquiv>
            </TextLine>
            <TextLine id="tr_2_tl_4" custom="readingOrder {index:3;}">
                <Coords points="4100,1046 5968,996 6154,980 6158,911 4103,967"/>
                <Baseline points="4120,1009 4192,1009 4281,1009 4371,1009 4461,1003 4550,997 4640,997 4729,997 4819,991 4908,985 4998,985 5088,985 5177,985 5267,979 5356,979 5446,979 5536,973 5625,967 5715,967 5804,961 5894,961 5983,961 6073,961 6163,961"/>
                <TextEquiv>
                    <Unicode>auf hast, einem prüfungskommissär sagen.</Unicode>
                </TextEquiv>
            </TextLine>
            <TextLine id="tr_2_tl_5" custom="readingOrder {index:4;}">
                <Coords points="4424,1103 6280,1056 6353,1040 6356,942 5959,1015 5839,964 4424,1012"/>
                <Baseline points="4443,1074 4478,1074 4568,1074 4658,1074 4747,1074 4837,1068 4926,1063 5016,1063 5106,1063 5195,1063 5285,1057 5374,1057 5464,1057 5553,1051 5643,1045 5733,1045 5822,1045 5912,1039 6001,1039 6091,1033 6181,1033 6270,1033 6360,1033"/>
                <TextEquiv>
                    <Unicode>Ich glaube nun, me inen Zitaten Einhalt</Unicode>
                </TextEquiv>
            </TextLine>
            <TextLine id="tr_2_tl_6" custom="readingOrder {index:5;}">
                <Coords points="4071,1194 6325,1131 6325,1043 6239,1037 4509,1119 4075,1062"/>
                <Baseline points="4090,1176 4180,1164 4269,1158 4359,1158 4449,1152 4538,1152 4628,1152 4717,1146 4807,1146 4897,1146 4986,1140 5076,1140 5165,1140 5255,1140 5344,1134 5434,1128 5524,1128 5613,1122 5703,1122 5792,1122 5882,1116 5971,1116 6061,1110 6151,1110 6240,1104 6330,1086"/>
                <TextEquiv>
                    <Unicode>gebieten zu dürfen. Ich habe wissenschaftli-</Unicode>
                </TextEquiv>
            </TextLine>
            <TextLine id="tr_2_tl_7" custom="readingOrder {index:6;}">
                <Coords points="4071,1254 6142,1226 6312,1201 6315,1131 4071,1191"/>
                <Baseline points="4090,1248 4174,1242 4264,1236 4353,1236 4443,1236 4532,1230 4622,1224 4711,1224 4801,1224 4891,1224 4980,1218 5070,1218 5159,1218 5249,1212 5338,1212 5428,1206 5518,1200 5607,1200 5697,1200 5786,1194 5876,1194 5966,1194 6055,1194 6145,1188 6234,1188 6324,1170"/>
                <TextEquiv>
                    <Unicode>che definitionen des Herrn Fothergill ange-</Unicode>
                </TextEquiv>
            </TextLine>
            <TextLine id="tr_2_tl_8" custom="readingOrder {index:7;}">
                <Coords points="4062,1314 6334,1292 6293,1197 4065,1248"/>
                <Baseline points="4084,1301 4102,1313 4192,1313 4281,1313 4371,1313 4461,1313 4550,1307 4640,1307 4729,1301 4819,1301 4908,1295 4998,1295 5088,1295 5177,1289 5267,1289 5356,1283 5446,1283 5536,1278 5625,1272 5715,1272 5804,1272 5894,1272 5983,1266 6073,1266 6163,1266 6252,1260 6342,1266"/>
                <TextEquiv>
                    <Unicode>Tührt, ich habe einige seiner pezepte in den</Unicode>
                </TextEquiv>
            </TextLine>
            <TextLine id="tr_2_tl_9" custom="readingOrder {index:8;}">
                <Coords points="4078,1402 6186,1387 6284,1364 6287,1273 4078,1327"/>
                <Baseline points="4096,1391 4144,1391 4234,1391 4323,1391 4413,1385 4502,1385 4592,1385 4682,1379 4771,1379 4861,1379 4950,1373 5040,1373 5129,1367 5219,1367 5309,1361 5398,1361 5488,1361 5577,1355 5667,1355 5756,1349 5846,1349 5936,1349 6025,1343 6115,1343 6204,1343 6294,1331"/>
                <TextEquiv>
                    <Unicode>Text aufgenommen, ich habe auch Gelegenheit</Unicode>
                </TextEquiv>
            </TextLine>
            <TextLine id="tr_2_tl_10" custom="readingOrder {index:9;}">
                <Coords points="4065,1516 6325,1453 6328,1364 4065,1424"/>
                <Baseline points="4084,1481 4096,1481 4186,1475 4275,1469 4365,1463 4455,1463 4544,1463 4634,1457 4723,1457 4813,1457 4903,1451 4992,1451 5082,1445 5171,1445 5261,1439 5350,1439 5440,1439 5530,1439 5619,1433 5709,1433 5798,1427 5888,1427 5977,1421 6067,1421 6157,1421 6246,1415 6336,1421"/>
                <TextEquiv>
                    <Unicode>gehabt, seiner sphoristischen Bemerkungen zu</Unicode>
                </TextEquiv>
            </TextLine>
            <TextLine id="tr_2_tl_11" custom="readingOrder {index:10;}">
                <Coords points="4065,1585 6318,1516 6318,1440 4065,1509"/>
                <Baseline points="4084,1558 4174,1546 4264,1546 4353,1540 4443,1540 4532,1540 4622,1534 4711,1528 4801,1528 4891,1522 4980,1522 5070,1522 5159,1522 5249,1516 5338,1516 5428,1516 5518,1510 5607,1510 5697,1504 5786,1504 5876,1498 5966,1498 6055,1492 6145,1492 6234,1492 6324,1492"/>
                <TextEquiv>
                    <Unicode>gedenken; mit mir sind wohl auch Diejenigen,</Unicode>
                </TextEquiv>
            </TextLine>
            <TextLine id="tr_2_tl_12" custom="readingOrder {index:11;}">
                <Coords points="4122,1654 6312,1595 6366,1497 4125,1566"/>
                <Baseline points="4138,1624 4222,1618 4311,1618 4401,1612 4490,1612 4580,1612 4670,1606 4759,1606 4849,1606 4938,1600 5028,1600 5117,1600 5207,1600 5297,1594 5386,1594 5476,1588 5565,1588 5655,1582 5745,1582 5834,1576 5924,1576 6013,1570 6103,1570 6192,1570 6282,1564 6372,1564"/>
                <TextEquiv>
                    <Unicode>die mir bisher gefolgt sind, zur Einsicht ge-</Unicode>
                </TextEquiv>
            </TextLine>
            <TextLine id="tr_2_tl_13" custom="readingOrder {index:12;}">
                <Coords points="4078,1705 6347,1658 6347,1579 6246,1566 4081,1617"/>
                <Baseline points="4096,1702 4114,1702 4204,1702 4293,1696 4383,1696 4473,1690 4562,1690 4652,1684 4741,1678 4831,1678 4920,1678 5010,1678 5100,1672 5189,1672 5279,1672 5368,1666 5458,1666 5547,1666 5637,1660 5727,1660 5816,1660 5906,1654 5995,1648 6085,1648 6175,1648 6264,1642 6354,1630"/>
                <TextEquiv>
                    <Unicode>langt, dass für die bekanntmachung dieser De-</Unicode>
                </TextEquiv>
            </TextLine>
            <TextLine id="tr_2_tl_14" custom="readingOrder {index:13;}">
                <Coords points="4071,1790 6290,1758 6328,1661 4075,1705"/>
                <Baseline points="4090,1773 4180,1773 4269,1773 4359,1767 4449,1767 4538,1767 4628,1767 4717,1761 4807,1755 4897,1755 4986,1749 5076,1749 5165,1749 5255,1743 5344,1743 5434,1743 5524,1737 5613,1737 5703,1737 5792,1731 5882,1725 5971,1725 6061,1725 6151,1719 6240,1719 6330,1719"/>
                <TextEquiv>
                    <Unicode>finitionen,dieser Rezepte, dieser Aphorismen</Unicode>
                </TextEquiv>
            </TextLine>
            <TextLine id="tr_2_tl_15" custom="readingOrder {index:14;}">
                <Coords points="4065,1888 6117,1831 6224,1809 6224,1736 4065,1821"/>
                <Baseline points="4084,1851 4168,1857 4258,1851 4347,1845 4437,1845 4526,1845 4616,1839 4705,1839 4795,1839 4885,1833 4974,1833 5064,1827 5153,1827 5243,1827 5332,1827 5422,1821 5512,1815 5601,1815 5691,1815 5780,1809 5870,1809 5960,1803 6049,1803 6139,1803 6228,1797"/>
                <TextEquiv>
                    <Unicode>zum mindesten unter den deut schen Aerzten</Unicode>
                </TextEquiv>
            </TextLine>
            <TextLine id="tr_2_tl_16" custom="readingOrder {index:15;}">
                <Coords points="4065,1947 5943,1919 6255,1900 6255,1818 4068,1881"/>
                <Baseline points="4084,1928 4114,1928 4204,1928 4293,1928 4383,1928 4473,1922 4562,1917 4652,1917 4741,1917 4831,1911 4920,1911 5010,1905 5100,1905 5189,1905 5279,1899 5368,1899 5458,1893 5547,1893 5637,1893 5727,1887 5816,1887 5906,1881 5995,1881 6085,1881 6175,1875 6264,1881"/>
                <TextEquiv>
                    <Unicode>ein unabweisbares Bedürfnis nicht bestand.</Unicode>
                </TextEquiv>
            </TextLine>
        </TextRegion>
        <TextRegion id="tr_1" custom="readingOrder {index:1;}">
            <Coords points="4084,1902 6646,1902 6646,3969 4084,3969"/>
            <TextLine id="tr_1_tl_1" custom="readingOrder {index:0;}">
                <Coords points="4434,2004 4692,2055 4806,1992 6280,1976 6284,1891 4437,1935"/>
                <Baseline points="4455,1994 4496,2000 4586,1994 4676,1994 4765,1988 4855,1988 4944,1988 5034,1988 5123,1982 5213,1982 5303,1982 5392,1976 5482,1976 5571,1970 5661,1970 5751,1964 5840,1964 5930,1958 6019,1958 6109,1952 6198,1952 6288,1952"/>
                <TextEquiv>
                    <Unicode>Einige der zitierten Stellen dürfen</Unicode>
                </TextEquiv>
            </TextLine>
            <TextLine id="tr_1_tl_2" custom="readingOrder {index:1;}">
                <Coords points="4065,2121 6378,2070 6400,1979 4065,2029"/>
                <Baseline points="4084,2084 4168,2084 4258,2084 4347,2084 4437,2078 4526,2078 4616,2072 4705,2072 4795,2072 4885,2066 4974,2060 5064,2060 5153,2060 5243,2060 5332,2054 5422,2054 5512,2048 5601,2048 5691,2048 5780,2042 5870,2036 5960,2036 6049,2030 6139,2030 6228,2030 6318,2030 6407,2012"/>
                <TextEquiv>
                    <Unicode>wohl auch als Muster für die Kunst des Ueber-</Unicode>
                </TextEquiv>
            </TextLine>
            <TextLine id="tr_1_tl_3" custom="readingOrder {index:2;}">
                <Coords points="4084,2181 6016,2118 6236,2181 6369,2143 6369,2061 4087,2108"/>
                <Baseline points="4102,2161 4138,2161 4228,2161 4317,2155 4407,2155 4496,2149 4586,2149 4676,2149 4765,2143 4855,2149 4944,2143 5034,2143 5123,2137 5213,2137 5303,2132 5392,2132 5482,2132 5571,2126 5661,2126 5751,2120 5840,2120 5930,2114 6019,2114 6109,2114 6198,2114 6288,2108 6378,2120"/>
                <TextEquiv>
                    <Unicode>setzers gelten,und man wird gestehen müssen,</Unicode>
                </TextEquiv>
            </TextLine>
            <TextLine id="tr_1_tl_4" custom="readingOrder {index:3;}">
                <Coords points="4078,2253 5987,2225 6132,2206 6135,2133 4078,2171"/>
                <Baseline points="4096,2233 4168,2239 4258,2233 4347,2227 4437,2233 4526,2227 4616,2221 4705,2227 4795,2221 4885,2221 4974,2221 5064,2215 5153,2215 5243,2209 5332,2209 5422,2209 5512,2203 5601,2203 5691,2203 5780,2197 5870,2197 5960,2191 6049,2191 6139,2191"/>
                <TextEquiv>
                    <Unicode>dass sich diese Kunst diesmal nicht als</Unicode>
                </TextEquiv>
            </TextLine>
            <TextLine id="tr_1_tl_5" custom="readingOrder {index:4;}">
                <Coords points="4087,2338 5707,2335 6419,2285 6444,2187 4090,2263"/>
                <Baseline points="4108,2311 4120,2311 4210,2311 4299,2311 4389,2311 4478,2311 4568,2305 4658,2305 4747,2299 4837,2299 4926,2299 5016,2299 5106,2293 5195,2287 5285,2287 5374,2287 5464,2287 5553,2287 5643,2281 5733,2281 5822,2275 5912,2275 6001,2275 6091,2269 6181,2269 6270,2269 6360,2263 6449,2257"/>
                <TextEquiv>
                    <Unicode>völlig ausreichend erwies; donderbar genug bei</Unicode>
                </TextEquiv>
            </TextLine>
            <TextLine id="tr_1_tl_6" custom="readingOrder {index:5;}">
                <Coords points="4097,2411 5436,2411 6384,2357 6432,2285 4100,2338"/>
                <Baseline points="4114,2406 4198,2400 4287,2400 4377,2394 4467,2394 4556,2388 4646,2388 4735,2388 4825,2382 4914,2382 5004,2382 5094,2376 5183,2376 5273,2370 5362,2370 5452,2364 5542,2364 5631,2364 5721,2364 5810,2358 5900,2352 5989,2352 6079,2346 6169,2346 6258,2346 6348,2341 6437,2329"/>
                <TextEquiv>
                    <Unicode>einem Schriftsteller,an dessen guter Darstel-</Unicode>
                </TextEquiv>
            </TextLine>
            <TextLine id="tr_1_tl_7" custom="readingOrder {index:6;}">
                <Coords points="4109,2489 5968,2477 6447,2452 6479,2370 4112,2414"/>
                <Baseline points="4126,2484 4156,2484 4246,2478 4335,2478 4425,2472 4514,2466 4604,2466 4693,2460 4783,2460 4873,2460 4962,2460 5052,2460 5141,2454 5231,2454 5321,2448 5410,2448 5500,2442 5589,2442 5679,2436 5768,2436 5858,2436 5948,2430 6037,2430 6127,2424 6216,2424 6306,2418 6396,2418 6485,2406"/>
                <TextEquiv>
                    <Unicode>lungsweise wir uns früher manchmal erfreut ha-</Unicode>
                </TextEquiv>
            </TextLine>
            <TextLine id="tr_1_tl_8" custom="readingOrder {index:7;}">
                <Coords points="4090,2565 6287,2524 6287,2442 6186,2430 4093,2480"/>
                <Baseline points="4108,2556 4144,2556 4234,2556 4323,2556 4413,2550 4502,2550 4592,2550 4682,2544 4771,2538 4861,2538 4950,2538 5040,2538 5129,2532 5219,2526 5309,2526 5398,2526 5488,2526 5577,2520 5667,2514 5756,2514 5846,2514 5936,2508 6025,2508 6115,2502 6204,2502 6294,2502"/>
                <TextEquiv>
                    <Unicode>ben. Er hat sich diesmal zu strenge an das</Unicode>
                </TextEquiv>
            </TextLine>
            <TextLine id="tr_1_tl_9" custom="readingOrder {index:8;}">
                <Coords points="4103,2657 6400,2603 6454,2464 5953,2556 4106,2581"/>
                <Baseline points="4120,2633 4126,2633 4216,2633 4305,2633 4395,2627 4484,2627 4574,2627 4664,2621 4753,2621 4843,2615 4932,2615 5022,2615 5112,2609 5201,2609 5291,2603 5380,2603 5470,2603 5559,2597 5649,2597 5739,2591 5828,2585 5918,2585 6007,2585 6097,2579 6186,2579 6276,2579 6366,2567 6455,2556"/>
                <TextEquiv>
                    <Unicode>Original gehalten,und die Fülle von Anglicis-</Unicode>
                </TextEquiv>
            </TextLine>
            <TextLine id="tr_1_tl_10" custom="readingOrder {index:9;}">
                <Coords points="4097,2745 6290,2688 6447,2672 6451,2581 4100,2657"/>
                <Baseline points="4114,2717 4126,2717 4216,2711 4305,2705 4395,2705 4484,2705 4574,2699 4664,2699 4753,2693 4843,2699 4932,2693 5022,2693 5112,2687 5201,2681 5291,2681 5380,2681 5470,2675 5559,2675 5649,2675 5739,2669 5828,2663 5918,2663 6007,2657 6097,2657 6186,2657 6276,2651 6366,2651 6455,2651"/>
                <TextEquiv>
                    <Unicode>men und ungefügen Redwendungen,die sich Seite</Unicode>
                </TextEquiv>
            </TextLine>
            <TextLine id="tr_1_tl_11" custom="readingOrder {index:10;}">
                <Coords points="4103,2805 6378,2773 6533,2669 4106,2735"/>
                <Baseline points="4120,2788 4204,2788 4293,2782 4383,2776 4473,2776 4562,2776 4652,2776 4741,2771 4831,2771 4920,2771 5010,2771 5100,2765 5189,2765 5279,2759 5368,2753 5458,2753 5547,2753 5637,2753 5727,2747 5816,2741 5906,2741 5995,2741 6085,2735 6175,2735 6264,2735 6354,2729 6443,2723 6533,2729"/>
                <TextEquiv>
                    <Unicode>für Seite finden, machen uns das Buch noch frem¬</Unicode>
                </TextEquiv>
            </TextLine>
            <TextLine id="tr_1_tl_12" custom="readingOrder {index:11;}">
                <Coords points="4097,2896 6318,2846 6350,2764 4100,2795"/>
                <Baseline points="4114,2872 4204,2866 4293,2872 4383,2866 4473,2854 4562,2854 4652,2848 4741,2848 4831,2848 4920,2848 5010,2848 5100,2842 5189,2836 5279,2836 5368,2836 5458,2830 5547,2830 5637,2824 5727,2824 5816,2824 5906,2818 5995,2818 6085,2812 6175,2812 6264,2806 6354,2812"/>
                <TextEquiv>
                    <Unicode>der, als es sein natürliches Gebrechen wäre.</Unicode>
                </TextEquiv>
            </TextLine>
            <TextLine id="tr_1_tl_13" custom="readingOrder {index:12;}">
                <Coords points="4478,2943 6406,2915 6485,2896 6488,2801 4478,2864"/>
                <Baseline points="4496,2932 4526,2926 4616,2926 4705,2926 4795,2926 4885,2920 4974,2920 5064,2920 5153,2920 5243,2914 5332,2914 5422,2908 5512,2908 5601,2902 5691,2896 5780,2896 5870,2896 5960,2896 6049,2896 6139,2890 6228,2890 6318,2884 6407,2878 6497,2872"/>
                <TextEquiv>
                    <Unicode>Vielleicht habe ich trotz redlichen Be¬</Unicode>
                </TextEquiv>
            </TextLine>
            <TextLine id="tr_1_tl_14" custom="readingOrder {index:13;}">
                <Coords points="4100,3050 5849,3035 6432,2984 6435,2912 4103,2956"/>
                <Baseline points="4120,3021 4204,3021 4293,3015 4383,3015 4473,3009 4562,3009 4652,3003 4741,3009 4831,3003 4920,3003 5010,3003 5100,2997 5189,2991 5279,2991 5368,2991 5458,2985 5547,2985 5637,2980 5727,2974 5816,2974 5906,2974 5995,2974 6085,2968 6175,2968 6264,2968 6354,2962 6443,2950"/>
                <TextEquiv>
                    <Unicode>mühens nicht genug aus dem Fothergill-Krakau¬</Unicode>
                </TextEquiv>
            </TextLine>
            <TextLine id="tr_1_tl_15" custom="readingOrder {index:14;}">
                <Coords points="4109,3123 6006,3088 6362,3060 6410,2978 4109,3047"/>
                <Baseline points="4126,3099 4174,3093 4264,3093 4353,3093 4443,3087 4532,3081 4622,3081 4711,3081 4801,3081 4891,3081 4980,3081 5070,3075 5159,3069 5249,3069 5338,3069 5428,3063 5518,3063 5607,3063 5697,3057 5786,3057 5876,3051 5966,3051 6055,3051 6145,3045 6234,3039 6324,3039 6413,3039"/>
                <TextEquiv>
                    <Unicode>er schen Buche angeführt, als zum Verständnis</Unicode>
                </TextEquiv>
            </TextLine>
            <TextLine id="tr_1_tl_16" custom="readingOrder {index:15;}">
                <Coords points="4103,3199 6507,3142 6510,3013 4106,3123"/>
                <Baseline points="4120,3171 4186,3171 4275,3171 4365,3171 4455,3165 4544,3159 4634,3159 4723,3159 4813,3159 4903,3159 4992,3153 5082,3153 5171,3147 5261,3147 5350,3141 5440,3141 5530,3141 5619,3135 5709,3135 5798,3129 5888,3129 5977,3129 6067,3123 6157,3123 6246,3117 6336,3117 6425,3117 6515,3129"/>
                <TextEquiv>
                    <Unicode>seiner vollkommenen Ueberflüssigkeit notwendig</Unicode>
                </TextEquiv>
            </TextLine>
            <TextLine id="tr_1_tl_17" custom="readingOrder {index:16;}">
                <Coords points="4103,3277 6488,3221 6517,3139 4106,3195"/>
                <Baseline points="4120,3254 4192,3248 4281,3248 4371,3248 4461,3242 4550,3242 4640,3236 4729,3236 4819,3230 4908,3230 4998,3230 5088,3230 5177,3224 5267,3224 5356,3224 5446,3218 5536,3224 5625,3218 5715,3212 5804,3212 5894,3212 5983,3206 6073,3200 6163,3200 6252,3200 6342,3195 6431,3195 6521,3195"/>
                <TextEquiv>
                    <Unicode>ist;denn es könnte Manc her glauben,dass heraus</Unicode>
                </TextEquiv>
            </TextLine>
            <TextLine id="tr_1_tl_18" custom="readingOrder {index:17;}">
                <Coords points="4122,3356 6208,3306 6476,3284 6476,3214 4125,3274"/>
                <Baseline points="4138,3338 4156,3332 4246,3326 4335,3326 4425,3320 4514,3320 4604,3314 4693,3314 4783,3314 4873,3314 4962,3308 5052,3308 5141,3302 5231,3302 5321,3302 5410,3296 5500,3296 5589,3290 5679,3290 5768,3290 5858,3284 5948,3284 6037,3278 6127,3278 6216,3278 6306,3272 6396,3272 6485,3272"/>
                <TextEquiv>
                    <Unicode>gerissene Absätzeleicht ein falsches Bild von</Unicode>
                </TextEquiv>
            </TextLine>
            <TextLine id="tr_1_tl_19" custom="readingOrder {index:18;}">
                <Coords points="4109,3413 6378,3394 6526,3362 6526,3287 4109,3366"/>
                <Baseline points="4126,3410 4204,3404 4293,3404 4383,3398 4473,3398 4562,3398 4652,3392 4741,3392 4831,3392 4920,3386 5010,3386 5100,3380 5189,3380 5279,3374 5368,3380 5458,3374 5547,3368 5637,3368 5727,3368 5816,3368 5906,3368 5995,3362 6085,3356 6175,3356 6264,3356 6354,3350 6443,3350 6533,3350"/>
                <TextEquiv>
                    <Unicode>dem Ganzen zu geben geeignet wären. Diesen rate</Unicode>
                </TextEquiv>
            </TextLine>
            <TextLine id="tr_1_tl_20" custom="readingOrder {index:19;}">
                <Coords points="4122,3501 6309,3492 6517,3435 6517,3362 4125,3419"/>
                <Baseline points="4138,3487 4192,3481 4281,3487 4371,3481 4461,3475 4550,3469 4640,3469 4729,3469 4819,3469 4908,3463 4998,3463 5088,3463 5177,3457 5267,3457 5356,3457 5446,3451 5536,3445 5625,3445 5715,3439 5804,3439 5894,3439 5983,3433 6073,3433 6163,3433 6252,3433 6342,3427 6431,3427 6521,3415"/>
                <TextEquiv>
                    <Unicode>ich, das Buch anzukaufen; es wird eine Zierde je</Unicode>
                </TextEquiv>
            </TextLine>
            <TextLine id="tr_1_tl_21" custom="readingOrder {index:20;}">
                <Coords points="4103,3586 6561,3548 6586,3416 4103,3501"/>
                <Baseline points="4120,3559 4174,3559 4264,3559 4353,3553 4443,3553 4532,3553 4622,3547 4711,3547 4801,3541 4891,3541 4980,3541 5070,3541 5159,3541 5249,3535 5338,3529 5428,3529 5518,3529 5607,3523 5697,3523 5786,3517 5876,3517 5966,3517 6055,3511 6145,3511 6234,3511 6324,3505 6413,3505 6503,3499 6593,3493"/>
                <TextEquiv>
                    <Unicode>der Bibliothek sein, die ihren Ruhm in der schö¬</Unicode>
                </TextEquiv>
            </TextLine>
            <TextLine id="tr_1_tl_22" custom="readingOrder {index:21;}">
                <Coords points="4116,3640 5757,3659 6466,3548 4116,3583"/>
                <Baseline points="4132,3636 4144,3636 4234,3636 4323,3636 4413,3630 4502,3630 4592,3624 4682,3624 4771,3619 4861,3619 4950,3619 5040,3613 5129,3613 5219,3613 5309,3607 5398,3607 5488,3601 5577,3601 5667,3601 5756,3601 5846,3595 5936,3595 6025,3589 6115,3589 6204,3589 6294,3589 6384,3583 6473,3583"/>
                <TextEquiv>
                    <Unicode>nen Ausstattung der Bände zu begründen sucht.</Unicode>
                </TextEquiv>
            </TextLine>
            <TextLine id="tr_1_tl_23" custom="readingOrder {index:22;}">
                <Coords points="4103,3744 6343,3706 6460,3596 4103,3652"/>
                <Baseline points="4120,3720 4138,3720 4228,3714 4317,3708 4407,3708 4496,3702 4586,3702 4676,3702 4765,3696 4855,3696 4944,3696 5034,3696 5123,3690 5213,3690 5303,3684 5392,3684 5482,3678 5571,3678 5661,3678 5751,3672 5840,3672 5930,3672 6019,3672 6109,3666 6198,3660 6288,3660 6378,3660 6467,3654"/>
                <TextEquiv>
                    <Unicode>Der Einband des kleinen Werkes ist geschmack-</Unicode>
                </TextEquiv>
            </TextLine>
            <TextLine id="tr_1_tl_24" custom="readingOrder {index:23;}">
                <Coords points="4128,3800 6230,3772 6476,3750 6476,3662 4128,3741"/>
                <Baseline points="4144,3792 4156,3786 4246,3792 4335,3792 4425,3786 4514,3786 4604,3780 4693,3780 4783,3774 4873,3774 4962,3774 5052,3768 5141,3768 5231,3768 5321,3762 5410,3768 5500,3762 5589,3762 5679,3756 5768,3750 5858,3750 5948,3750 6037,3750 6127,3750 6216,3744 6306,3738 6396,3732 6485,3732"/>
                <TextEquiv>
                    <Unicode>voll, der Druck ist schön.und der Platz, den es</Unicode>
                </TextEquiv>
            </TextLine>
            <TextLine id="tr_1_tl_25" custom="readingOrder {index:24;}">
                <Coords points="4109,3876 6533,3882 6637,3857 6640,3715 4109,3816"/>
                <Baseline points="4126,3869 4138,3869 4228,3869 4317,3869 4407,3863 4496,3863 4586,3857 4676,3857 4765,3857 4855,3851 4944,3851 5034,3851 5123,3845 5213,3845 5303,3845 5392,3839 5482,3839 5571,3839 5661,3834 5751,3834 5840,3834 5930,3828 6019,3828 6109,3822 6198,3828 6288,3822 6378,3822 6467,3816 6557,3810 6646,3804"/>
                <TextEquiv>
                    <Unicode>einnimmt, ein sehr geringer. Dr.Arthur Schnitzler</Unicode>
                </TextEquiv>
            </TextLine>
            <TextLine id="tr_1_tl_26" custom="readingOrder {index:25;}">
                <Coords points="4128,3996 5814,3971 5896,3958 5899,3835 4131,3882"/>
                <Baseline points="4144,3959 4204,3953 4293,3947 4383,3947 4473,3947 4562,3947 4652,3941 4741,3941 4831,3941 4920,3941 5010,3941 5100,3935 5189,3935 5279,3929 5368,3929 5458,3929 5547,3923 5637,3923 5727,3917 5816,3917 5906,3923"/>
                <TextEquiv>
                    <Unicode>(Int. kl. Rundsch. 14.10.1888, Nr.42.)</Unicode>
                </TextEquiv>
            </TextLine>
        </TextRegion>
    </Page>
</PcGts>
