6888 4200
5309 316 5967 506 Med.Krit.35
3782 539 6253 772 nach Ablegung einer Art von Abiturienten prüfung
3789 635 6327 832 irgend ein Hospital, das die Bedeutung einer medi
3789 725 6450 905 zinischen Schule hat. In London allein gibt es deren
3795 802 6353 971 mehr als ein halbes Dutzend, die bedeutendsten St.
3789 868 6210 1054 Bartholomews-und St.Thomas-Hospital. Mit diesen
3789 951 6423 1118 Krankenhäusern sind Hör-und Arbeitssäle der Anato-
3785 1015 6426 1207 mie, der Chemie, der Physiologie in direkter Verbin-
3775 1101 6410 1271 dung; meistens ist auch eine grosse Bibliothek, wohl
3805 1184 6413 1357 ein Klub für die Studenten,in dem betreffenden Ge-
3802 1257 6373 1437 bäude untergebracht. Man kann hier seine ganze me-
3789 1334 6373 1510 dizinische Ausbildung durchmachen, ohne so Inen Fuss
3789 1420 6390 1590 auf die Strasse setzen zu müssen - es sei denn um
3789 1547 5372 1666 sein Schlafzimmer auf zusuchen.
4218 1583 6154 1750 Nachdem man seine drei bis vier Jahre
3795 1643 6403 1839 in einem solchen Hospital zugebracht, macht man ei-
3802 1733 6396 1899 ne Prüfung vor dem College of Physiclans oder dem
3805 1786 6433 1972 Collewof Burblons,um den Grad eines L.of the Royal
3795 1906 6300 2066 College of Physicians (L.R.C.P.),resp. eines L.
4813 1982 5748 2096 Phys. zu erreichen.
3815 2022 4757 2155 of the College of
4211 2032 6330 2205 Dieses College of Physicians besteht aus
3805 2089 6443 2285 den Members und fellows. Man wird Member aus einem
3815 2192 6410 2362 Licentiate nach einer Dissertation oder einem Pro-
3805 2292 5422 2461 bevortrag, eventuell nach Wahl.
4278 2335 6463 2491 An den verschiedensten Colleges sind ver-
3812 2402 6486 2601 schiedene Bestimmungen massgebend. Zu Fettows werden
3822 2498 6300 2684 jene Members.oderauch andere Aerzte durch Wahl,
3815 2531 6413 2761 welche sich in wissenschaftlicher und schriftstel
3878 2644 6390 2824 lerisch er Beziehung besonders hervorgetan haben,
3819 2718 6343 2920 Das Prüfungskollegium setzt sich aus Fallows zu-
3829 2797 6193 2980 sammen, denen manchmal auch Members beigegeben
3829 2854 6443 3067 sind.-Der Licentiate physichan oder surgeon,in wel-
3829 2940 6413 3143 cher Stadt immer er nun seinen Grad erworben, kann
3832 3027 6346 3230 sich in jeden Flecken Grossbritanniens niederlas-
3838 3173 4953 3330 sen und praktizieren.
4294 3240 6200 3426 Strebt man jedoch den Doktorgrad an,
3822 3326 6363 3532 so muss ein anderer Weg eingeschlagen werden, der
3835 3413 6310 3586 weit längere Zeit in Anspruch nimmt. Je nach der
3835 3476 6413 3662 Universität,an welcher man sich inskribiert, nimmt
3829 3572 6323 3785 das Studium 6-7 Jahre in Anspruch.Man verbringt
