6744 4216
5382 467 6011 647 Med. Krit.25
3828 605 6236 818 Die syphilitischen Erkrankungen des Nervensy-
3834 821 4166 928 stems.
4837 848 5005 943 b on
6116 890 6328 1021 185 &
4337 919 5127 1051 Dr.Theodor Rump:
3876 937 6035 1141 Priv. Doz.d.Medizin a,d.Universität Bonn).
6110 1000 6412 1156 I, 30.
3888 1075 5846 1267 Verlag v.J.F.Bergmann.Wiesbaden 1887.
4307 1219 6158 1420 In die sem neuen Werke begrüssen wir
3852 1369 6047 1503 eine Erscheinung,die auf das Interesse der
3858 1438 6074 1584 Fachgenommen einen hervorragenden Ansprach
3846 1524 6164 1668 hat. Umfassende Kenntnisse der Literatur ver-
3852 1593 6161 1737 bindet sich mit vollkommener Selbständigkeit
3905 1686 6134 1833 der Auffassung;und eine Darstellung,gleich
3858 1782 6158 1902 weit entfernt vom trockenen Lehrmeistertone,
3852 1839 6161 1977 wie von klingenden Phrasen, lässt uns die An-
3852 1923 6140 2052 eregungen, welche dieses Buch sicherlich ge¬
3852 1995 6218 2132 währt, mit umso mehr Vorteil in uns aufnehmen,
3858 2067 6128 2222 als hie und da eine polemische Abschweifung
3870 2144 6221 2270 oder sein Hinweis auf halbvolle niete Forschun-
3861 2234 6089 2369 gen uns die Wege kennen lehren, auf welchen
3864 2306 6083 2432 ein Weiterschreiten verdienstlich oder von
3929 2402 5454 2555 Erfolgen gekrönt sein könnte.
4343 2510 6080 2651 Wir können uns kaum versagen,auf
3864 2615 6032 2740 einzelne Teile dieses vorzüglichen Buches
3873 2693 6077 2830 näher einzugehen; aus einem kurzen Berichte
3876 2764 6140 2902 möge der Leser erkennen, wie der Autor seine
3882 2833 6131 2998 Sache anfasst,wie er seinen Stoff einteilt,
3896 2926 6056 3064 und wedche die Schlusssätze seiner Lehren
3888 3037 4169 3178 sind.
4415 3097 6161 3292 In einer kurzen Einleitung werden
3935 3220 6182 3375 wir über die ausserordentliche Wichtigkeit
3885 3315 6197 3471 aufgeklärt, welche heute die Lues als ätiolo-
3896 3396 6290 3567 gisches Moment einer grossen Menge von Nerven-
3905 3444 6307 3633 krankheiten für sich In Ansoruch nimmt; es wird
3953 3522 6122 3687 darauf hingewiesen, dass das Nervensystem
3905 3624 6080 3762 heute mehr denn je ein Locus minoris resi¬
3905 3720 6125 3867 stentiae geworden,mehr als je meneigt ist,
