6872 4328
5423 516 6154 696 Med. Krit. 61
4606 684 6290 840 Der Chronist,der einen Blick auf
4084 773 6192 908 das vergangene Jahr zurückwirft,und sich
4102 840 6293 1006 fragt, was er in die fortlaufende Kulturge-
4096 947 6243 1062 schichte des ärztlichen Standes eintragen
4084 973 6334 1129 dürfte,wird vor allem auf ein grosses Blatt
4090 1073 6411 1227 die Geschichte jenes unseligen Streites auf-
4146 1150 6440 1309 zeichnen müssen, der am Krankenbette des Kai-
4096 1241 6360 1374 sers Friedrich begann.um an seinem kaum ge-
4096 1342 6346 1454 schlossenen Grabe erbitterter fortzudauern.
4102 1398 6337 1522 Geiss ist eins, dass dieses Blatt eines der
4102 1460 6449 1595 traurigsten in der Geschichte unseres Standes
4108 1554 6408 1684 bildet. Alle anderen Vorgänge des verflosse-
4096 1619 6408 1775 nen Jahres erscheinen unbedeutend gegenüber
4114 1701 6402 1828 den eben erwähnten,die durch Monate die po-
4119 1766 6467 1911 litischen und medizinischen Blätter mit ihrem
4111 1858 6473 1993 Wiederhalle füllten. Auch anderwärts hat sich
4155 1949 6299 2070 nichts zugetragen,was die innere Festigung
4105 2020 6269 2153 und das äussere Ansehen der medizinischen
4108 2120 5157 2235 Welt erhöhen könnte.
4824 2158 6184 2306 Wir haben hiemit freilich
4119 2223 6490 2383 nur die ethische Seite unserer Standesinteres-
4125 2324 6301 2459 sen berührt. Aber das ist s,was auszuspre¬
4125 2391 6219 2530 chen uns zumeist am Herzen lag. Denn wir
4119 2450 6393 2613 zweifeln keinen Augenblick, dass man auch im
4119 2560 6452 2680 nächsten Jahre neue Bazillen und neue Medika-
4114 2627 6467 2775 mente entdecken wird. Man wird in den Labora-
4122 2716 6381 2840 torien und auf den Kliniken rüstig weiter-
4116 2795 6384 2919 arbeiten; man wird den Geheimnissen des Le-
4125 2860 6293 3002 bens und des Todes immer näher kommen. Wir
4125 2940 6322 3073 werden auch im nächsten Jahre viele grosse
4105 2987 6378 3185 Aerzte unter uns haben - aber wir fürchten,
4119 3129 5491 3232 nur wenig grosse Menschen.
6036 3158 6272 3276 A.S.
4131 3217 5505 3314 Wien, den 31. Dezember 1888.
4146 3294 6337 3512 (Inter.kl.Rundschau,1889,III.Jahgg.,Nr.1.)
