<?xml version="1.0" encoding="UTF-8" standalone="yes"?>
<PcGts xmlns="http://schema.primaresearch.org/PAGE/gts/pagecontent/2013-07-15" xmlns:xsi="http://www.w3.org/2001/XMLSchema-instance" xsi:schemaLocation="http://schema.primaresearch.org/PAGE/gts/pagecontent/2013-07-15 http://schema.primaresearch.org/PAGE/gts/pagecontent/2013-07-15/pagecontent.xsd">
    <Metadata>
        <Creator>prov=READ-COOP:name=TrHtr:version=2.1.0:model_id=51170:date=28_07_2023_08:07</Creator>
        <Created>2023-05-10T11:23:01.086+02:00</Created>
        <LastChange>2023-07-28T08:07:06.964+02:00</LastChange>
        <TranskribusMetadata docId="1428150" pageId="55386583" pageNr="61" tsid="131325589" status="IN_PROGRESS" userId="64420" imgUrl="https://files.transkribus.eu/Get?id=TTOVCOVDTIVDEVDXWKUGABZC&amp;fileType=view" xmlUrl="https://files.transkribus.eu/Get?id=EWAMTOMSBJSGGPWSXMBYVQOF" imageId="44661480"/>
    </Metadata>
    <Page imageFilename="1428150_0061.jpg" imageWidth="6776" imageHeight="4392">
        <ReadingOrder>
            <OrderedGroup id="ro_1711821960032" caption="Regions reading order">
                <RegionRefIndexed index="0" regionRef="tr_1"/>
            </OrderedGroup>
        </ReadingOrder>
        <TextRegion id="tr_1" custom="readingOrder {index:0;}">
            <Coords points="3938,522 6385,522 6385,2617 3938,2617"/>
            <TextLine id="tr_1_tl_1" custom="readingOrder {index:0;}">
                <Coords points="5253,627 5767,603 5919,636 5953,603 6047,597 6050,496 5956,481 5773,518 5682,484 5603,527 5527,490 5390,521 5326,478 5256,490"/>
                <Baseline points="5269,590 5340,590 5430,590 5519,590 5609,590 5698,590 5788,596 5877,590 5967,578 6056,572"/>
                <TextEquiv>
                    <Unicode>Med.Krit. 77</Unicode>
                </TextEquiv>
            </TextLine>
            <TextLine id="tr_1_tl_2" custom="readingOrder {index:1;}">
                <Coords points="3940,776 4010,813 4071,813 4105,789 4169,792 4199,773 4239,789 4263,773 4287,776 4287,700 4223,709 4099,667 4071,688 4035,688 4007,716 3940,719"/>
                <Baseline points="3956,775 4027,769 4117,769 4207,769 4296,769"/>
                <TextEquiv>
                    <Unicode>suchen.</Unicode>
                </TextEquiv>
            </TextLine>
            <TextLine id="tr_1_tl_3" custom="readingOrder {index:2;}">
                <Coords points="4290,856 6053,847 6288,819 6291,706 4293,746"/>
                <Baseline points="4308,835 4326,835 4415,829 4505,835 4594,835 4684,835 4773,829 4863,829 4952,829 5042,823 5131,823 5221,823 5310,823 5400,823 5490,823 5579,817 5669,823 5758,817 5848,817 5937,811 6027,811 6116,811 6206,805 6295,799"/>
                <TextEquiv>
                    <Unicode>Björnson har vor nicht langer Zeit die</Unicode>
                </TextEquiv>
            </TextLine>
            <TextLine id="tr_1_tl_4" custom="readingOrder {index:3;}">
                <Coords points="3934,953 6291,914 6376,898 6376,783 3937,843"/>
                <Baseline points="3950,924 3968,918 4057,913 4147,913 4236,913 4326,913 4415,918 4505,913 4594,907 4684,907 4773,907 4863,901 4952,901 5042,901 5131,901 5221,901 5310,895 5400,895 5490,895 5579,889 5669,889 5758,889 5848,889 5937,883 6027,883 6116,883 6206,883 6295,883 6385,883"/>
                <TextEquiv>
                    <Unicode>Forderung, dass der Mann seiner künftigen Gattin</Unicode>
                </TextEquiv>
            </TextLine>
            <TextLine id="tr_1_tl_5" custom="readingOrder {index:4;}">
                <Coords points="3928,1011 6254,987 6257,910 3928,950"/>
                <Baseline points="3944,990 4027,990 4117,990 4207,990 4296,984 4386,984 4475,984 4565,978 4654,984 4744,978 4833,978 4923,978 5012,978 5102,972 5191,972 5281,972 5370,972 5460,966 5549,966 5639,966 5728,966 5818,960 5907,960 5997,960 6086,960 6176,960 6265,960"/>
                <TextEquiv>
                    <Unicode>ebenso rein entgegentreten müsse, als sie ihm</Unicode>
                </TextEquiv>
            </TextLine>
            <TextLine id="tr_1_tl_6" custom="readingOrder {index:5;}">
                <Coords points="3962,1118 6367,1044 6288,929 3965,1002"/>
                <Baseline points="3980,1062 4045,1068 4135,1068 4224,1062 4314,1062 4403,1062 4493,1062 4582,1056 4672,1056 4761,1056 4851,1056 4941,1050 5030,1050 5120,1050 5209,1050 5299,1050 5388,1044 5478,1044 5567,1044 5657,1038 5746,1038 5836,1038 5925,1032 6015,1038 6104,1032 6194,1032 6283,1032 6373,1032"/>
                <TextEquiv>
                    <Unicode>dramatisch formuliert,und das betreffende Stück</Unicode>
                </TextEquiv>
            </TextLine>
            <TextLine id="tr_1_tl_7" custom="readingOrder {index:6;}">
                <Coords points="3992,1148 6270,1154 6370,1145 6373,1044 3992,1069"/>
                <Baseline points="4010,1145 4051,1139 4141,1139 4230,1139 4320,1133 4409,1133 4499,1133 4588,1133 4678,1133 4767,1133 4857,1127 4946,1127 5036,1127 5125,1127 5215,1127 5305,1127 5394,1121 5484,1121 5573,1115 5663,1115 5752,1115 5842,1109 5931,1109 6021,1109 6110,1103 6200,1109 6289,1103 6379,1109"/>
                <TextEquiv>
                    <Unicode>der Handschuh hat einen lebhaften Widerstreit</Unicode>
                </TextEquiv>
            </TextLine>
            <TextLine id="tr_1_tl_8" custom="readingOrder {index:7;}">
                <Coords points="3934,1245 6127,1233 6242,1124 3934,1157"/>
                <Baseline points="3950,1217 4010,1217 4099,1217 4189,1217 4278,1211 4368,1211 4457,1211 4547,1211 4636,1211 4726,1205 4815,1199 4905,1199 4994,1205 5084,1199 5173,1199 5263,1199 5352,1199 5442,1199 5531,1193 5621,1193 5710,1187 5800,1193 5889,1187 5979,1187 6068,1187 6158,1181 6247,1187"/>
                <TextEquiv>
                    <Unicode>der Meinungen hervorgerufen. Dass die Männer</Unicode>
                </TextEquiv>
            </TextLine>
            <TextLine id="tr_1_tl_9" custom="readingOrder {index:8;}">
                <Coords points="3946,1306 6072,1300 6297,1279 6300,1194 3949,1239"/>
                <Baseline points="3962,1294 3980,1294 4069,1294 4159,1288 4248,1288 4338,1288 4427,1282 4517,1282 4606,1282 4696,1282 4785,1282 4875,1282 4964,1277 5054,1277 5143,1277 5233,1277 5322,1277 5412,1271 5501,1265 5591,1271 5680,1265 5770,1265 5859,1259 5949,1265 6039,1265 6128,1265 6218,1265 6307,1265"/>
                <TextEquiv>
                    <Unicode>die in dem Drama ausgesprochene Forderung als</Unicode>
                </TextEquiv>
            </TextLine>
            <TextLine id="tr_1_tl_10" custom="readingOrder {index:9;}">
                <Coords points="3931,1401 6245,1395 6245,1288 6123,1273 3934,1300"/>
                <Baseline points="3950,1372 4016,1366 4105,1366 4195,1366 4284,1360 4374,1360 4463,1360 4553,1360 4642,1360 4732,1360 4821,1360 4911,1354 5000,1360 5090,1354 5179,1354 5269,1354 5358,1354 5448,1348 5537,1348 5627,1342 5716,1342 5806,1342 5895,1342 5985,1342 6074,1342 6164,1342 6253,1348"/>
                <TextEquiv>
                    <Unicode>übertrieben und fast unmöglich belächeln,mag</Unicode>
                </TextEquiv>
            </TextLine>
            <TextLine id="tr_1_tl_11" custom="readingOrder {index:10;}">
                <Coords points="3946,1449 6197,1459 6197,1361 3946,1385"/>
                <Baseline points="3962,1444 4051,1444 4141,1444 4230,1444 4320,1438 4409,1438 4499,1438 4588,1438 4678,1438 4767,1438 4857,1438 4946,1432 5036,1432 5125,1432 5215,1426 5305,1426 5394,1426 5484,1426 5573,1420 5663,1414 5752,1420 5842,1414 5931,1414 6021,1414 6110,1414 6200,1414"/>
                <TextEquiv>
                    <Unicode>in einer durch jahrhundertelange Gewohnheit</Unicode>
                </TextEquiv>
            </TextLine>
            <TextLine id="tr_1_tl_12" custom="readingOrder {index:11;}">
                <Coords points="3931,1522 6358,1501 6276,1373 5792,1471 3934,1440"/>
                <Baseline points="3950,1515 4039,1521 4129,1521 4218,1521 4308,1515 4397,1515 4487,1521 4576,1515 4666,1515 4756,1509 4845,1509 4935,1509 5024,1509 5114,1509 5203,1515 5293,1503 5382,1503 5472,1503 5561,1497 5651,1497 5740,1497 5830,1497 5919,1497 6009,1491 6098,1491 6188,1491 6277,1485 6367,1473"/>
                <TextEquiv>
                    <Unicode>begründete Anmassung liegen; und aus diesem Ver</Unicode>
                </TextEquiv>
            </TextLine>
            <TextLine id="tr_1_tl_13" custom="readingOrder {index:12;}">
                <Coords points="3928,1617 6194,1602 6361,1583 6361,1513 3928,1516"/>
                <Baseline points="3944,1605 3950,1605 4039,1605 4129,1599 4218,1599 4308,1593 4397,1593 4487,1593 4576,1593 4666,1587 4756,1593 4845,1587 4935,1587 5024,1587 5114,1581 5203,1581 5293,1581 5382,1581 5472,1575 5561,1575 5651,1575 5740,1575 5830,1569 5919,1569 6009,1569 6098,1569 6188,1569 6277,1569 6367,1563"/>
                <TextEquiv>
                    <Unicode>halten darf man kaum einen berechtigten Schluss</Unicode>
                </TextEquiv>
            </TextLine>
            <TextLine id="tr_1_tl_14" custom="readingOrder {index:13;}">
                <Coords points="3940,1690 6063,1681 6334,1663 6337,1596 3940,1635"/>
                <Baseline points="3956,1682 4016,1676 4105,1676 4195,1676 4284,1676 4374,1676 4463,1670 4553,1670 4642,1664 4732,1664 4821,1664 4911,1664 5000,1664 5090,1664 5179,1658 5269,1658 5358,1658 5448,1652 5537,1652 5627,1652 5716,1652 5806,1652 5895,1652 5985,1652 6074,1647 6164,1641 6253,1641 6343,1629"/>
                <TextEquiv>
                    <Unicode>ziehen. Dass aber auch die Frauen im Allgemei-</Unicode>
                </TextEquiv>
            </TextLine>
            <TextLine id="tr_1_tl_15" custom="readingOrder {index:14;}">
                <Coords points="3934,1769 6142,1763 6343,1748 6346,1663 3934,1684"/>
                <Baseline points="3950,1754 4022,1754 4111,1748 4201,1748 4290,1748 4380,1748 4469,1748 4559,1748 4648,1748 4738,1742 4827,1748 4917,1742 5006,1736 5096,1736 5185,1736 5275,1730 5364,1730 5454,1730 5543,1724 5633,1730 5722,1724 5812,1724 5901,1724 5991,1724 6080,1724 6170,1718 6259,1718 6349,1724"/>
                <TextEquiv>
                    <Unicode>nen eine leichte Heiterkeit über die Forderung</Unicode>
                </TextEquiv>
            </TextLine>
            <TextLine id="tr_1_tl_16" custom="readingOrder {index:15;}">
                <Coords points="3934,1857 6236,1854 6352,1833 6355,1748 3934,1769"/>
                <Baseline points="3950,1831 4033,1831 4123,1826 4212,1826 4302,1826 4392,1826 4481,1820 4571,1820 4660,1820 4750,1820 4839,1820 4929,1814 5018,1814 5108,1814 5197,1814 5287,1808 5376,1808 5466,1808 5555,1802 5645,1802 5734,1802 5824,1802 5913,1802 6003,1802 6092,1802 6182,1796 6271,1796 6361,1796"/>
                <TextEquiv>
                    <Unicode>des stolzen Mädchens in dem Björnson schen Dra</Unicode>
                </TextEquiv>
            </TextLine>
            <TextLine id="tr_1_tl_17" custom="readingOrder {index:16;}">
                <Coords points="3928,1927 5886,1915 6187,1891 6187,1827 3928,1842"/>
                <Baseline points="3944,1909 3956,1909 4045,1909 4135,1903 4224,1903 4314,1903 4403,1903 4493,1897 4582,1897 4672,1897 4761,1897 4851,1897 4941,1891 5030,1891 5120,1891 5209,1891 5299,1885 5388,1885 5478,1867 5567,1879 5657,1879 5746,1879 5836,1879 5925,1879 6015,1873 6104,1873 6194,1879"/>
                <TextEquiv>
                    <Unicode>ma nicht ünterdrücken können — das muss uns</Unicode>
                </TextEquiv>
            </TextLine>
            <TextLine id="tr_1_tl_18" custom="readingOrder {index:17;}">
                <Coords points="3977,2004 6190,2010 6276,1998 6276,1857 3977,1946"/>
                <Baseline points="3992,1987 4045,1987 4135,1981 4224,1981 4314,1981 4403,1981 4493,1975 4582,1975 4672,1975 4761,1975 4851,1975 4941,1975 5030,1975 5120,1969 5209,1969 5299,1969 5388,1969 5478,1963 5567,1963 5657,1963 5746,1963 5836,1963 5925,1957 6015,1957 6104,1957 6194,1957 6283,1963"/>
                <TextEquiv>
                    <Unicode>nachdenklich machen. Denn die wissen sicher,</Unicode>
                </TextEquiv>
            </TextLine>
            <TextLine id="tr_1_tl_19" custom="readingOrder {index:18;}">
                <Coords points="3925,2092 4540,2122 4616,2092 4772,2110 4814,2077 4881,2107 4884,2016 4659,1973 4440,2013 4385,1988 4254,2019 3928,2013"/>
                <Baseline points="3944,2064 4033,2058 4123,2058 4212,2058 4302,2058 4392,2058 4481,2058 4571,2058 4660,2052 4750,2052 4839,2058 4893,2064"/>
                <TextEquiv>
                    <Unicode>warum sie lächeln.</Unicode>
                </TextEquiv>
            </TextLine>
            <TextLine id="tr_1_tl_20" custom="readingOrder {index:19;}">
                <Coords points="5323,2244 5731,2256 5795,2208 6364,2244 6364,2101 5889,2068 5648,2107 5441,2077 5323,2113"/>
                <Baseline points="5340,2201 5388,2196 5478,2196 5567,2196 5657,2190 5746,2196 5836,2196 5925,2190 6015,2190 6104,2190 6194,2184 6283,2190 6373,2190"/>
                <TextEquiv>
                    <Unicode>Dr.Arthur Schnitzler</Unicode>
                </TextEquiv>
            </TextLine>
            <TextLine id="tr_1_tl_21" custom="readingOrder {index:20;}">
                <Coords points="3922,2655 6257,2613 6364,2603 6364,2476 3922,2524"/>
                <Baseline points="3938,2601 3956,2607 4045,2601 4135,2601 4224,2601 4314,2601 4403,2595 4493,2595 4582,2595 4672,2595 4761,2595 4851,2595 4941,2595 5030,2589 5120,2589 5209,2589 5299,2583 5388,2583 5478,2583 5567,2583 5657,2583 5746,2583 5836,2583 5925,2583 6015,2583 6104,2577 6194,2577 6283,2571 6373,2577"/>
                <TextEquiv>
                    <Unicode>Int.kl.Rundschau,23.November 1890,Nr.47,S.1937.</Unicode>
                </TextEquiv>
            </TextLine>
        </TextRegion>
    </Page>
</PcGts>
