6872 4200
5180 295 5835 483 Med.Krit.40
3839 467 6296 617 allgemeinen Krankenhause. Jede Abteilung ist so-
3848 526 6368 711 zusagen gleich Klinik, jeder Patent Lehrmaterial
3855 639 6230 771 Jeder Abteilungsvorstand wäre also in unserem
3826 696 6315 865 Sinne klinischer Professor.Die grossen Vorteile
3842 787 6340 915 welche daraus erwachsen, sind leicht ersichtlich;
3848 856 6249 987 es gibt keinen von Studenten überfülleen Kran¬
3848 934 6123 1084 kensaal und es kann nie einen von so und so
3855 984 6318 1144 viel Studen ten - untersuchten Kranken geben.Die
3848 1072 6346 1235 klinischen Vorlesungen finden in der Weise statt
3842 1166 6120 1319 dass der betreffende Abteilungsvorstand, von
3851 1232 6220 1382 seinem House-Physician begleitet,von den stu-
3848 1307 6271 1445 den ten gefolgt, von Bett zu Bett wandert, unter-
3861 1379 6324 1542 sucht, diagnostiziert und seine Bemerkungen über
3889 1501 4886 1642 den Fall einstreut
4212 1514 6302 1670 An manchen Abteilungen bekommen die Stu
3867 1608 6271 1758 denten einen oder mehrere Kranke zugeteilt,de-
3855 1683 6274 1833 ren Geschichte sie zu führen haben. Haufig genug
3848 1774 6299 1899 macht der Chef selbst seine schriftlichen Noti¬
3861 1836 6293 1990 zen in die Tabelle,Diese klinische Visite fin-
3855 1912 6242 2046 det nachmittag um zwei oder drei Uhr statt,an
3848 1996 6236 2134 den medizinischen sowohl wie an den chirurgi-
3861 2078 6239 2219 schen Abteilungen.nachdem der House-Physiklan
3902 2112 6321 2275 Vormittags um neun oder zeh n Uhr die Frühvisi-
3873 2222 6123 2357 te besorgt hat. Auch die Operationen finden
3858 2266 6230 2447 Nachmittags statt Vormittags ist die Zeit der
3873 2353 6324 2526 theoretischen Vortsungen und der laboratoriums-
3892 2491 4362 2629 arbeiten
4296 2516 6126 2651 Auch theoretische Vorlesungen über
3864 2582 6289 2739 interne Medizin sowie über Chirurgie, die einen
3883 2661 6355 2833 propädeutisch- n Charakter tragen,finden ihre re-
3867 2742 6252 2896 gelmässige Einteilung in dem Studiengange an
3867 2883 4886 2999 diesen Hospitälern.
4281 2867 6236 3046 Selten kommt es vor, dass ein Hospital
3855 2924 6321 3127 Dozenten für Anatomie, Physiologie,experimentel-
3876 3055 6236 3187 le Pathologie, Arzneimittellehre zur Verfügung
3867 3118 6377 3272 hat, die sich ausschliesslich und dauernd dem be-
3864 3237 5785 3397 treffenden Fache zu widmen gedenken.
4271 3281 6249 3447 Der Unterricht in diesen Fächern wird
3883 3366 6336 3538 vielmehr meistenteils von den jüngeren Mitglie-
3867 3466 6336 3676 dern des Lehrkörpers erteilt,die ihre disbezüg-
