6872 4248
5568 400 6288 584 Med. Krit. 48
4237 577 6378 795 Eine ganze Fülle von anderen Spezial-Hos-
3998 717 6394 968 pitälern birgt die Riesenstadt in ihrem Berei-
3945 857 6198 1055 che;sie verfügt über etwa fünf Spitäler für
3945 987 6285 1139 Augen-, vier für Nerven-, ebenso viel für Kehl
3960 1077 6419 1207 kopfkranke; es gibt 14 Kinderhospitäler und spe-
3957 1142 6443 1291 zielle Anstalten für Orthopädie und Zahnheilkun-
3957 1238 6273 1384 de;es gibt 7 Frauenkospitäiet u.s.w.,von den
3957 1285 6369 1449 Asylen für Unheilbare ganz zu schweigen. Es ist
3957 1387 6381 1533 klarersichtlich, dass die se Krankenanstalten in
3951 1493 6440 1598 wissenschaftlicher Hinsicht einen sehr verschie¬
3957 1574 6229 1710 denen Rang einzunehmen berufen sind. Von den
3960 1633 6428 1794 grossen durch bedeutende, einen Weitruf besitzen
3967 1729 6208 1856 de Aertre geleiteten Hospiätler,wie z.B.das
3957 1800 6369 1934 Epileptic-Hospital in Wueens Square,an welchem
3951 1887 6195 2005 Männer wie Huglings Jackson, Gowers, Ferrier,
3951 1958 6279 2092 Horsley etc. wirken, bis herab zu der kleinen
3951 2039 6220 2166 medizinischen Privatunternehmung,die häufig
3960 2123 6279 2247 nichts anderes bezweckt, als ihren Gründer zu
3979 2201 6167 2337 poussieren; von dem in grossartigsten Stile
3963 2266 6325 2446 gelegten, für Hunderte von Kranken berechnetem
3967 2337 6325 2486 Inst ltute bis zu dem mit einem halben Dutzend
4004 2427 6301 2557 Betten versehenen "Hospitale",in dem ein ju
3960 2508 6288 2641 gendlicher Physican seine Privatlorbeeren zu
3973 2582 6378 2710 pflücken gedenkt, von dem herrefichen, mit hohen,
3967 2663 6375 2781 weiten Sälen und geräumigem Garten ausgestatte
3979 2725 6338 2855 ten Krankenhause bis dem schlecht gebauteh und
3973 2809 6170 2927 ungünstig gelegenen im ärmsten Viertel der
3973 2843 6350 3023 Stadt sind alle möglichen Arten vertreteh und
3970 2976 6232 3125 jedes Jahr spriessen neue Gebäude in London
4022 3039 6446 3166 auf,der Pflege und der Heilung von Kranken ge¬
3973 3125 6363 3247 widmet, von strebsamen Aerzten oder ärztlichen
3973 3197 6338 3327 Strebern gegründet, durch freiwillige Beiträge
3985 3259 6440 3396 erhalten, kleinere und grössere, mit Aussicht auf
3979 3349 6400 3492 bedeutenden Erfolg oder nur mit der Gewähr ei-
3985 3430 6456 3566 nes bescheidenen Fortkommens,Unternehmungen im-
3979 3501 6450 3641 merhin, die man mag sonst darüber denken wie man
3995 3569 6481 3728 wolle, in ihrem, durch keine staatlichen Machtvoll
4041 3659 6375 3802 kommenheiten und durch keine kollegialen Ran
