6872 4248
5310 465 6037 643 Med.Krit. 45
3860 627 6273 775 Empfang der ambulatorischen Kranken bestimmten
3866 759 6276 862 Räumen, finden sich an den Wänden und Türen Bi-
3918 840 6279 930 belsürpche, die auf die Stimmung der Patenten
3873 911 6163 1021 einen mehr oder minder emunternden Eindruck
3863 946 6328 1101 zu üben im Stande sind. Es lässt sich sicherlich
3866 1076 6302 1198 nichts dagegen einwenden,wenn der Kranke zu le-
3915 1140 6279 1273 sen bekommt: "Tut einander Gutes" und auch dem
3892 1211 6189 1321 Spruche "Won der Herr liebt, den züchtigt er
3873 1282 6224 1405 kann eine gewisse Wirkung auf Gemüter, die für
3915 1373 6176 1476 diese Art von Schmeichelei empfänglich sind
3860 1412 6328 1570 nicht abgesprochen werden; wenn es einem Kranken
3960 1537 6363 1657 jedoch mit gewaltigen Buchstaben entgegendräut:
3902 1596 6340 1709 “Wer geändigt hat, muss t erben,so wird er da-
3873 1683 6424 1825 raus bei genauer Berücksichtigung seiner bisheri-
3915 1770 6328 1873 gen Lebensführung wohl nur selten einen wahren
3915 1864 5791 1954 und bleibenden Trost schöpfen können.
4425 1886 6441 2048 Die Idee, eigene Hospitäler für Syphili-
3873 1983 6202 2109 tische zu errichten, wird bei wirklich othisch
3908 2041 6418 2158 den kenden Aerzten kaum jemals besonderen Beifall
3853 2148 6373 2255 finden. Es war in Wien mehr als einmal davon die
3866 2232 6273 2322 Rede, spezielle Heilanstalten für Syphilitische
3850 2297 6328 2435 anzulegen, doch waren die Gründe, die man dagegen
3850 2381 6160 2481 anführen konnte, stets so gewichtig,dass man
3866 2435 6253 2565 bisher noch immer von der Realisierung dieser
3847 2506 6370 2668 Absicht Abstand nahm. Für einen grossen Teil der
3915 2623 6253 2723 Laienwelt ist der lietisch Erkrankte ein be-
3876 2681 6386 2823 strafter Sünder und es wird für den betreffenden
3873 2787 6198 2884 Patienten ein überals peinliches Gefühl sein,
3873 2868 6189 2959 sich auf ein Spital für geheime Krankheiten
3847 2888 6269 3039 angewiesen zu sehen. In London existieren zwei
3873 2978 6428 3110 sogenannte Lock-Hospitäler,die frühr geltenden Ge-
3866 3078 6334 3185 pflogenheiten und noch heute gelten Vorurteilen
3866 3162 6370 3285 zu Folge, in ihrem Namen bereits die Tendenz des
3960 3243 6305 3362 abgeschlossenen" und „gefängnishaften verra¬
3860 3301 6424 3408 ten. In den allgemeinen Krankenhäusern gibt es mit
3860 3401 6408 3501 ein oder zwei Ausnahmen nirgends eigene Abteilun-
3853 3479 6386 3585 gen für Syphilitische und wo man über eine sol-
3853 3514 6437 3647 che verfügt, dort ist der Chef einer medizinischen
3863 3614 6463 3760 oder chirurgischen Abteilung ihr ärztlicher Leiter
