6792 4360
5270 448 5957 615 Med. Krit. 67
4040 586 6180 744 eigentlichen Frage zu,wobei er zu betonen
4040 711 6072 814 nicht unterlässt, dass er selbst niemals
4031 758 6318 896 die Möglichkeit eines Ueberganges gutartiger
4019 861 6265 966 Kehlkopfgeschwülste in Abrede gestellt hat.
4008 943 6361 1086 Darauf jedoch, dass es sich in manchen Fällen,
4019 1025 6265 1107 wo man an eine Umwandlung zu denken geneigt
4034 1089 6323 1200 ist, um einen diagnostischen Irrtum gehandelt
4017 1159 6215 1265 haben mag, wird von dem Autor mit Recht ein
4014 1253 6241 1344 besonderes Gewicht gelegt. Er weistnach, wie
4008 1335 6200 1429 ausserordentlich die Schwierigkeiten sind,
4008 1411 6277 1511 welche sich einer bestimmten Aussage in spe-
4008 1490 6259 1604 ziellen Fällen entgegenstellen,er zeigt uns
4034 1555 6162 1660 jedes Kriterium von seiner angreifbarsten
4011 1639 6253 1727 Seite, ja geht schliesslich so weit, einzuge-
4014 1707 6253 1806 stehen, dass wir ein allgemein giltiges Kri-
4019 1786 6139 1885 terium für die Beurteilung alle Fälle an-
4014 1859 6288 1956 schei nenden Ueberganges gutartiger Kehlkopf-
4002 1950 6253 2087 neubildungen in bösartige gegenwärtig nicht
3996 2014 6300 2125 be sitzen, dass jeder einzelnerall indivdduell
4014 2096 6294 2201 beurteilt werden muss. Immerhin würden Länge
3996 2181 6306 2316 des Verlauf es und allmälig atypischerer Cha-
4002 2254 6157 2339 rakter der Geschwulst, sowie immer kürzere
4002 2330 6139 2439 Intervalle zwischen den Rezidiven als die
4002 2403 6186 2541 wertvollsten Anhaltspunkte bei Beurteilung
4002 2494 6072 2588 eines speziellen Falles zu gelten haben.
4403 2556 6233 2649 Einige Mitteilungen über diamosti-
3984 2638 6239 2746 sche Irrtümer auf diesem Gebiete, welche der
3984 2728 6241 2816 Autor beifügt, geben seiner Mahnung zur Vor-
3990 2802 5600 2942 sicht im weitesten Sinne Recht.
4388 2851 6174 2983 Den nächsten Absehnitt bildet eine
3981 2907 6180 3065 tabollarische Uebersicht der Resultate der
4037 3027 6253 3129 Sammelforschung. 107 Beobachter, deren Beob
3981 3118 6186 3226 achtungsperiode sich auf die Zeit von 1862
3984 3170 6300 3267 bis 1888 erstreckt,haben zusammen 10.###47 gut-
3978 3261 6186 3340 artige und 1550 primär bösartige Kehlkopf-
3973 3326 6277 3457 geschwülste gesehen. Spontaner Uebergang gut-
3973 3411 6060 3510 artiger Kehlkopfgeschwülste in böaartige
3970 3487 6157 3639 wurden 12 beobachtet; beinahe alle sind je
4011 3563 4927 3715 doch zweifelhaft.
