6808 4360
5677 427 6306 590 Med. Krit. 69
4129 572 6443 712 der Degenoration absolut nicht existiert. So-
4117 685 6437 783 mon schliesst seinen Bericht mit einem herz¬
4129 753 6469 896 lichen Dank für die Bereitwilligkeit der Teil
4129 848 6401 943 nehmer an der Sammelforschung. Sie alle je-
4135 896 6514 1026 doch sind ihm noch zu wärmeren Danke verpflich
4129 994 6271 1118 tet, indem er sich der Mühe unterzogen, die
4176 1068 6383 1198 Einläufe zu ordnen, das Allgemeine aus der
4254 1157 6327 1264 Speziel den abzuleiten, und sich nicht mit
4123 1222 6196 1335 einer einfachen statistischen Verwendung
4123 1275 6374 1403 des eingesundten Materiales begnügt, sondern
4123 1391 6374 1501 es verstanden hat,in grossen Zügen das Bild
4117 1465 6265 1587 einer hochwichtigen Frage auf zurollen, die
4117 1542 5799 1649 er der Lösung sehr nahe brachte.
5203 1646 6315 1839 Dr. Arthur Schnitzler.
5182 1892 5410 2026 ----
4064 2343 5493 2501 Int.kl.Rundsch. 1890,S.203.
