6712 4216
3655 260 4142 416 mult 2 kleine.
5725 301 6234 481 Med. Krit.
4216 541 6247 686 Die pathologische Anatomie der Erkran¬
3752 660 6234 772 kung harrt noch weiterer Aufschlüsse; ein einzi-
3768 702 6286 846 ger Sektionsbefund wurde bisher (von Schule) ver-
3755 830 6183 935 öffentlicht; und gerade dieser entspricht nicht
3761 881 6279 1016 ganz dem Bilde der Veränderungen,welche man bis-
3755 964 6263 1092 her im Hirn und Rückenmark der an Cerebrospinal-
3761 1067 6241 1173 sklerose oder im Verlaufe eine solchen verstor-
3790 1163 6267 1240 benen Erwachsenen zu beobachten xx gewohnt war,
3768 1224 6218 1330 obwohl die klinische Diagnose des Falles in die
3761 1294 5988 1426 Augen springen musste. In Beziehung auf die
3774 1387 6196 1490 Aetiologie glaubt der Verf. neuropathische Be-
3768 1448 6174 1563 lastung und Krankheiten der Eltern, vorzugswei¬
3780 1538 6129 1644 se aber vorausgegangene Krankheiten,besonders
3768 1611 6186 1730 Infektionskrankheiten der Kinder selbst anfüh¬
3768 1688 6090 1801 ren zu können.Die Frage, ob es sich in dieser
3825 1756 6231 1881 letzteren Hinsicht um ein propter hoc oder nur
3768 1852 6177 1954 um ein post hoc handeln dürfte,wird wohl bis-
3780 1913 6135 2034 lang bei der Häufigkeit von Scharlach, Keuch-
3768 1993 6190 2114 husten. Masern und bei der Seltenheit der cere¬
3809 2076 6170 2188 brospinalen Sklerose bei Kindern,kaum spruch-
3787 2147 6135 2268 reif sein.Einleuchtender ist die ätiologische
3755 2233 6036 2342 Bedeutung von Traumen des Schädels,die zwei
3768 2345 4988 2470 Mal nachzuweisen waren.
4293 2464 6183 2576 Das Alter, in dem die Kinder standen,
3925 2544 6094 2701 variierte von 5 Monaten bis zu 14 Jahren.
4280 2694 6132 2813 Das traurigste Kapitel - doch nein!
3764 2765 6311 2903 ein kleiner Absatz beschäftigt sich mit der The-
3787 2861 6148 2973 rapie der Krankheit.Der Verf.behandelt seinen
3816 2935 6199 3063 Fall mit mit dem Chapman schen Schlauch längs
3768 3015 6190 3114 der Wirbelsäule und einem halben Gramm Jodkali
3790 3063 6308 3217 pro die (die Krankheitsgeschichte ist noch nicht
3768 3178 6331 3277 abgeschlossen). Seeligmüller empfiehlt galvanische
3787 3255 6257 3364 und leichte hindropathische Behandlung; eventuell
3777 3329 6263 3434 innerlich Vitras argenti. Allenfalls kommt Jod-
3780 3380 6353 3572 kali unjBrompärparate in Betracht. Im Allgemeinen
