<?xml version="1.0" encoding="UTF-8" standalone="yes"?>
<PcGts xmlns="http://schema.primaresearch.org/PAGE/gts/pagecontent/2013-07-15" xmlns:xsi="http://www.w3.org/2001/XMLSchema-instance" xsi:schemaLocation="http://schema.primaresearch.org/PAGE/gts/pagecontent/2013-07-15 http://schema.primaresearch.org/PAGE/gts/pagecontent/2013-07-15/pagecontent.xsd">
    <Metadata>
        <Creator>prov=READ-COOP:name=TrHtr:version=2.1.0:model_id=51170:date=28_07_2023_08:07</Creator>
        <Created>2023-05-10T11:22:58.828+02:00</Created>
        <LastChange>2023-07-28T08:07:01.656+02:00</LastChange>
        <TranskribusMetadata docId="1428150" pageId="55386519" pageNr="46" tsid="131325574" status="IN_PROGRESS" userId="64420" imgUrl="https://files.transkribus.eu/Get?id=EPYHAWCCZJTAMAJVNXOTMUTG&amp;fileType=view" xmlUrl="https://files.transkribus.eu/Get?id=IFBXRMYJGPBTRSOPPIUVAEWE" imageId="44661416"/>
    </Metadata>
    <Page imageFilename="1428150_0046.jpg" imageWidth="6824" imageHeight="4328">
        <ReadingOrder>
            <OrderedGroup id="ro_1711821934597" caption="Regions reading order">
                <RegionRefIndexed index="0" regionRef="tr_1"/>
            </OrderedGroup>
        </ReadingOrder>
        <TextRegion id="tr_1" custom="readingOrder {index:0;}">
            <Coords points="4125,588 6530,588 6530,3842 4125,3842"/>
            <TextLine id="tr_1_tl_1" custom="readingOrder {index:0;}">
                <Coords points="5274,710 5859,737 6070,651 6254,680 6320,663 6323,553 5764,615 5696,562 5512,544 5414,603 5277,606"/>
                <Baseline points="5289,674 5342,674 5432,674 5521,668 5611,662 5701,662 5790,662 5880,656 5969,650 6059,650 6148,644 6238,650 6327,638"/>
                <TextEquiv>
                    <Unicode>Med. Xlix Krit. 62</Unicode>
                </TextEquiv>
            </TextLine>
            <TextLine id="tr_1_tl_2" custom="readingOrder {index:1;}">
                <Coords points="4139,912 6418,844 6519,835 6525,710 4142,796"/>
                <Baseline points="4154,871 4202,865 4292,865 4381,865 4471,859 4560,853 4650,853 4739,847 4829,847 4918,841 5008,841 5098,835 5187,835 5277,835 5366,829 5456,829 5545,823 5635,823 5724,817 5814,811 5903,811 5993,799 6083,799 6172,799 6262,793 6351,793 6441,787 6530,770"/>
                <TextEquiv>
                    <Unicode>Die Frage des Ueberganges gutartiger Kehlkopf-</Unicode>
                </TextEquiv>
            </TextLine>
            <TextLine id="tr_1_tl_3" custom="readingOrder {index:2;}">
                <Coords points="4142,1034 4775,954 6498,983 6504,823 4145,918"/>
                <Baseline points="4160,979 4184,979 4274,973 4363,967 4453,961 4542,955 4632,955 4721,949 4811,949 4901,943 4990,943 5080,937 5169,937 5259,937 5348,937 5438,937 5527,931 5617,925 5706,925 5796,919 5886,919 5975,913 6065,907 6154,895 6244,895 6333,889 6423,883 6512,871"/>
                <TextEquiv>
                    <Unicode>geschwülste in bösartige, speziell nach intra-</Unicode>
                </TextEquiv>
            </TextLine>
            <TextLine id="tr_1_tl_4" custom="readingOrder {index:3;}">
                <Coords points="4166,1093 5274,1043 5414,1070 5417,969 4169,1001"/>
                <Baseline points="4184,1050 4256,1050 4345,1050 4435,1044 4524,1038 4614,1032 4704,1026 4793,1026 4883,1020 4972,1020 5062,1020 5151,1014 5241,1008 5330,1014 5420,1026"/>
                <TextEquiv>
                    <Unicode>läryngealen Operationen.</Unicode>
                </TextEquiv>
            </TextLine>
            <TextLine id="tr_1_tl_5" custom="readingOrder {index:4;}">
                <Coords points="4151,1150 6174,1093 6350,1067 6353,1004 4154,1079"/>
                <Baseline points="4166,1128 4208,1134 4298,1116 4387,1122 4477,1122 4566,1116 4656,1110 4745,1104 4835,1104 4924,1098 5014,1092 5104,1092 5193,1092 5283,1092 5372,1092 5462,1086 5551,1074 5641,1074 5730,1074 5820,1068 5909,1068 5999,1062 6089,1056 6178,1050 6268,1050 6357,1050"/>
                <TextEquiv>
                    <Unicode>Ergebnisse einer Sammelforschung unter den</Unicode>
                </TextEquiv>
            </TextLine>
            <TextLine id="tr_1_tl_6" custom="readingOrder {index:5;}">
                <Coords points="4142,1230 6483,1156 6486,1067 4145,1150"/>
                <Baseline points="4160,1205 4166,1205 4256,1205 4345,1199 4435,1199 4524,1199 4614,1193 4704,1187 4793,1187 4883,1181 4972,1176 5062,1170 5151,1176 5241,1170 5330,1164 5420,1164 5509,1164 5599,1158 5689,1158 5778,1152 5868,1146 5957,1140 6047,1140 6136,1140 6226,1134 6315,1128 6405,1116 6494,1098"/>
                <TextEquiv>
                    <Unicode>Laryngologen der Welt,veranstaltet vom inter-</Unicode>
                </TextEquiv>
            </TextLine>
            <TextLine id="tr_1_tl_7" custom="readingOrder {index:6;}">
                <Coords points="4151,1301 6192,1248 6492,1221 6495,1141 4154,1230"/>
                <Baseline points="4166,1289 4172,1283 4262,1289 4351,1283 4441,1277 4530,1277 4620,1271 4710,1265 4799,1265 4889,1259 4978,1253 5068,1253 5157,1247 5247,1241 5336,1241 5426,1241 5515,1235 5605,1235 5695,1229 5784,1229 5874,1223 5963,1217 6053,1217 6142,1211 6232,1211 6321,1205 6411,1199 6500,1187"/>
                <TextEquiv>
                    <Unicode>nationalen Zentralrat für Laryngologie, Rhino-</Unicode>
                </TextEquiv>
            </TextLine>
            <TextLine id="tr_1_tl_8" custom="readingOrder {index:7;}">
                <Coords points="4151,1367 5898,1358 6430,1319 6433,1218 4154,1298"/>
                <Baseline points="4166,1361 4202,1367 4292,1361 4381,1355 4471,1349 4560,1349 4650,1343 4739,1337 4829,1337 4918,1337 5008,1331 5098,1331 5187,1325 5277,1325 5366,1319 5456,1319 5545,1319 5635,1313 5724,1313 5814,1307 5903,1307 5993,1301 6083,1295 6172,1295 6262,1289 6351,1283 6441,1277"/>
                <TextEquiv>
                    <Unicode>logie und verwandte Wissenschaften, redigiert</Unicode>
                </TextEquiv>
            </TextLine>
            <TextLine id="tr_1_tl_9" custom="readingOrder {index:8;}">
                <Coords points="4166,1489 4198,1483 4204,1489 4249,1450 4270,1453 4282,1465 4290,1459 4302,1465 4323,1456 4344,1459 4341,1394 4293,1391 4273,1376 4261,1382 4243,1382 4234,1373 4213,1382 4204,1376 4160,1379"/>
                <Baseline points="4178,1432 4268,1438 4351,1438"/>
                <TextEquiv>
                    <Unicode>von</Unicode>
                </TextEquiv>
            </TextLine>
            <TextLine id="tr_1_tl_10" custom="readingOrder {index:9;}">
                <Coords points="4816,1512 4897,1492 4950,1533 5010,1515 5102,1533 5155,1486 5550,1480 5553,1411 5399,1396 5253,1420 5200,1388 5054,1426 5007,1405 4935,1435 4858,1408 4819,1432"/>
                <Baseline points="4835,1486 4841,1480 4930,1486 5020,1480 5110,1480 5199,1480 5289,1474 5378,1468 5468,1462 5557,1468"/>
                <TextEquiv>
                    <Unicode>Dr.Felix Semon</Unicode>
                </TextEquiv>
            </TextLine>
            <TextLine id="tr_1_tl_11" custom="readingOrder {index:10;}">
                <Coords points="4157,1593 6189,1569 6314,1542 6317,1426 5815,1402 5663,1486 5102,1533 4160,1509"/>
                <Baseline points="4172,1581 4262,1587 4351,1587 4441,1581 4530,1575 4620,1575 4710,1570 4799,1570 4889,1564 4978,1564 5068,1558 5157,1552 5247,1552 5336,1552 5426,1546 5515,1546 5605,1540 5695,1540 5784,1534 5874,1534 5963,1528 6053,1522 6142,1516 6232,1516 6321,1510"/>
                <TextEquiv>
                    <Unicode>prakt Arzt,FeIkow of the Royal College of</Unicode>
                </TextEquiv>
            </TextLine>
            <TextLine id="tr_1_tl_12" custom="readingOrder {index:11;}">
                <Coords points="4163,1691 4923,1673 5093,1634 5307,1658 5310,1604 5235,1566 5072,1599 4166,1593"/>
                <Baseline points="4178,1665 4244,1665 4333,1665 4423,1659 4513,1659 4602,1653 4692,1647 4781,1647 4871,1647 4960,1641 5050,1635 5139,1629 5229,1629 5318,1629"/>
                <TextEquiv>
                    <Unicode>Physicians London etc.</Unicode>
                </TextEquiv>
            </TextLine>
            <TextLine id="tr_1_tl_13" custom="readingOrder {index:12;}">
                <Coords points="4198,1768 5916,1759 6344,1691 6350,1557 4201,1676"/>
                <Baseline points="4214,1737 4292,1737 4381,1743 4471,1737 4560,1731 4650,1731 4739,1731 4829,1731 4918,1719 5008,1719 5098,1713 5187,1713 5277,1707 5366,1701 5456,1701 5545,1695 5635,1695 5724,1689 5814,1689 5903,1689 5993,1683 6083,1677 6172,1677 6262,1671 6351,1671"/>
                <TextEquiv>
                    <Unicode>Verlag von August Hirschwald,Berlin 1889.</Unicode>
                </TextEquiv>
            </TextLine>
            <TextLine id="tr_1_tl_14" custom="readingOrder {index:13;}">
                <Coords points="4484,1958 6156,1908 6186,1801 4647,1890 4487,1839"/>
                <Baseline points="4501,1940 4578,1940 4668,1934 4757,1934 4847,1928 4936,1928 5026,1928 5115,1922 5205,1922 5295,1916 5384,1910 5474,1910 5563,1910 5653,1904 5742,1904 5832,1898 5921,1898 6011,1892 6100,1886 6190,1880"/>
                <TextEquiv>
                    <Unicode>Es ist bedeutend mehr, was in dem</Unicode>
                </TextEquiv>
            </TextLine>
            <TextLine id="tr_1_tl_15" custom="readingOrder {index:14;}">
                <Coords points="4109,2053 6219,2000 6222,1916 4112,1955"/>
                <Baseline points="4125,2029 4166,2029 4256,2029 4345,2023 4435,2023 4524,2017 4614,2017 4704,2017 4793,2011 4883,2011 4972,2005 5062,2005 5151,1999 5241,1993 5330,1993 5420,1987 5509,1981 5599,1981 5689,1981 5778,1975 5868,1975 5957,1969 6047,1964 6136,1964 6226,1964"/>
                <TextEquiv>
                    <Unicode>hier angezeigten Buche vor uns liegt, als</Unicode>
                </TextEquiv>
            </TextLine>
            <TextLine id="tr_1_tl_16" custom="readingOrder {index:15;}">
                <Coords points="4121,2127 6162,2077 6260,2065 6263,1964 4124,2044"/>
                <Baseline points="4136,2107 4208,2107 4298,2107 4387,2101 4477,2101 4566,2095 4656,2095 4745,2089 4835,2089 4924,2083 5014,2077 5104,2077 5193,2077 5283,2071 5372,2065 5462,2065 5551,2065 5641,2059 5730,2059 5820,2059 5909,2047 5999,2047 6089,2047 6178,2041 6268,2035"/>
                <TextEquiv>
                    <Unicode>das, was sein erstes Blatt ankündigt. Nicht</Unicode>
                </TextEquiv>
            </TextLine>
            <TextLine id="tr_1_tl_17" custom="readingOrder {index:16;}">
                <Coords points="4127,2211 5889,2166 6257,2136 6260,2068 4130,2136"/>
                <Baseline points="4142,2184 4208,2184 4298,2178 4387,2178 4477,2178 4566,2172 4656,2172 4745,2166 4835,2161 4924,2161 5014,2161 5104,2155 5193,2155 5283,2149 5372,2143 5462,2143 5551,2131 5641,2131 5730,2131 5820,2131 5909,2125 5999,2125 6089,2119 6178,2119 6268,2107"/>
                <TextEquiv>
                    <Unicode>ein einfacher Bericht über die Ergebnisse</Unicode>
                </TextEquiv>
            </TextLine>
            <TextLine id="tr_1_tl_18" custom="readingOrder {index:17;}">
                <Coords points="4133,2267 6180,2222 6231,2139 4136,2217"/>
                <Baseline points="4148,2256 4172,2262 4262,2262 4351,2250 4441,2250 4530,2250 4620,2250 4710,2244 4799,2244 4889,2238 4978,2238 5068,2238 5157,2232 5247,2232 5336,2226 5426,2220 5515,2208 5605,2214 5695,2208 5784,2208 5874,2202 5963,2196 6053,2196 6142,2196 6232,2190"/>
                <TextEquiv>
                    <Unicode>einer Sammelforschung zur Lösung der im</Unicode>
                </TextEquiv>
            </TextLine>
            <TextLine id="tr_1_tl_19" custom="readingOrder {index:18;}">
                <Coords points="4133,2347 6210,2309 6290,2196 4136,2276"/>
                <Baseline points="4148,2338 4232,2340 4322,2334 4411,2334 4501,2334 4590,2328 4680,2328 4769,2328 4859,2322 4948,2316 5038,2316 5127,2316 5217,2316 5307,2310 5396,2304 5486,2298 5575,2298 5665,2298 5754,2292 5844,2286 5933,2286 6023,2286 6112,2280 6202,2274 6292,2262"/>
                <TextEquiv>
                    <Unicode>Titel angedeuteten Frage wird uns erstat-</Unicode>
                </TextEquiv>
            </TextLine>
            <TextLine id="tr_1_tl_20" custom="readingOrder {index:19;}">
                <Coords points="4115,2445 6341,2386 6394,2240 6213,2309 4118,2347"/>
                <Baseline points="4131,2417 4160,2423 4250,2417 4339,2411 4429,2411 4519,2405 4608,2405 4698,2405 4787,2405 4877,2399 4966,2399 5056,2393 5145,2393 5235,2387 5324,2387 5414,2381 5504,2375 5593,2375 5683,2369 5772,2369 5862,2363 5951,2363 6041,2363 6130,2358 6220,2358 6309,2346 6399,2340"/>
                <TextEquiv>
                    <Unicode>tet; wir erhalten vielmehr eine überaus wert-</Unicode>
                </TextEquiv>
            </TextLine>
            <TextLine id="tr_1_tl_21" custom="readingOrder {index:20;}">
                <Coords points="4112,2520 5687,2502 6272,2451 6272,2374 4115,2445"/>
                <Baseline points="4131,2501 4220,2501 4310,2495 4399,2489 4489,2489 4578,2489 4668,2483 4757,2483 4847,2477 4936,2477 5026,2471 5115,2471 5205,2465 5295,2465 5384,2465 5474,2459 5563,2453 5653,2453 5742,2453 5832,2447 5921,2441 6011,2441 6100,2435 6190,2435 6280,2435"/>
                <TextEquiv>
                    <Unicode>volle Monographie über das Larynxarcinom</Unicode>
                </TextEquiv>
            </TextLine>
            <TextLine id="tr_1_tl_22" custom="readingOrder {index:21;}">
                <Coords points="4109,2615 6317,2537 6344,2451 4112,2517"/>
                <Baseline points="4125,2578 4202,2578 4292,2578 4381,2572 4471,2566 4560,2560 4650,2566 4739,2560 4829,2560 4918,2555 5008,2555 5098,2549 5187,2549 5277,2543 5366,2543 5456,2537 5545,2531 5635,2531 5724,2525 5814,2525 5903,2519 5993,2519 6083,2519 6172,2513 6262,2507 6351,2489"/>
                <TextEquiv>
                    <Unicode>welcher die scharf ausgeprägte individuali-</Unicode>
                </TextEquiv>
            </TextLine>
            <TextLine id="tr_1_tl_23" custom="readingOrder {index:22;}">
                <Coords points="4109,2668 6329,2621 6430,2532 4112,2612"/>
                <Baseline points="4125,2650 4196,2656 4286,2650 4375,2650 4465,2644 4554,2644 4644,2638 4733,2638 4823,2638 4913,2632 5002,2626 5092,2626 5181,2626 5271,2620 5360,2620 5450,2614 5539,2614 5629,2608 5718,2602 5808,2602 5898,2602 5987,2596 6077,2590 6166,2596 6256,2584 6345,2584 6435,2566"/>
                <TextEquiv>
                    <Unicode>tät des Verfassers ein erhöhtes Intresse ver-</Unicode>
                </TextEquiv>
            </TextLine>
            <TextLine id="tr_1_tl_24" custom="readingOrder {index:23;}">
                <Coords points="4121,2745 6249,2707 6252,2606 4124,2668"/>
                <Baseline points="4136,2734 4196,2734 4286,2728 4375,2728 4465,2722 4554,2722 4644,2716 4733,2716 4823,2716 4913,2710 5002,2710 5092,2704 5181,2704 5271,2698 5360,2692 5450,2692 5539,2686 5629,2686 5718,2686 5808,2680 5898,2674 5987,2668 6077,2674 6166,2674 6256,2674"/>
                <TextEquiv>
                    <Unicode>leiht.Eine Streitschrift ist dieses Buch,</Unicode>
                </TextEquiv>
            </TextLine>
            <TextLine id="tr_1_tl_25" custom="readingOrder {index:24;}">
                <Coords points="4115,2820 5925,2811 6201,2760 6204,2689 4118,2739"/>
                <Baseline points="4131,2805 4148,2811 4238,2811 4328,2799 4417,2799 4507,2799 4596,2793 4686,2793 4775,2793 4865,2793 4954,2787 5044,2787 5133,2781 5223,2775 5312,2775 5402,2769 5492,2769 5581,2763 5671,2763 5760,2757 5850,2757 5939,2752 6029,2746 6118,2746 6208,2746"/>
                <TextEquiv>
                    <Unicode>und zwar eine splche im besten Sinne des</Unicode>
                </TextEquiv>
            </TextLine>
            <TextLine id="tr_1_tl_26" custom="readingOrder {index:25;}">
                <Coords points="4115,2888 6314,2843 6358,2742 4115,2820"/>
                <Baseline points="4131,2883 4214,2889 4304,2883 4393,2883 4483,2877 4572,2877 4662,2871 4751,2865 4841,2865 4930,2865 5020,2865 5110,2859 5199,2859 5289,2853 5378,2853 5468,2847 5557,2841 5647,2841 5736,2841 5826,2835 5915,2829 6005,2829 6095,2823 6184,2823 6274,2823 6363,2817"/>
                <TextEquiv>
                    <Unicode>Wortes, eine von denen,welche nicht um eines</Unicode>
                </TextEquiv>
            </TextLine>
            <TextLine id="tr_1_tl_27" custom="readingOrder {index:26;}">
                <Coords points="4109,2998 6266,2933 6361,2918 6364,2832 4112,2885"/>
                <Baseline points="4125,2972 4131,2972 4220,2960 4310,2960 4399,2960 4489,2960 4578,2954 4668,2949 4757,2943 4847,2943 4936,2943 5026,2943 5115,2943 5205,2937 5295,2937 5384,2931 5474,2931 5563,2925 5653,2919 5742,2913 5832,2913 5921,2907 6011,2907 6100,2907 6190,2907 6280,2901 6369,2901"/>
                <TextEquiv>
                    <Unicode>persönliches Sieges, sondern um der Wahrheit</Unicode>
                </TextEquiv>
            </TextLine>
            <TextLine id="tr_1_tl_28" custom="readingOrder {index:27;}">
                <Coords points="4109,3069 6150,3016 6210,2924 4112,2992"/>
                <Baseline points="4125,3044 4154,3044 4244,3044 4333,3038 4423,3038 4513,3032 4602,3032 4692,3026 4781,3026 4871,3020 4960,3014 5050,3014 5139,3014 5229,3014 5318,3008 5408,3008 5498,3002 5587,2996 5677,2990 5766,2990 5856,2984 5945,2984 6035,2984 6124,2984 6214,2990"/>
                <TextEquiv>
                    <Unicode>willen polemisiert,und die Art und Weise,</Unicode>
                </TextEquiv>
            </TextLine>
            <TextLine id="tr_1_tl_29" custom="readingOrder {index:28;}">
                <Coords points="4121,3155 5806,3069 6373,3117 6412,3004 6275,2950 5800,3034 4124,3060"/>
                <Baseline points="4136,3122 4178,3122 4268,3116 4357,3116 4447,3116 4536,3116 4626,3104 4716,3098 4805,3104 4895,3098 4984,3098 5074,3092 5163,3098 5253,3092 5342,3086 5432,3086 5521,3080 5611,3074 5701,3074 5790,3068 5880,3068 5969,3062 6059,3062 6148,3062 6238,3062 6327,3056 6417,3056"/>
                <TextEquiv>
                    <Unicode>mit welcher der Verfasser gleich im Eingange</Unicode>
                </TextEquiv>
            </TextLine>
            <TextLine id="tr_1_tl_30" custom="readingOrder {index:29;}">
                <Coords points="4109,3215 6106,3173 6296,3150 6296,3072 4109,3170"/>
                <Baseline points="4125,3193 4154,3193 4244,3199 4333,3193 4423,3187 4513,3187 4602,3181 4692,3181 4781,3175 4871,3175 4960,3175 5050,3169 5139,3169 5229,3169 5318,3163 5408,3157 5498,3157 5587,3151 5677,3151 5766,3146 5856,3146 5945,3146 6035,3140 6124,3140 6214,3140 6303,3128"/>
                <TextEquiv>
                    <Unicode>seiner Erörterungen an die Beleuchtung der</Unicode>
                </TextEquiv>
            </TextLine>
            <TextLine id="tr_1_tl_31" custom="readingOrder {index:30;}">
                <Coords points="4124,3298 6055,3224 6252,3277 6296,3150 4127,3221"/>
                <Baseline points="4142,3271 4154,3271 4244,3277 4333,3271 4423,3271 4513,3265 4602,3265 4692,3259 4781,3259 4871,3253 4960,3247 5050,3247 5139,3247 5229,3247 5318,3241 5408,3241 5498,3235 5587,3235 5677,3229 5766,3217 5856,3223 5945,3223 6035,3217 6124,3217 6214,3211 6303,3205"/>
                <TextEquiv>
                    <Unicode>ethischen Seite seines Themas geht,stellt</Unicode>
                </TextEquiv>
            </TextLine>
            <TextLine id="tr_1_tl_32" custom="readingOrder {index:31;}">
                <Coords points="4118,3375 6023,3366 6162,3346 6165,3245 4121,3298"/>
                <Baseline points="4136,3354 4202,3354 4292,3354 4381,3348 4471,3343 4560,3343 4650,3343 4739,3337 4829,3331 4918,3331 5008,3331 5098,3325 5187,3325 5277,3325 5366,3319 5456,3319 5545,3319 5635,3313 5724,3307 5814,3307 5903,3301 5993,3301 6083,3295 6172,3289"/>
                <TextEquiv>
                    <Unicode>ihn auf einen uns überaus sympathischen</Unicode>
                </TextEquiv>
            </TextLine>
            <TextLine id="tr_1_tl_33" custom="readingOrder {index:32;}">
                <Coords points="4112,3479 4178,3479 4210,3456 4240,3479 4341,3459 4392,3482 4445,3456 4522,3464 4591,3429 4695,3444 4698,3378 4513,3343 4430,3375 4403,3360 4296,3384 4115,3372"/>
                <Baseline points="4131,3432 4166,3432 4256,3432 4345,3432 4435,3420 4524,3420 4614,3420 4704,3414"/>
                <TextEquiv>
                    <Unicode>Standpunkt.</Unicode>
                </TextEquiv>
            </TextLine>
            <TextLine id="tr_1_tl_34" custom="readingOrder {index:33;}">
                <Coords points="4531,3500 6397,3467 6433,3349 4531,3435"/>
                <Baseline points="4548,3492 4554,3498 4644,3492 4733,3492 4823,3486 4913,3486 5002,3486 5092,3480 5181,3474 5271,3474 5360,3474 5450,3468 5539,3468 5629,3468 5718,3462 5808,3456 5898,3456 5987,3450 6077,3450 6166,3444 6256,3444 6345,3444 6435,3438"/>
                <TextEquiv>
                    <Unicode>Zur Zeit, als Felix Semon die Idee zu</Unicode>
                </TextEquiv>
            </TextLine>
            <TextLine id="tr_1_tl_35" custom="readingOrder {index:34;}">
                <Coords points="4139,3616 6391,3560 6436,3470 4142,3476"/>
                <Baseline points="4154,3587 4202,3581 4292,3581 4381,3575 4471,3569 4560,3575 4650,3575 4739,3569 4829,3563 4918,3563 5008,3563 5098,3557 5187,3557 5277,3551 5366,3551 5456,3551 5545,3540 5635,3540 5724,3540 5814,3534 5903,3534 5993,3528 6083,3528 6172,3516 6262,3522 6351,3522 6441,3516"/>
                <TextEquiv>
                    <Unicode>seiner Sammelforschung fasste,stand die Frage</Unicode>
                </TextEquiv>
            </TextLine>
            <TextLine id="tr_1_tl_36" custom="readingOrder {index:35;}">
                <Coords points="4163,3675 6397,3634 6451,3545 4163,3619"/>
                <Baseline points="4178,3659 4220,3665 4310,3659 4399,3653 4489,3647 4578,3647 4668,3647 4757,3647 4847,3641 4936,3641 5026,3635 5115,3635 5205,3635 5295,3629 5384,3623 5474,3623 5563,3617 5653,3617 5742,3617 5832,3611 5921,3611 6011,3605 6100,3599 6190,3599 6280,3599 6369,3593 6459,3593"/>
                <TextEquiv>
                    <Unicode>des Ueberganges gutartiger Kehlkopfgeschwül-</Unicode>
                </TextEquiv>
            </TextLine>
            <TextLine id="tr_1_tl_37" custom="readingOrder {index:36;}">
                <Coords points="4130,3776 6275,3711 6382,3622 4136,3661"/>
                <Baseline points="4148,3737 4238,3737 4328,3731 4417,3731 4507,3731 4596,3725 4686,3725 4775,3719 4865,3719 4954,3713 5044,3713 5133,3707 5223,3707 5312,3707 5402,3701 5492,3701 5581,3695 5671,3695 5760,3689 5850,3683 5939,3683 6029,3683 6118,3677 6208,3665 6297,3665 6387,3659"/>
                <TextEquiv>
                    <Unicode>ste in bösartige im Vordergrunde des laryn-</Unicode>
                </TextEquiv>
            </TextLine>
            <TextLine id="tr_1_tl_38" custom="readingOrder {index:37;}">
                <Coords points="4112,3863 6376,3833 6382,3678 4115,3776"/>
                <Baseline points="4131,3832 4148,3832 4238,3826 4328,3820 4417,3814 4507,3814 4596,3808 4686,3808 4775,3808 4865,3802 4954,3796 5044,3790 5133,3790 5223,3790 5312,3790 5402,3784 5492,3778 5581,3778 5671,3778 5760,3772 5850,3766 5939,3766 6029,3760 6118,3754 6208,3754 6297,3748 6387,3742"/>
                <TextEquiv>
                    <Unicode>gologischen Interesses; sie war schon früher</Unicode>
                </TextEquiv>
            </TextLine>
        </TextRegion>
    </Page>
</PcGts>
