6872 4248
5330 497 6093 679 Med. Krit. 28
3922 742 6081 930 anamnestische Momente zu Hilfe kommen, auf
3942 835 6249 1050 grosse Schwierigkeiten stossen mag. Das Feh¬
3945 903 6300 1080 len der Lichtreaktion,welches häulig als frü-
3928 984 6303 1155 hestes Symptom von organischen,besonders lue-
3945 1077 6329 1238 tischen Gehirnerkrankungen auftritt, gibt nach
3942 1152 6147 1322 des Autors Ansicht gewiss willkommenen An¬
3942 1232 6156 1403 lass zu entschiedenem therapeutischem Ein¬
3957 1376 4325 1514 griffe.
4361 1421 6321 1600 Der nächste Absatz leitet bereits auf
3993 1520 6213 1696 die Psychosen auf syphilitischer Grundlage
3969 1591 6362 1765 hinüber;Es wird der Gedächtnisschwäche Erwäh¬
3966 1678 6117 1843 nung getan, der Epilepsie, dicallerdings in
3969 1708 6374 1911 späteren Stadien gerne Herdsymptome entwickelt
3963 1843 6177 2022 sowie auch der maniakalischen Anfälle etc.
4385 1992 6285 2148 In diesem Kapitel ist es auch, wo der
3963 2070 6147 2225 negierende Standpunjt präzisiert wird,den
3963 2133 6249 2306 der Berf.gegen die präoccupierte Behandlung
3966 2217 6279 2396 der Syphilis einnimmt, im Gefolge welcher ja,
3981 2303 6303 2459 wie in den letzten Jahren von vielen Autoren
3981 2372 6309 2534 bestätigt wurde, diese tückische Krankheit an
3981 2480 6246 2608 unberechenbarkeit noch zu gewinnen scheint,
3981 2519 6237 2692 Dass auch eine Antiluetische Behandlung bei
3999 2593 6371 2776 Nicht vorhandensein von Lues direkt
3984 2683 6252 2851 Schaden bringen kann, versucht eine Kranken-
3993 2791 6267 2946 geschichte (S.274) uns plansibel zu machen.
4415 2919 6231 3078 Das nun folgende Kapitel gehört zu
3999 3006 6225 3177 den interessantesten des Buches.Es handelt
3996 3075 6368 3246 sich hier um die Dementia paralytica,und eine
4011 3159 6389 3320 Anzahl statischer Ausweise werden von dem Ver
4005 3228 6377 3407 fasser grösstenteils zu Gunsten der Syphilis
3999 3326 6303 3476 als des ätiologischen Momentes ins Feld ge¬
4023 3374 6347 3554 führt. Krankengeschichten, von denen manche in
4017 3476 6177 3637 Beziehung auf die luetische Vorgeschichte
4020 3557 6258 3706 kaum einen Zweifel lassen,histologische Be
4029 3622 6386 3784 funde,in welchen Gefäs sveränderungen anschei-
4023 3709 6350 3868 nend spezifischer Natur in der Rinde geschil-
