6648 4360
1092 2011 1328 2114 aa1b
1101 2095 1346 2205 P.S.
1146 2177 1362 2268 G.H.F.P
758 2541 946 2647 G.F.P.
5383 470 5968 628 Med.Krit.
3860 600 6262 776 Analyse zu geben,mit welcher er seine Ideen be-
3873 743 6089 870 gründet.-Aber Herr Dr.Seved Ribbing hat, und
3854 837 6089 931 wenn er sich selbst auf den allerstrengsten
3860 901 6089 1001 moralischen Standpunkt stellt - den unserer
3873 986 6159 1077 Ansicht nach ein sehender und denkender Arzt
3866 1064 6204 1155 überhaupt nicht einnehmen kann - er hat, sagen
3906 1131 6089 1222 wir, nicht das Recht.in ein paar flüchtigen,
3860 1201 6201 1310 einem doch jedenfalls gemischten Lesepublikum
3851 1280 6035 1389 hingeworfenen Worten über Männer,wie Zola,
3860 1377 6013 1465 Strindberg,Garborg,Maupassant, Ola Hamsson,
3842 1434 6086 1541 abzuurteilen. - Man sollte doch einmal damit
3860 1519 6086 1601 fertig sein, an ernstgemeinte Bücher mit der
3866 1565 6186 1692 Frage heranzutreten, ob durch ihre Lektüre ir-
3869 1650 6305 1795 gend ein dummer Junge verdorben werden könnte.
3860 1744 6092 1838 Zweifellos - und kein Mensch wird für diese
3860 1823 6077 1914 eine Lanze brechen wollen - gibt es lascive
3860 1889 6241 2014 schriften, die nur um der Lascivität willen ge-
3848 1980 5980 2065 schrieben sind, sowie es unzüchtige Bilder
3842 2056 6089 2153 gibt, die nur um ihrer Lüsternheit willen in
3848 2138 6123 2235 den Handel gebracht werden. Man mag all diese
3842 2217 6041 2305 Dinge konfiszieren. Mantäte recht, weil man
3848 2277 6144 2381 Ueberflüssiges und künstlerisch Niedriges da
3842 2350 6180 2475 mit vertilgte. Aber es muss energisch dagegen
3848 2423 6083 2526 Stellung genommen werden, dass ein Arzt sich
3848 2514 6089 2623 heraus nimmt, vom „sexuellhygienischen Stand
3842 2572 6247 2720 punkt“ - aus bedeutende Männer,die das Beste wol-
3842 2669 6217 2778 len und bereits grosses geleistet haben,in ei-
3836 2750 5556 2854 ner unerhörten Weise anzugreifen.
4403 2820 6180 2908 Man missverstehe uns nächt: es mag
3818 2893 6229 2993 selbst zugegeben werden, dass in den Werken der
3830 2972 6253 3078 eben genannten Autoren manche für die Schönheit
3830 3042 6020 3151 des Werkes entbehrliche Stellen vorkommen,
3842 3139 5983 3230 die auf sexuellem oder sexuell anregenden
3833 3205 6032 3296 Schilderungen verweilen.-Wir bedauern,dass
3836 3287 6101 3375 wohl dem grössten Teil unserer Leser Strind
3830 3360 6147 3463 berg und Gaborg bis auf die Namen fremd sein
3830 3442 6071 3551 dürften; sie müssten sonst mit uns staunen,
3830 3521 5980 3615 wenn sie bei Dr.Ribbing zu lesen bekämen:
3897 3600 6120 3727 So schädlich auch die Einwirkung der Vorge-
3836 3654 6259 3785 nannten war (Boccaccio,Casanova,Laublas,Paul de
