<?xml version="1.0" encoding="UTF-8" standalone="yes"?>
<PcGts xmlns="http://schema.primaresearch.org/PAGE/gts/pagecontent/2013-07-15" xmlns:xsi="http://www.w3.org/2001/XMLSchema-instance" xsi:schemaLocation="http://schema.primaresearch.org/PAGE/gts/pagecontent/2013-07-15 http://schema.primaresearch.org/PAGE/gts/pagecontent/2013-07-15/pagecontent.xsd">
    <Metadata>
        <Creator>prov=READ-COOP:name=TrHtr:version=2.1.0:model_id=51170:date=28_07_2023_08:06</Creator>
        <Created>2023-05-10T11:22:54.475+02:00</Created>
        <LastChange>2023-07-28T08:06:49.775+02:00</LastChange>
        <TranskribusMetadata docId="1428150" pageId="55386391" pageNr="11" tsid="131325539" status="IN_PROGRESS" userId="64420" imgUrl="https://files.transkribus.eu/Get?id=DBHHYNKNKTIZTIENNGEDLWOR&amp;fileType=view" xmlUrl="https://files.transkribus.eu/Get?id=CFJCASURZUNJRTTKPXZZIRRA" imageId="44661289"/>
    </Metadata>
    <Page imageFilename="1428150_0011.jpg" imageWidth="6888" imageHeight="4248">
        <ReadingOrder>
            <OrderedGroup id="ro_1711821875430" caption="Regions reading order">
                <RegionRefIndexed index="0" regionRef="tr_1"/>
            </OrderedGroup>
        </ReadingOrder>
        <TextRegion id="tr_1" custom="readingOrder {index:0;}">
            <Coords points="3931,457 6372,457 6372,3673 3931,3673"/>
            <TextLine id="tr_1_tl_1" custom="readingOrder {index:0;}">
                <Coords points="5253,522 5304,546 5397,531 5439,558 5643,579 5712,537 5742,552 5874,525 5877,429 5655,402 5535,420 5493,453 5430,432 5385,465 5322,426 5256,444"/>
                <Baseline points="5268,519 5345,513 5435,513 5524,513 5614,513 5703,507 5793,507 5882,507"/>
                <TextEquiv>
                    <Unicode>Med.Krit.27</Unicode>
                </TextEquiv>
            </TextLine>
            <TextLine id="tr_1_tl_2" custom="readingOrder {index:1;}">
                <Coords points="3921,822 6216,744 6273,621 3924,705"/>
                <Baseline points="3937,793 3949,787 4039,793 4128,781 4218,781 4307,781 4397,781 4486,775 4576,775 4665,769 4755,763 4844,763 4934,763 5023,763 5113,757 5202,763 5292,751 5381,745 5471,745 5560,739 5650,733 5739,733 5829,733 5918,727 6008,727 6097,721 6187,715 6276,698"/>
                <TextEquiv>
                    <Unicode>ins Feld geführt werden. "Dieser Satz, auf des-</Unicode>
                </TextEquiv>
            </TextLine>
            <TextLine id="tr_1_tl_3" custom="readingOrder {index:2;}">
                <Coords points="3918,906 5838,858 6258,822 6294,744 3921,828"/>
                <Baseline points="3937,871 3967,871 4057,865 4146,865 4236,859 4325,859 4415,853 4504,853 4594,853 4683,853 4773,847 4862,841 4952,841 5041,841 5131,841 5220,835 5310,829 5399,823 5488,817 5578,817 5667,811 5757,811 5846,805 5936,805 6025,805 6115,799 6204,793 6294,787"/>
                <TextEquiv>
                    <Unicode>sen Sinn der Autor noch zu wiederholten Malen</Unicode>
                </TextEquiv>
            </TextLine>
            <TextLine id="tr_1_tl_4" custom="readingOrder {index:3;}">
                <Coords points="3927,981 6234,903 6291,819 3930,888"/>
                <Baseline points="3943,954 3967,948 4057,948 4146,942 4236,942 4325,936 4415,936 4504,936 4594,936 4683,930 4773,924 4862,918 4952,918 5041,912 5131,912 5220,912 5310,906 5399,906 5488,900 5578,900 5667,894 5757,888 5846,888 5936,883 6025,883 6115,877 6204,871 6294,877"/>
                <TextEquiv>
                    <Unicode>zurückkommt, lässt uns sozusagen noch vor Ein</Unicode>
                </TextEquiv>
            </TextLine>
            <TextLine id="tr_1_tl_5" custom="readingOrder {index:4;}">
                <Coords points="3924,1047 6186,984 6285,897 3927,957"/>
                <Baseline points="3943,1026 3961,1026 4051,1020 4140,1020 4230,1020 4319,1014 4409,1008 4498,1008 4588,1002 4677,1002 4767,1002 4856,1002 4946,996 5035,990 5125,990 5214,984 5304,984 5393,978 5483,978 5572,972 5662,966 5751,966 5841,960 5930,960 6019,954 6109,954 6198,942 6288,924"/>
                <TextEquiv>
                    <Unicode>tritt in das reiche Gebiet des Speziellen er¬</Unicode>
                </TextEquiv>
            </TextLine>
            <TextLine id="tr_1_tl_6" custom="readingOrder {index:5;}">
                <Coords points="3921,1113 6234,1056 6264,966 3921,1047"/>
                <Baseline points="3937,1103 4027,1103 4116,1097 4206,1097 4295,1097 4385,1091 4474,1085 4564,1079 4653,1079 4743,1079 4832,1073 4922,1073 5011,1073 5101,1067 5190,1067 5280,1062 5369,1056 5459,1056 5548,1056 5638,1050 5727,1050 5817,1044 5906,1044 5996,1038 6085,1032 6175,1032 6264,1026"/>
                <TextEquiv>
                    <Unicode>kennen, dass wirkeinen allzukühnen Optimisten</Unicode>
                </TextEquiv>
            </TextLine>
            <TextLine id="tr_1_tl_7" custom="readingOrder {index:6;}">
                <Coords points="3939,1182 6081,1161 6282,1125 6282,1050 3939,1122"/>
                <Baseline points="3955,1181 3961,1175 4051,1181 4140,1175 4230,1175 4319,1169 4409,1169 4498,1163 4588,1163 4677,1163 4767,1157 4856,1157 4946,1151 5035,1145 5125,1145 5214,1145 5304,1139 5393,1133 5483,1133 5572,1133 5662,1127 5751,1121 5841,1121 5930,1115 6019,1115 6109,1109 6198,1109 6288,1097"/>
                <TextEquiv>
                    <Unicode>vor uns haben, die an eine Lues gar nicht den¬</Unicode>
                </TextEquiv>
            </TextLine>
            <TextLine id="tr_1_tl_8" custom="readingOrder {index:7;}">
                <Coords points="3927,1272 5898,1224 6057,1209 6060,1125 3930,1203"/>
                <Baseline points="3943,1258 4003,1258 4092,1252 4182,1252 4271,1246 4361,1246 4450,1246 4540,1240 4629,1235 4719,1235 4808,1235 4898,1229 4987,1229 5077,1229 5166,1223 5256,1217 5345,1217 5435,1211 5524,1211 5614,1205 5703,1199 5793,1199 5882,1193 5972,1193 6061,1193"/>
                <TextEquiv>
                    <Unicode>ken können, wo Jod und Queckseliber ihren</Unicode>
                </TextEquiv>
            </TextLine>
            <TextLine id="tr_1_tl_9" custom="readingOrder {index:8;}">
                <Coords points="3912,1365 6234,1287 6309,1194 3915,1284"/>
                <Baseline points="3931,1336 3985,1336 4074,1330 4164,1330 4253,1324 4343,1324 4432,1318 4522,1318 4611,1318 4701,1318 4790,1318 4880,1318 4969,1306 5059,1300 5148,1300 5238,1294 5327,1294 5417,1288 5506,1282 5596,1282 5685,1276 5775,1276 5864,1270 5954,1270 6043,1270 6133,1258 6222,1258 6312,1264"/>
                <TextEquiv>
                    <Unicode>Dienst versagen. Syphilitische Produkte, die im</Unicode>
                </TextEquiv>
            </TextLine>
            <TextLine id="tr_1_tl_10" custom="readingOrder {index:9;}">
                <Coords points="3924,1443 6246,1365 6249,1290 3927,1374"/>
                <Baseline points="3943,1414 4015,1414 4104,1414 4194,1408 4283,1402 4373,1402 4462,1402 4552,1396 4641,1390 4731,1384 4820,1384 4910,1390 4999,1384 5089,1378 5178,1378 5268,1372 5357,1366 5447,1366 5536,1366 5626,1360 5715,1354 5805,1354 5894,1354 5984,1342 6073,1342 6163,1342 6252,1342"/>
                <TextEquiv>
                    <Unicode>merhin noch zurückgehen mögen, können bereits</Unicode>
                </TextEquiv>
            </TextLine>
            <TextLine id="tr_1_tl_11" custom="readingOrder {index:10;}">
                <Coords points="3939,1509 5754,1509 6249,1440 6252,1362 3942,1440"/>
                <Baseline points="3955,1491 4021,1491 4110,1491 4200,1485 4289,1479 4379,1479 4468,1473 4558,1473 4647,1473 4737,1467 4826,1461 4916,1461 5005,1461 5095,1455 5184,1461 5274,1455 5363,1449 5453,1449 5542,1443 5632,1443 5721,1443 5811,1437 5900,1437 5990,1425 6079,1425 6169,1419 6258,1425"/>
                <TextEquiv>
                    <Unicode>eine irreparable Störung der physiologischen</Unicode>
                </TextEquiv>
            </TextLine>
            <TextLine id="tr_1_tl_12" custom="readingOrder {index:11;}">
                <Coords points="3945,1593 4158,1617 4620,1560 5064,1593 5262,1569 5265,1488 3948,1503"/>
                <Baseline points="3961,1557 4015,1557 4104,1569 4194,1563 4283,1563 4373,1557 4462,1557 4552,1551 4641,1545 4731,1545 4820,1545 4910,1545 4999,1539 5089,1533 5178,1533 5268,1533"/>
                <TextEquiv>
                    <Unicode>Funktionen gesetzt haben.</Unicode>
                </TextEquiv>
            </TextLine>
            <TextLine id="tr_1_tl_13" custom="readingOrder {index:12;}">
                <Coords points="4398,1743 5898,1698 6198,1659 6201,1590 4404,1608"/>
                <Baseline points="4415,1712 4504,1706 4594,1700 4683,1700 4773,1694 4862,1694 4952,1694 5041,1688 5131,1688 5220,1688 5310,1682 5399,1676 5488,1676 5578,1670 5667,1670 5757,1664 5846,1664 5936,1658 6025,1652 6115,1652 6204,1640"/>
                <TextEquiv>
                    <Unicode>Auf zweihundert nun folgenden Sei¬</Unicode>
                </TextEquiv>
            </TextLine>
            <TextLine id="tr_1_tl_14" custom="readingOrder {index:13;}">
                <Coords points="3951,1806 5787,1782 6240,1749 6243,1674 3954,1719"/>
                <Baseline points="3967,1795 4009,1795 4098,1795 4188,1795 4277,1789 4367,1783 4456,1783 4546,1783 4635,1777 4725,1771 4814,1771 4904,1771 4993,1771 5083,1766 5172,1760 5262,1760 5351,1754 5441,1754 5530,1748 5620,1748 5709,1742 5799,1742 5888,1736 5978,1736 6067,1730 6157,1730 6246,1736"/>
                <TextEquiv>
                    <Unicode>ten sind die Gehirnerkrankungen abgehandelt.</Unicode>
                </TextEquiv>
            </TextLine>
            <TextLine id="tr_1_tl_15" custom="readingOrder {index:14;}">
                <Coords points="3951,1893 6063,1836 6153,1752 3954,1806"/>
                <Baseline points="3967,1879 4009,1873 4098,1873 4188,1867 4277,1867 4367,1861 4456,1861 4546,1855 4635,1855 4725,1855 4814,1855 4904,1849 4993,1849 5083,1849 5172,1843 5262,1837 5351,1831 5441,1825 5530,1825 5620,1819 5709,1819 5799,1819 5888,1813 5978,1813 6067,1807 6157,1801"/>
                <TextEquiv>
                    <Unicode>Die Mono-und Hemiplegien,die Störungen der</Unicode>
                </TextEquiv>
            </TextLine>
            <TextLine id="tr_1_tl_16" custom="readingOrder {index:15;}">
                <Coords points="3933,1968 6261,1911 6315,1785 3936,1908"/>
                <Baseline points="3949,1950 3991,1950 4080,1950 4170,1950 4259,1945 4349,1939 4438,1939 4528,1939 4617,1933 4707,1927 4796,1927 4886,1927 4975,1927 5065,1921 5154,1915 5244,1915 5333,1909 5423,1903 5512,1903 5602,1903 5691,1897 5781,1897 5870,1891 5960,1891 6049,1885 6139,1885 6228,1879 6318,1873"/>
                <TextEquiv>
                    <Unicode>Sprache,Sehstörungen, die ihren Grund haben in</Unicode>
                </TextEquiv>
            </TextLine>
            <TextLine id="tr_1_tl_17" custom="readingOrder {index:16;}">
                <Coords points="3945,2049 6234,1992 6327,1896 3945,1980"/>
                <Baseline points="3961,2034 4003,2028 4092,2028 4182,2028 4271,2022 4361,2016 4450,2016 4540,2010 4629,2010 4719,2010 4808,2004 4898,1998 4987,1998 5077,1998 5166,1992 5256,1986 5345,1986 5435,1986 5524,1980 5614,1980 5703,1974 5793,1974 5882,1968 5972,1968 6061,1962 6151,1962 6240,1956 6330,1956"/>
                <TextEquiv>
                    <Unicode>Erkrankungen der Hirnrinde; ferner Affektionen</Unicode>
                </TextEquiv>
            </TextLine>
            <TextLine id="tr_1_tl_18" custom="readingOrder {index:17;}">
                <Coords points="3939,2115 5397,2064 5595,2124 6060,2061 6060,1983 3939,2052"/>
                <Baseline points="3955,2112 4009,2106 4098,2100 4188,2106 4277,2100 4367,2100 4456,2094 4546,2094 4635,2088 4725,2088 4814,2082 4904,2082 4993,2076 5083,2076 5172,2070 5262,2070 5351,2064 5441,2064 5530,2058 5620,2058 5709,2052 5799,2052 5888,2046 5978,2040 6067,2046"/>
                <TextEquiv>
                    <Unicode>des Stubkranzes, der basalen Ganglien, der</Unicode>
                </TextEquiv>
            </TextLine>
            <TextLine id="tr_1_tl_19" custom="readingOrder {index:18;}">
                <Coords points="3948,2223 6111,2151 6285,2127 6288,2037 3954,2118"/>
                <Baseline points="3967,2195 4057,2189 4146,2183 4236,2177 4325,2177 4415,2177 4504,2171 4594,2165 4683,2165 4773,2159 4862,2159 4952,2153 5041,2153 5131,2147 5220,2147 5310,2141 5399,2141 5488,2141 5578,2135 5667,2129 5757,2129 5846,2124 5936,2124 6025,2118 6115,2118 6204,2106 6294,2094"/>
                <TextEquiv>
                    <Unicode>Hirnbasis,des Pons, der Medulla T inden Bespre¬</Unicode>
                </TextEquiv>
            </TextLine>
            <TextLine id="tr_1_tl_20" custom="readingOrder {index:19;}">
                <Coords points="3945,2277 6237,2223 6261,2142 3945,2220"/>
                <Baseline points="3961,2267 4027,2261 4116,2261 4206,2261 4295,2255 4385,2249 4474,2249 4564,2249 4653,2243 4743,2237 4832,2237 4922,2237 5011,2231 5101,2231 5190,2225 5280,2231 5369,2219 5459,2213 5548,2213 5638,2207 5727,2201 5817,2201 5906,2201 5996,2195 6085,2189 6175,2189 6264,2177"/>
                <TextEquiv>
                    <Unicode>chung, Beleg und Erklärung.Ein fesselnder Ab-</Unicode>
                </TextEquiv>
            </TextLine>
            <TextLine id="tr_1_tl_21" custom="readingOrder {index:20;}">
                <Coords points="3954,2367 6096,2301 6216,2289 6216,2214 3957,2277"/>
                <Baseline points="3973,2338 3985,2344 4074,2344 4164,2338 4253,2332 4343,2326 4432,2326 4522,2326 4611,2320 4701,2320 4790,2314 4880,2314 4969,2308 5059,2308 5148,2308 5238,2302 5327,2297 5417,2297 5506,2297 5596,2291 5685,2285 5775,2285 5864,2279 5954,2273 6043,2273 6133,2267 6222,2273"/>
                <TextEquiv>
                    <Unicode>schnitt führt uns dann in das dunkle Gebiet</Unicode>
                </TextEquiv>
            </TextLine>
            <TextLine id="tr_1_tl_22" custom="readingOrder {index:21;}">
                <Coords points="3948,2451 6177,2406 6267,2286 3951,2364"/>
                <Baseline points="3967,2422 4033,2416 4122,2416 4212,2410 4301,2410 4391,2410 4480,2404 4570,2404 4659,2398 4749,2392 4838,2392 4928,2386 5017,2386 5107,2386 5196,2380 5286,2380 5375,2374 5465,2374 5554,2368 5644,2368 5733,2368 5823,2362 5912,2356 6002,2356 6091,2350 6181,2350 6270,2338"/>
                <TextEquiv>
                    <Unicode>der Gehirnkrankheiten ohne Herdsymptome; vage</Unicode>
                </TextEquiv>
            </TextLine>
            <TextLine id="tr_1_tl_23" custom="readingOrder {index:22;}">
                <Coords points="3945,2532 6045,2466 6261,2376 3945,2451"/>
                <Baseline points="3961,2499 4027,2499 4116,2493 4206,2487 4295,2487 4385,2487 4474,2481 4564,2476 4653,2476 4743,2476 4832,2464 4922,2464 5011,2464 5101,2464 5190,2458 5280,2458 5369,2452 5459,2452 5548,2446 5638,2440 5727,2440 5817,2440 5906,2434 5996,2428 6085,2428 6175,2428 6264,2410"/>
                <TextEquiv>
                    <Unicode>Erscheinungen, wie Kopfweh.Schwindel,Schlai-</Unicode>
                </TextEquiv>
            </TextLine>
            <TextLine id="tr_1_tl_24" custom="readingOrder {index:23;}">
                <Coords points="3957,2583 6132,2532 6228,2439 3960,2517"/>
                <Baseline points="3973,2577 3997,2577 4086,2571 4176,2571 4265,2565 4355,2559 4444,2559 4534,2553 4623,2553 4713,2547 4802,2547 4892,2547 4981,2541 5071,2541 5160,2535 5250,2535 5339,2535 5429,2535 5518,2529 5608,2523 5697,2517 5787,2511 5876,2511 5966,2511 6055,2505 6145,2499 6234,2499"/>
                <TextEquiv>
                    <Unicode>losigkeit werden erwähnt; und hier führt der</Unicode>
                </TextEquiv>
            </TextLine>
            <TextLine id="tr_1_tl_25" custom="readingOrder {index:24;}">
                <Coords points="3975,2664 6189,2613 6213,2526 3975,2589"/>
                <Baseline points="3991,2643 4069,2649 4158,2649 4248,2649 4337,2643 4426,2637 4516,2631 4605,2631 4695,2631 4784,2625 4874,2625 4963,2619 5053,2619 5142,2613 5232,2613 5321,2607 5411,2607 5500,2601 5590,2601 5679,2595 5769,2589 5858,2589 5948,2583 6037,2583 6127,2583 6216,2577"/>
                <TextEquiv>
                    <Unicode>Verf. auch eine Innervationsdifferenz beider</Unicode>
                </TextEquiv>
            </TextLine>
            <TextLine id="tr_1_tl_26" custom="readingOrder {index:25;}">
                <Coords points="3957,2736 6273,2721 6366,2694 6369,2550 3960,2664"/>
                <Baseline points="3973,2726 4045,2726 4134,2720 4224,2720 4313,2720 4403,2714 4492,2714 4582,2708 4671,2708 4761,2702 4850,2702 4940,2702 5029,2696 5119,2690 5208,2690 5298,2690 5387,2684 5477,2678 5566,2678 5656,2678 5745,2672 5835,2666 5924,2666 6014,2666 6103,2660 6193,2660 6282,2655 6372,2655"/>
                <TextEquiv>
                    <Unicode>Pupillen ohne vorhandene Lähmung des Sphinoter</Unicode>
                </TextEquiv>
            </TextLine>
            <TextLine id="tr_1_tl_27" custom="readingOrder {index:26;}">
                <Coords points="3972,2823 5742,2805 6123,2766 6126,2685 3975,2739"/>
                <Baseline points="3991,2804 4074,2804 4164,2804 4253,2798 4343,2798 4432,2792 4522,2792 4611,2786 4701,2786 4790,2786 4880,2780 4969,2774 5059,2774 5148,2768 5238,2768 5327,2762 5417,2762 5506,2756 5596,2756 5685,2750 5775,2750 5864,2744 5954,2744 6043,2738 6133,2738"/>
                <TextEquiv>
                    <Unicode>oder Dilat.irid bei beiderseits gleicher</Unicode>
                </TextEquiv>
            </TextLine>
            <TextLine id="tr_1_tl_28" custom="readingOrder {index:27;}">
                <Coords points="3972,2919 6060,2847 6120,2760 3975,2820"/>
                <Baseline points="3991,2881 4069,2881 4158,2881 4248,2875 4337,2869 4426,2869 4516,2869 4605,2857 4695,2857 4784,2857 4874,2857 4963,2857 5053,2857 5142,2851 5232,2845 5321,2845 5411,2839 5500,2839 5590,2833 5679,2828 5769,2828 5858,2822 5948,2822 6037,2816 6127,2816"/>
                <TextEquiv>
                    <Unicode>Reaktion an - ein Symptom, das er in einer</Unicode>
                </TextEquiv>
            </TextLine>
            <TextLine id="tr_1_tl_29" custom="readingOrder {index:28;}">
                <Coords points="3969,2970 6285,2934 6372,2838 3969,2919"/>
                <Baseline points="3985,2965 4045,2965 4134,2959 4224,2959 4313,2953 4403,2953 4492,2947 4582,2941 4671,2941 4761,2941 4850,2935 4940,2935 5029,2929 5119,2923 5208,2923 5298,2923 5387,2929 5477,2917 5566,2911 5656,2905 5745,2905 5835,2905 5924,2905 6014,2899 6103,2893 6193,2893 6282,2887 6372,2881"/>
                <TextEquiv>
                    <Unicode>nicht nachweisbaren Störung der sensiblan Bah-</Unicode>
                </TextEquiv>
            </TextLine>
            <TextLine id="tr_1_tl_30" custom="readingOrder {index:29;}">
                <Coords points="3975,3078 5832,2982 6069,3039 6246,2916 3978,2973"/>
                <Baseline points="3991,3048 4015,3042 4104,3036 4194,3036 4283,3030 4373,3030 4462,3024 4552,3024 4641,3024 4731,3018 4820,3012 4910,3012 4999,3012 5089,3007 5178,3001 5268,3001 5357,3001 5447,2995 5536,2989 5626,2989 5715,2983 5805,2983 5894,2983 5984,2983 6073,2971 6163,2971 6252,2953"/>
                <TextEquiv>
                    <Unicode>nen oder in einer einseitigen Beeinträchti-</Unicode>
                </TextEquiv>
            </TextLine>
            <TextLine id="tr_1_tl_31" custom="readingOrder {index:30;}">
                <Coords points="3969,3156 5943,3111 5985,3009 3972,3087"/>
                <Baseline points="3985,3132 4021,3132 4110,3120 4200,3120 4289,3114 4379,3108 4468,3108 4558,3102 4647,3102 4737,3096 4826,3096 4916,3090 5005,3090 5095,3084 5184,3084 5274,3078 5363,3078 5453,3072 5542,3072 5632,3066 5721,3060 5811,3060 5900,3060 5990,3066"/>
                <TextEquiv>
                    <Unicode>gung des Reflexbogens begründet sieht.</Unicode>
                </TextEquiv>
            </TextLine>
            <TextLine id="tr_1_tl_32" custom="readingOrder {index:31;}">
                <Coords points="4446,3291 6147,3234 6252,3213 6255,3135 6048,3075 5610,3177 4449,3198"/>
                <Baseline points="4462,3257 4468,3263 4558,3257 4647,3257 4737,3251 4826,3245 4916,3239 5005,3239 5095,3239 5184,3239 5274,3233 5363,3227 5453,3227 5542,3227 5632,3221 5721,3221 5811,3215 5900,3215 5990,3209 6079,3203 6169,3203 6258,3191"/>
                <TextEquiv>
                    <Unicode>All diese Erscheinungen:eigentüm-</Unicode>
                </TextEquiv>
            </TextLine>
            <TextLine id="tr_1_tl_33" custom="readingOrder {index:32;}">
                <Coords points="3969,3363 6198,3321 6348,3300 6351,3222 3969,3300"/>
                <Baseline points="3985,3353 4027,3359 4116,3353 4206,3347 4295,3341 4385,3341 4474,3335 4564,3335 4653,3335 4743,3329 4832,3323 4922,3323 5011,3323 5101,3317 5190,3317 5280,3311 5369,3311 5459,3305 5548,3305 5638,3299 5727,3299 5817,3293 5906,3293 5996,3293 6085,3287 6175,3281 6264,3281 6354,3281"/>
                <TextEquiv>
                    <Unicode>liche Nervensymptome ohne Herdsymptome, finden</Unicode>
                </TextEquiv>
            </TextLine>
            <TextLine id="tr_1_tl_34" custom="readingOrder {index:33;}">
                <Coords points="3987,3447 6339,3390 6360,3303 3987,3378"/>
                <Baseline points="4003,3430 4033,3430 4122,3430 4212,3424 4301,3418 4391,3418 4480,3412 4570,3412 4659,3412 4749,3406 4838,3406 4928,3400 5017,3400 5107,3394 5196,3400 5286,3394 5375,3388 5465,3382 5554,3376 5644,3376 5733,3376 5823,3370 5912,3370 6002,3370 6091,3364 6181,3359 6270,3359 6360,3353"/>
                <TextEquiv>
                    <Unicode>wir so unendlich haufig - gewiss häufiger als</Unicode>
                </TextEquiv>
            </TextLine>
            <TextLine id="tr_1_tl_35" custom="readingOrder {index:34;}">
                <Coords points="3978,3537 6360,3477 6363,3387 3981,3453"/>
                <Baseline points="3997,3514 4039,3514 4128,3508 4218,3502 4307,3502 4397,3502 4486,3496 4576,3496 4665,3490 4755,3490 4844,3484 4934,3478 5023,3478 5113,3472 5202,3472 5292,3466 5381,3466 5471,3460 5560,3454 5650,3454 5739,3454 5829,3448 5918,3448 6008,3442 6097,3442 6187,3442 6276,3436 6366,3436"/>
                <TextEquiv>
                    <Unicode>bei der Syphilis im Verlaufe der Neurasthenia</Unicode>
                </TextEquiv>
            </TextLine>
            <TextLine id="tr_1_tl_36" custom="readingOrder {index:35;}">
                <Coords points="3987,3600 6144,3546 6228,3465 3990,3534"/>
                <Baseline points="4003,3591 4086,3585 4176,3579 4265,3579 4355,3579 4444,3573 4534,3567 4623,3567 4713,3561 4802,3561 4892,3555 4981,3555 5071,3555 5160,3549 5250,3543 5339,3543 5429,3538 5518,3538 5608,3532 5697,3526 5787,3526 5876,3526 5966,3520 6055,3520 6145,3520 6234,3508"/>
                <TextEquiv>
                    <Unicode>cerebralis ausgeprägt,dass hier eine diffe-</Unicode>
                </TextEquiv>
            </TextLine>
            <TextLine id="tr_1_tl_37" custom="readingOrder {index:36;}">
                <Coords points="3987,3717 5814,3654 6087,3624 6090,3534 3990,3603"/>
                <Baseline points="4003,3663 4033,3663 4122,3663 4212,3657 4301,3657 4391,3657 4480,3651 4570,3645 4659,3651 4749,3645 4838,3639 4928,3639 5017,3633 5107,3633 5196,3627 5286,3627 5375,3621 5465,3621 5554,3615 5644,3615 5733,3609 5823,3609 5912,3603 6002,3603 6091,3609"/>
                <TextEquiv>
                    <Unicode>rentielle Diagnose,wenn nicht gewichtige</Unicode>
                </TextEquiv>
            </TextLine>
        </TextRegion>
    </Page>
</PcGts>
