6840 4392
5967 503 6454 642 Med. Krit.
4028 757 6436 872 Kock), halte ich die Letzteren (Zola, Strindberg
4034 845 6206 945 Krogh, Garborg) doch für noch gefährlicher,
4022 942 6215 1042 nicht so sehr an und für sich, als vielmehr
4016 1003 6257 1084 deshalb, weil ihre Anhänger sich eines gros-
4022 1081 6200 1169 sen Teils der literarischen vritik in der
4016 1151 6324 1242 periodischen Presse bemächtigt haben und nun
4016 1233 6354 1321 derartige Machwerke und die darin enthaltene
4028 1296 6266 1390 Weltanschauung als etwas Vortreffliches und
4052 1372 6406 1478 Nachahmungswertes ausposaunen. Etwas Aehnli-
4016 1454 6412 1554 ches las man über erstgenannte Autoren in mei-
4010 1533 6415 1629 ner Jugend niemals, im Gegenteil machte es sich
4022 1617 6391 1705 damals die Zeitungspresse zur Aufgabe,bei pas-
4022 1690 6360 1793 sonder Gelegenheit ihr abweisendes Urteil da-
4022 1757 5555 1860 rüber ausz usprechen... u.s.f.
4589 1826 6312 1923 Nun darf ja Dr. Ribbing zweifellos
4010 1911 6051 1996 sagen: „Diese Bücher gefallen mir nicht
6224 1902 6436 2011 aber
4004 1981 6157 2087 um es ruhig in der zweiten Vorlesung über
4010 2060 6369 2172 sexuelle Hygiene und ihre ethischen konsequen
4010 2150 6324 2262 zen auszusprechen.Zola,Strindberg etc. produ¬
4010 2223 6218 2305 zieren Machwerke, dazu gehört eine Kühnheit
3998 2293 6300 2396 welche uns in dem künstlerischen Verständnis
3992 2396 6312 2481 des Verfassers keine genügende Begründung zu
3998 2450 6433 2559 finden scheint. Im Uebrigen vergleiche man doch
4004 2532 6282 2632 einmal die verschiedenen Autoren,die Ribbing
3998 2602 6357 2714 in Beziehung bringt - man lese Boccaccio,Casa
3998 2680 6176 2783 nova,Faublas, Paul de Kock - und dann Zola,
3986 2744 6397 2889 Strindberg,ïxx Krohg, Garborg - und man wird
4004 2847 6294 2923 sehen, wie verschieden sich bei diesen beiden
3998 2911 6270 3005 Schriftstellergruppen der Geschlechtsgedanke
4004 2989 6333 3083 (wenn uns der Ausdruck verstattet ist) gestal
3992 3062 6321 3159 tet. Während bei den Erstgenannten eine naive
3986 3144 6233 3235 Lüsternheit in künstlerischer Form auftritt
3986 3214 6376 3304 und einüsser Leichtsinn frivol und abenteuer-
3998 3298 6297 3398 lich waltet, treten uns die Anderen mit einem
4040 3377 6324 3498 düsteren Ernst entgegen, der selbst das Verle
3971 3447 6285 3541 ckende in ihren Schriften mit einem schweren
3977 3510 6382 3641 Schatten überdeckt. Man vergleiche doch einmal
3983 3613 6312 3707 die Liebeständeleien, von denen uns Boccaccio,
3977 3689 6354 3780 Paul de Kock und Faublas erzählen,mit den Ver-
