6792 4392
5354 480 6116 655 Med. Krit. 76
3994 649 6421 846 Empfindung von Ekel, im besten Falle eine leise,
4007 756 5938 916 sähwermütige Erinnerung - voila tout.
4422 793 6350 953 Es werden vielleicht manche ein Gefühl
4028 904 6445 1036 des innigsten Bedauern für - den Helden, den Ola
4004 999 6371 1116 Hansson sprechen lässt, empfinden, aber mit dem
4016 1070 6307 1175 Wunsch, diesen Helden in eine Pflege- und Bes-
4016 1122 6421 1282 serungsanstalt zu internieren,wird Herr Dr. Rib
4007 1221 5596 1375 bing wohl vereinzelt dastehen.
4480 1273 6399 1414 Nun, was wir bisher angeführt, sind die
4010 1359 6362 1479 Dinge aus Ribbings Buch, die man nicht einfach
4028 1454 6307 1571 bemängeln, sondern bezüglich derer man den Au
4031 1525 6414 1642 tor sogar mit Lebhaftigkeit in gewisse Grenzen
4028 1596 6402 1725 zurückweisen kann. Aber es sind noch einige Be
4022 1685 6374 1814 merkungen innerhalb dieser Grenzen nachzutra-
4034 1753 6313 1888 gen, strittige Punkte zu beleuchten, bezüglich
4022 1805 6436 1956 derer man sich schwerlich den kühlen Nordlands-
4034 1906 6418 2023 träumen Ribbings wird anschliessen können,wenn
4022 1971 6384 2106 sie auch durchaus edlen Anschauungen und viel
4028 2066 6359 2223 leicht auch tiefdurchdachten Erfahrungen ent-
4019 2168 4502 2300 sprechen.
4493 2199 6461 2340 So dürfte wohl die Frage der Abstinenz
4010 2291 6433 2411 in Hinblick auf unsere Zivilisationsverhältnis
4013 2362 6319 2478 so mit zu viel Strenge aufgefasst sein. Auch
4041 2448 6418 2574 teilen wir die Meinung nicht, welche der Verfas
4028 2515 6418 2632 ser gegenüber den durch Abstinenz entstehenden
4028 2598 6264 2721 Krankheiten einnimmt. Dass diese Krankheiten
4022 2663 6319 2789 verhältnismässig seltener sind, als die durch
4034 2743 6334 2875 geschechtlichen Verkehr, das liegt wohl darin
4016 2798 6418 2949 dass die im geschlechtsreifen Alter abstinenten
4022 2887 6359 3035 jungen Leute bedeutend seltener vorkommen als
4016 2974 6399 3097 solche, welche dem sesuellen Verkehre huldigen.
4548 3044 6433 3158 Ueber den moralischen Inhalt der Fra-
4004 3106 6328 3296 ge müsste man freilich Bände schreiben - nun
4025 3192 6402 3336 ist dies freilich schon geschehen - und er hat
4016 3275 6384 3386 sich stets als nutzlos erwiesen. Ueber den Wi
4077 3333 6310 3462 derspruch in den Gesetzen, welche einerseits
4010 3447 6485 3539 die Natur und andererseits die Gesellschaft for
4022 3506 6267 3622 dort, können wir niemals endgültig schlüssig
4022 3579 6411 3708 werden. Individuell empfinden heisst ja - die-
4022 3672 6470 3804 sen Widerspruch nach seiner Weise zu versöhnen.
