6856 4216
5555 334 6209 523 Med.Krit.37.
4210 527 6104 700 Wenn der junge Mann irgend, einen der
3804 625 6363 808 oben erwähnten Grade errungen hat,gelingt es ihm
3798 697 6264 896 entweder in dem Hospitale, das er früher besucht
3831 752 6349 939 hat eine Stelle als Hous-physician, was in unse-
3808 860 6379 1030 rem Sinne ungefähr Sekundararzt bedaten würde) zu
3808 939 6314 1099 erlangen, oder bei einem der Assistent Iphysicians
3827 985 6372 1161 (das sind jene Aerzte,welche Ambblatorien leiten)
3791 1099 6333 1253 Assistent in unserem Sinne zu werden.Hierbist nun
3808 1161 6268 1315 ein strenger Wechsel vorgeschrieben.An den mei-
3814 1269 6147 1400 sten dieser Abteilungen ist es Regel,
3814 1305 6274 1475 dass diese Stellen alle 3-6 Monate durch andere
3831 1384 6366 1547 junge Aerzte besetzt werden müssen und zwar immer
3814 1456 6385 1636 durch solche,die, an dem betreffenden Hospital stu-
3821 1551 6366 1698 diert haben. Warum nun dieser streng vorgeschrie-
3821 1609 6408 1780 bene Wechsel? Das ist nichts anderes, als eine ein-
3811 1695 6385 1852 fache Konkurrenzmassregel. Der medical Staff eines
3821 1776 6366 1937 Hospitals, das ja, da jede staatliche Unterstützung
3827 1848 6320 2018 fehlt, auf private Schenkungen und auf die Kolle-
3814 1933 6346 2107 giengelder der Studenten angewiesen ist, muss An¬
3827 2005 6291 2162 ziehungspunkte schaffen; es muss seinen Schülern
3814 2087 6412 2251 eine gewisse Möglichkeit bieten, seinerzeit an ver-
3818 2166 6451 2319 schiedenen Departments als ausübende Aerzte zu fun-
3814 2260 6369 2404 gieren und es darf ihnen auch die Erreichung ei-
3814 2306 6392 2499 nes solchen Rostens in nicht allzuweite Sicht rü-
3876 2378 6405 2555 cken.Da heisst es also: Immer wieder Plätze schaf-
3814 2467 6327 2627 fen, sonst gegak gehen uns die Studenten im näch-
3818 2516 6376 2715 sten Jahr an ein anderes Hospital und wir verlie-
3834 2660 5021 2794 ren so und so viel...
4347 2656 6349 2843 Oefter noch hat man Gelegenheit zu se -
3814 2767 6369 2928 hen, wie sich über das wissenschaftliche und huma-
3824 2849 6300 3023 nitäre Leben des medizinischen London etwas von
3876 2924 6320 3095 dem Geiste der City breitet, der von diesem Mit-
3834 3003 6349 3160 telpunkte alles geschäftshastendes Treibenidurch
3827 3095 6202 3239 die ganze Stadt, durch ganz England zu fliegen
3844 3134 6349 3314 sche Int. Vieles erscheint dunkel unter dem Schat-
3840 3281 4927 3399 ten seiner Schwingen.
5054 3258 6192 3471 Dr.ARThur Schnitzler.
3867 3454 6402 3687 Internationale Klinische Rundschau, 24. Juni 1888.
3880 3582 4671 3765 Jahrg. Nr. 23.
