6808 4360
884 3458 1049 3554 M r de
533 3533 1025 3673 ne même a
833 3596 1172 3739 Gegen be
974 3772 1264 3907 eb Js
5417 485 6154 644 Med.Krit. 65
4141 644 6328 809 achter je Uebergang gutartiger Geschwülste
4207 749 6475 872 in bösartige nach intralvryngealen Operatio-
4153 830 6337 932 nen gesehen, resp.wie oft?- Gesammtzahl der
4159 917 6406 1013 von dem Beobachter gesehenen primär bösarti¬
4153 998 6445 1100 gen Kehlkopfgeschwülste.-Hat er Fälle bösar-
4165 1070 6481 1169 tiger Kehlkopfgeschwülste beobachtet,in denen
4147 1154 6340 1246 die mikroskopische Untersuchung entfernter
4141 1213 6445 1324 Fragmente keinen Aufschluss gab? - Beschrei¬
4141 1300 6346 1402 bung etwaiger Fälle vom Uebergang gutarti -
4141 1369 6328 1489 ger Kehlkopfgeschwülste in bösartige nach
4138 1453 5666 1543 intralaryngealen Operationen.
4614 1540 6337 1627 Es wurden auch Einwände gegen die
4141 1588 6286 1702 ldee der Sammelforschung laut; z.B.ob die
4147 1699 6433 1783 Frage überhaupt einer eingehenden Erörterung
4138 1747 6478 1876 bedürfe - ein Einwand, der, wie Semon sehr richt
4153 1852 6322 1942 tig bemerkt.durch die Geschichte der Frage
4147 1942 6280 2025 ogenügend widerlegt war. Ein zweiter Ein-
4135 1996 6379 2100 wand war der, dass vielfach ein und derselbe
4159 2079 6184 2172 Fall durch verschiedene Hände gegangen
4141 2157 6346 2238 und daher wiederholt aufgezählt sei,und in
4129 2202 6532 2322 Berücksichtigung der hiedurch entstandenen Fuh
4147 2292 6394 2394 lerquelle betont Semon, dass die Gesammtzahl
4129 2391 6418 2472 der von den Beitragenden beobachteten gutar-
4141 2451 6391 2556 tigen Kehlkopfgeschwülste und vorgenommenen
4141 2532 6406 2634 intralaryngealen Operationen vermutlich et
4129 2634 6322 2724 was,die der bösartigen Kehlkopfgeschwülste
4135 2685 6430 2822 wahrscheinlich nicht unbeträchtlich geringer
4135 2751 6499 2864 anzuschlagen sel, als die Zahlen der Sammelf or-
4135 2843 6319 2936 schung es anzeigen.Den wichtigeren Fällen
4135 2918 6439 3032 doch wurde speziell nachgeforscht. Dem drit-
4135 2999 6268 3107 ten Einwand,man müsse die Fälle wägen und
4147 3086 6391 3170 nicht zählen, wird wohl am ehesten durch den
4123 3158 6412 3257 Hinweis auf die kritische Umsicht der Redak-
4153 3236 6328 3326 tion begegnet, von welcher uns die Bearbei-
4141 3305 6388 3449 tung des Thomas eine Fülle der glänzendsten
4129 3389 4965 3530 Beweise liefert.
4581 3458 6322 3566 Der Autor bespricht weiterhin die
4141 3533 6508 3634 larynkoskopische Diffesentialdiagnose zwischen
4129 3622 6424 3736 gutartigen und den früheren Stadien bösarti-
4123 3712 6220 3835 ger Kehlkopfneubildungen, ein Kapitel, das
