6840 4392
5927 481 6091 628 82
5240 496 5771 672 Med. Krit.
4167 677 6413 806 gend geschildert) selbst kein Urteil haben,
4179 733 6490 883 aber sich auf jene berufen, die ebenfalls kei
4173 830 5803 985 nes haben. Dann bleibt auch die
4484 909 6419 1035 Schneckenweis derer nicht aus, die, ihr
4173 988 6431 1103 Gehäuse auf dem Rücken, gern die welt ebenso
4179 1041 6472 1235 langsam fortschreiten sehen möchten wie sich
4179 1173 4548 1305 selbst.
4531 1246 6516 1419 Somit wird vorläufig noch allen gebil-
4179 1355 6378 1493 deten Laien - und an solche soll sich doch
4173 1416 6534 1557 wohl eine gemeinfassliche Darstellung des Hyp
4173 1525 6475 1636 notismus vor allen wenden - irgend eines der
4173 1589 6393 1730 trefflichen Bücher von Bernheim, Forel oder
4182 1654 6460 1783 Moll zu empfehlen sein; nicht aber dasjenige
4220 1742 6337 1862 des Doktor Schmidkunz, welche von den not
4191 1801 6528 1947 wendigen Eigenschaften eines populären Werkes
4179 1889 6437 2009 nur die eine aufweist: dem Wissenden nichts
4185 2000 4994 2141 Neues zu sagen.
5932 2091 6185 2258 A.S.
4220 2246 6243 2443 Int.kl.Rundschau,1892,VI.Jahrg.,Nr.48.
