6888 4248
5327 442 6002 619 Med.Krit. 43
3930 601 6380 751 tige Kräfte zu finden vermögen.Diese Leute aber
3939 699 6249 815 haben, im Allgemeinen wenigstens,Gelegenheit,
3933 799 6148 897 sich in ihr Fach einzuarbeiten, wenn sie im
3951 848 6252 967 Augenblicke ihres Dienstantrittes noch nicht
3939 943 6179 1040 Spezialisten waren. Die Assistenten jedoch,
3945 1010 6344 1123 die ihnen beigegeben werden, und die an den Am-
3939 1086 6365 1217 bulanzen im Laule weniger Monate wechseln müs-
3933 1184 6179 1263 sen, nicht wie bei uns, Jahre an ihrer Abtei-
3979 1217 6328 1339 lung verbleiben, können in den seltensten Fäl¬
3933 1315 6347 1431 len dazukommen, wirkliche Stützen oder gar Ver-
3933 1404 6255 1513 treter ihres Chefs zu werden. Um sich also in
3939 1483 6234 1581 einem speziellen Fache wirklich auszubilden,
3933 1562 6188 1681 geht der junge englische Arzt meist ins Aus
3939 1614 6273 1727 land, mit Vorliebe nach Wien, wo die glückliche
3930 1727 6234 1812 Vereinigung aller medizinischen Lehranstal-
3933 1785 6359 1895 ten und Lehrbehelfe auf einem kleinen Raum, die
3939 1870 6331 1959 vorzügliche Einteilung der Unterrichtsstunden,
3921 1947 6304 2044 Einführung segelmässiger Kurse und die Sicher
3921 2029 6347 2111 heit schliesslich, als Lehrer und Leiter an den
3921 2102 6334 2209 einzelnen Abteilungen wirkliche und bedeutende
3921 2176 6221 2270 Spezialisten zu finden, wo ihm alles dies die
3927 2249 6243 2389 Gewähr gibt gewiss nicht ohne grossen Nutzen
3909 2356 5404 2472 wieder heimkehren zu dürfen.
5425 2447 6444 2621 Dr.Arthur Schnitzler
3933 2603 6191 2743 ( Internationale Klinische Rundschau, 15. Juli
3985 2725 5270 2862 1888, Nxx Jahrg.II,Nr.29.
