6856 4216
5570 402 6181 573 Med. Krit.39
3858 542 6131 713 Euch, bergesst uns nicht, helft uns, lasst uns
3864 682 6371 803 nicht verderben! Der Verständige weiss wohl, dass
3864 763 6268 859 in dieser mahnenden Erinnerung auch eine leise
3889 831 6336 925 prohung mitklingtsstets ist sich der Elende sei
3864 891 6165 996 ner grossen stummen Macht bewusst gewesen, vor
3870 943 6346 1090 der die Glücklichen zittern. Man verhält sich mit
3870 1059 6358 1180 mit dieser grossen verzweiflungsvollen Macht, die
3870 1133 6187 1261 wenn es zum Kampfe kommt, Nichts zu verlieren
3852 1249 5275 1373 hat, nur Vieles zu gewinnen.
4222 1283 6346 1398 Es ist hier nicht am Platze, die verschie-
3852 1379 6340 1498 denen Erscheinungsformen der Londoner Wohltätig-
3852 1479 6190 1566 keit ins Auge zu fassen; unsere Betrachtungen
3864 1535 6097 1635 gingen von den Wohltätigkeits-Anstalten für
3849 1576 6262 1700 die Kranken und von den Spitälern aus; wir wol-
3852 1675 5421 1772 len wieder dahin zurückkehren.
4222 1737 6106 1853 London bergt begrei flicherweise eine
3852 1831 6209 1962 grosse Anzahl von Spitalern in seinen Mauern,
3870 1903 6287 1996 von denen viele die Bedeutung von allgemeinen
3852 1990 6256 2086 Krankenhäusern haben,während andere wieder der
3839 2071 6159 2170 Aufnahme spezieller Krankheitsfälle gewidmet
3845 2139 6256 2264 sind. Von der ersten Gattung existieren beinahe
3911 2220 6215 2307 zwei Dutzend. Keiner von allen diesen verfügt
3889 2270 6355 2419 jedoch über ei ne Bettenansahl wie unser allgemei¬
3889 2373 6106 2479 nes Krankenhaus. Ungefähr die Hälfte dieser
3799 2435 6203 2550 Spitäler stellen zugleich medizinische Schulen
3905 2479 6340 2584 vor.Begreiflicherweise sind diese von sehr ver-
3839 2575 6209 2659 schiedener Bedeutung,und je nach dem Rufe ih-
3839 2616 6299 2753 rer Lehrer und der Ausstattung mit den mannig-
3845 2721 6153 2815 fachsten Lehrbehelfen üben sie eine grössere
3858 2749 6218 2896 oder geringere Anziehungskraft auf die jungen
3845 2855 6243 2974 Medi ziner aus.Bereits in meinem letzten Briefe
3839 2936 6237 3042 habe ich als die bedeutendsten Schulen das St.
3852 3023 6333 3126 Thomas-und das St.Bartholomewa-Hospital genannt;
3833 3098 6321 3232 diesen schliessen sich an Guy s-, Kings-College-,
3839 3188 6175 3269 Lond on-Hospital und einige andere,die,an Aus-
3827 3263 6137 3341 dehnung zwar geringer, durch die an denselben
3833 3313 6324 3431 wirkenden Lehrer jedoch jenen zwei hervorragend-
3827 3419 6143 3506 sten Schulen zum mindest en sehr nahe kommen.
4319 3462 6302 3578 In allen diesen Hospitälern,welche als
3845 3519 6333 3652 Schulen dienen, besteht keine Scheidung zwischen
3814 3628 6308 3793 Abteilungen und Kliniken,wie bei uns in Wien am
