7320 4344
1271 937 2495 1274 Abschrift
640 1561 3325 1948 Kritiken entworben
1974 2461 2885 2648 Witsen
5236 514 5753 647 Kritiken.
4362 667 6753 807 J.M.Charcot, Neue Vorlesungen über die Krank
4352 750 6763 880 heiten des Nervensystems,insbesondere über Hy-
4349 844 6770 974 sterie. Autorisierte deutsch.Ausg.v.Dr.S.Freud,
4392 910 6483 1024 Doz.f.Nervenkrankh.a d.k. k.üniv.in Wien.
4366 994 6550 1141 (Int. kl. Rundschau, 1. Jahrg., Nr. 1, 2.1.1887).
4866 1234 6713 1371 Im Laufe der letzten Jahre hat sich
4325 1341 6743 1427 das herborragende Interesse der Nervenpatholo-
4342 1407 6643 1504 gen dem Krankheitsgebiete der Neurosen zuge-
4325 1487 6663 1601 wandt, dessen Grensen kaum noch als streng um
4332 1557 6687 1681 schrieben gelten können, ja, in dessen Wesen es
4322 1647 6690 1754 eigentlich liegt, dass man seine Grenzen immer
4312 1698 6733 1814 enger ziehen möchte. Unsere, durch die gewalti-
4319 1801 6793 1898 gen Fortschritte der vergangenen Jahrzehnte et-
4309 1874 6643 1991 was verwöhnte Missbegier kann sich dort kaum
4312 1958 6720 2071 recht befriedigt fühlen, wo das Sezirmesser des
4302 2031 6710 2134 Anatomen vergebens den Veränderungen nachzuge¬
4299 2104 6750 2228 hen bestrebt ist, die der Kliniker nachzuweisen
4362 2181 6663 2304 im Stande war, und wo selbst das scharfe Auge
4302 2254 6720 2361 des Histologen es nicht vermag, einen sichtba¬
4302 2341 6620 2481 ren Grund für die mannigfachen Erscheinungen
4299 2418 6560 2538 auf zudecken, aus welchen der Diagnostiker am
4295 2468 6783 2641 Bette des Leidenden sich längst ein abgeschlos-
4285 2585 6653 2698 senes Krankheistbild geformt. Freilich findet
4295 2658 6780 2775 gerade hier, wo vielleicht tatsächlich jedes ang¬
4342 2731 6610 2848 tomische Substrat der vorhandenen Störungen
4279 2811 6580 2928 fehlt (wenn wir von supponierten chemischen
4292 2891 6813 3035 oder molecula ren Veränderungen absehen, für deren
4279 2945 6757 3072 Erforschung uns bisher alle Hilfsmittel zu feh-
4282 3035 6600 3158 len scheinen),die Plantasie des geistreichen
4282 3105 6700 3268 Arztes ein ergiebiges Feld für seine Deduktio-
4262 3208 6597 3328 nen und Ansichten, deren Bedeutung an und für
4272 3272 6650 3418 sich kaum eine Minderung dadurch erfährt, dass
4255 3358 5990 3475 die Probe am Leichentische fehlt.
6733 3572 6933 3772 D
