6856 4248
5634 511 6351 674 Med. Krit. 59
4125 668 6241 829 des Geschauten, Empfundenen und Erfassten
4125 794 6141 960 müsste ihn erschüttern und überzeugen.
4537 922 6348 1082 Aber der Beruf des Arztes wird von
4143 1036 6483 1185 gar verschiedenen Naturen gewählt, leider auch
4146 1129 6299 1249 von solchen, die nicht die Anlage haben, na
4137 1205 6296 1316 turwissenschaftlich zu denken. Sie flattern
4146 1275 6281 1403 durch ihre Wissenschaft und dringen nicht
4143 1365 6346 1482 in das Wesen derselben ein. Das Krämerleben
4143 1435 6424 1573 des Alltags lässt sie keinen Augenblick los
4149 1532 6395 1625 und mitten in der freien Atmosphäre, die sie
4155 1608 6398 1713 umgibt, hören sie nur den vergänglichen Lärm
4137 1663 6456 1791 des Tages. Während die grosse Quelle an ihnen
4137 1774 6448 1858 vorüberrauscht,schöpfen sie aus Röhrbrunnen.
4155 1832 6451 1937 Die überlebten Vorurteile einer urteilslosen
4134 1893 6386 2013 Menge sind ihre eigenen,und in den kleinli-
4149 1975 6456 2095 chen Hader der Parteien, aus dem sie doch nur
4143 2069 6407 2179 die heiseren Rufe unreifer Denker heraushö-
4143 2144 6243 2244 ren sollten, stimmen sie mit eih,An ihnen
4137 2223 6340 2319 hat die Lehre von der Natur ihre läuternde
4143 2299 5459 2419 Macht vergebens versucht!
4618 2314 6351 2465 Wir finden es nicht notwendig,von
4131 2442 6258 2556 diesen allgemeinen Bemerkungen aus einen
4155 2524 6343 2649 Uebergang zu der Betrachtung von Zuständen
4143 2614 6299 2713 suchen,wie wir dieselben sich vor unseren
4143 2687 6465 2786 Augen innerhalb der letzten Jahre entwickeln
4143 2769 6191 2871 sahen. Der Vergleich liegt offenbar da.
4613 2839 6296 2929 Irrtümer, wie wir sie Leuten ohne
4149 2871 6389 3034 Geistes-und Herzensbildung vielleicht nach-
4155 2999 6416 3098 sehen könnten, erscheinen mitten in dem vor-
4143 3049 6448 3180 nehmen Gedankenkreise der Naturgelehrten, und
4155 3154 6442 3253 die verblendung, der sich die Masse von jeher
4137 3227 6468 3335 willig hingegeben, breitet sich über die Augen
4166 3320 6360 3419 jener, welche berufen wären, die Wahrheit zu
4160 3367 6404 3501 predigen, der sie ihr Dasein geweiht. Ja, wenn
4155 3454 6299 3562 die Wissenschaft stets die Kraft hätte, zu
4140 3498 6407 3676 bilden, zu veredeln! Was vermag sie aber mit
