6792 4408
5355 449 6043 651 Med.Krit. 79
3925 626 6289 801 sollen, welche diese Forderung nicht effüllen.
3937 735 6074 857 so sind es zugleich solche, welche für die
3937 779 6380 935 Schreibweise des ganzen Werkes charakteristisch
3944 857 6380 1000 erscheinen. Man lese z.B.auf S.68: „Wenn nun ein
3944 941 6261 1081 Kranker somnambul sagt:-Dies ist meine Krank¬
3937 1009 6183 1177 heit, dies wird ihr Verlaf, und dies ihr Heil
3937 1093 6233 1230 sein, - mag nicht auch darin wieder der Sup
3940 1177 6193 1324 gestionsteuselm stecken, so dass nur eben ge
3959 1252 6308 1417 glaubt wird, was dem Patenten grade durch den
3944 1311 6283 1473 Kopf geht,und dass dies auch in die Wirklich-
3953 1389 6320 1561 keit tritt? Das wäre Autosuggestion,das ande¬
3984 1470 6283 1651 re Autodiagnose. Was von beiden soil gelten?
4433 1548 6289 1682 Oder Seite 147, wo der Verfasser über
3931 1648 5872 1810 die gefahren des Hypnotismus spricht:
4417 1682 6414 1847 „Und endlich; das Mystische liegt nicht
3940 1788 6317 1931 in der Hypnose, sondern wenn schon, dann im Hyn-
3937 1850 6376 2006 notismus; so kommt es darauf an, zu was man die-
3937 1944 6401 2090 sen gestaltet. Macht ihn hell, und ihr hellt auch
3940 2053 4844 2196 die Schaudernden.
4458 2065 6432 2215 Aber lasst ihr ihn dunkel, so sehen ihn
3944 2168 6351 2302 die Schaudernden erst recht dunkel. Und diesem
3937 2249 6436 2389 Dunkel am meisten entspringt eine eigenartige Ge-
3944 2324 6292 2464 fahr, des Hypnotismus, die, so im Laiemunfug be-
3950 2386 6345 2545 steht, in den hypnotischen Gesellschaftsspiele-
3950 2486 6280 2623 reien, und was sonst da getrieben wird. Sollte
3937 2554 6299 2685 man nicht schon um derartiger Gefahren willen
3937 2654 5252 2782 den Hypnotismus ausroden?
4473 2654 6383 2847 Es ist wahr: der Unfug lebt,und seine
3950 2779 6414 2944 Schäden sind augenscheinlich. Aber auch Schiess
3950 2863 6249 3015 waffen gehen allfort unter spielenden Händen
3953 2919 6345 3084 mit manchem Schaden los, und doch hat man nicht
3950 3022 6249 3187 Pulver noch Gewehre abgeschafft, nicht einmal
3959 3103 6152 3246 gescholten, Schelten mag man die täppische
3950 3168 5890 3336 Hand, nicht das täppische Gehandhabte.
4486 3224 6255 3374 Indes ist vielleicht gerade unsere
3950 3311 6345 3458 Sache verführerischer als andere für täppische
3944 3395 6395 3548 Hände,wert also, ausbdem Wege geräumt zu werden.
3950 3467 6432 3620 Wohl mag es sein; aber da hat die eine täppische
3953 3564 6314 3710 Hand die andere verführt. Schafft des grossen
3953 3623 6457 3810 Chemikers Hand einem Heft Erkenntnis, langt nicht
