6728 4216
3726 552 4714 728 Kritken. (Charcot)
3726 734 6188 869 Entstehung der nervösen Störung. Er tritt dem
3745 834 6172 931 so verbreiteten Vorurteil entgegen,dass es die
3751 906 6213 1004 Unbeständigkeit, der unvermittelte, unerklärliche
3738 972 6131 1091 Wechsel der Symptome sei, welche das Charakte¬
3757 1066 6125 1157 ristische der Hysterie ausmachen und hebt die
3738 1132 6106 1229 Beständigkeit der Erscheinungen hervor, welche
3748 1204 6232 1311 insbesondere Fälle von männlicher Hysterie aus-
3738 1308 6213 1399 zeichnen. Die 6 Fälle, welche uns hierauf vorge-
3738 1377 6113 1468 führt werden, sind wohl Muster von klassischen
3795 1427 6263 1562 Krankengeschichten.und jede einzelne bietet dem
3751 1512 6081 1643 Autor Gelegenheit,das hochinteressante Thema
3738 1621 6207 1700 von einem anderen Gesichtspunkte zu beleuchten.
3745 1684 6166 1781 Hier werden die typischen Anfälle geschildert,
3738 1753 6072 1869 dort Bemerkungen über die hysterogenen Zonen
3751 1806 6219 1932 eingeschaltet; anderswo wird die Geschichte ei-
3738 1891 6257 2004 ner hysterischen Lähmung erzählt, die nach ihrem
3757 1992 6257 2145 Verschwinden durch Augustion neu erzeugt werden
3745 2089 4112 2217 konnte.
4156 2161 6138 2337 Man wird vielleicht nicht überall ge¬
3738 2286 6238 2402 neigt sein, die Ansichten Charoot s in ihrem gan-
3745 2374 6178 2484 zen Umfange gelten zu lassen - und es hat sich
3751 2465 5962 2559 auch faktisch, als Dr. Freud kürzlich in der
3745 2537 6119 2628 k.k.Gesellschaft der Aerzte zu Wien das Thema
3804 2622 6125 2725 zur Sprache brachte, eine lebhafte Diskussion
3757 2700 6122 2791 entwickelt,-stets aber wird man den Geist der
3745 2779 6188 2885 Auffassung,die Klassizität der Darstellung be-
3738 2832 6178 2970 wundern müssen, welche den grossen Pariser Ner-
3751 2914 6232 3026 venpathologen wie in seinen früheren,so auch in
3804 3008 6178 3105 seinem neuesten Werke charakterisieren, und es
3745 3089 6166 3180 wird wohl geraten sein, der Sache jenen partei-
3757 3136 6251 3265 losen Ernst entgegenzubringen, welcher vielleicht
3757 3227 6191 3350 gerade in diesem so jungen Kapitel der Medizin
3745 3318 6166 3409 sehr am Platze erscheinen möchte. Bei uns wurde
3782 3390 6166 3491 der männlichen Hytserie aus dem Grunde bisher
3748 3437 6219 3563 keine so lebhafte Aufmerksamkeit geschenkt, weil
3751 3538 6138 3691 sie hier nicht so oft vorzukommen scheint, wie
