6856 4264
5149 524 5734 697 Med. Krit.
4026 691 6315 828 um sich im Allgemeinen auszudrücken, mit Pro-
4008 796 6312 906 duktion von Zellen.Entzündungen seröser Mem-
4026 867 6276 1001 branen haben gewöhnlich Flüssigkeitsansamm-
4011 945 6103 1100 lungen in den serösen Säcken zur Folge.
4425 1028 6318 1174 Hierauf bespricht der Verfasser ge-
4014 1088 6365 1225 wisse Massnahmen bei Drüse ment zündungen, weist
4020 1192 6371 1290 auf die schlauer Weise in dem Kapitel „Körper
4014 1258 6377 1386 temperaturen behandelte Therapie der Pleuri-
4020 1317 6392 1457 tis hin, gelangt dann zur Meningitis (schlecht-
4026 1413 6392 1526 weg) und beginnt dann die Behandlung der Pneu
4017 1502 6073 1660 monie in folgender Weise zu besprechen:
4467 1562 6365 1725 Angenommen der Fall einer Pneumonie,
4014 1672 5284 1791 so wäre zu verschreiben:
5525 1705 5874 1851 gtt.XX
4324 1737 5170 1874 Rp. Vin.Antimon.
4550 1824 5191 1925 Liqu.Am.acte
4306 1842 6106 1994 D.S.Jede sechste Stunde zu nehmen.
4437 1955 6371 2074 Für den ganzen Tag die dreifache Men-
4032 2032 6330 2160 ge mit der Signatur:Jede sechste Stunde den
4026 2104 6383 2229 dritten Teil zu nehmen. Wenn man einen grossen
4020 2193 6124 2307 miederartigen Umschlag auf den Brustkorb
4026 2268 6335 2384 macht und dadurch die Gefässe eines grossen
4026 2342 6330 2458 Hautbezirkes dilatiert,so bedeutet dies fast
4032 2423 6377 2530 ebensoviel, als dem Patenten eine Blutentzie-
4038 2494 6383 2613 hung in seinen eigenen Gefässen zu verschaf-
4038 2584 6300 2691 fen. Oder man gebrauche Aconit wie Nr.33 und
4032 2685 6297 2777 34 (früher angegebene Rezeptformeln) u.s.w.
4485 2748 6112 2846 Später spricht der verf. von der
4026 2801 6186 2950 asthenischen Form der Entzündung und sagt
4536 2867 6338 3004 Die „asthenische“ Form der Entzün-
4026 2947 6332 3081 dung kommt zumekst bei unserer Stadtbevölke-
4038 3034 6213 3159 rung vor. Schon bei der Zeugung verdorben,
4038 3120 6389 3239 schlecht genährt, ist die Stadtbevölkerung ein
4038 3209 6344 3338 produkt des Trunkes, der Armut, Ausschweifung
4074 3269 6178 3391 und Syphilis,grossgezogen am Genusse des
4038 3361 5447 3496 Thees und Alkohols etc. etc.
4491 3439 6252 3531 Es folgen dann einige Zeilen über
4038 3516 6434 3615 die Art und Weise, wie man sich denasthenischen
4038 3594 6139 3707 Entzündungen gegenüber im Allgemeinen zu
4032 3656 6288 3785 verhalten habe - viel zu wenig - einige Be-
4038 3758 6338 3889 merkungen über die Neigung des Studierenden,
1722 3853 1898 3954 D8d0:
909 3862 1317 3969 abnes. is
