6808 4248
5552 581 6292 731 Med. Krit. 54
4041 722 6387 856 massen einsetzt:“ In den chronischen Modiffka¬
4022 853 6255 942 tionen der Ernährung der Organe ist es noch
4010 905 6362 1061 notwendiger, sich an die Lehren der Pathologie
4010 1000 6203 1098 zu erinnern.... Der Ursprung und Verlauf
4010 1055 6353 1184 der parenchymatösen Entzündung muss im Allge-
4010 1159 6353 1282 meinen sozusagen von der Vogelperspektive be-
4010 1227 6255 1321 trachtet und dann jeder Teil des Körpers in
4004 1300 6448 1419 seinen wahren Beziehungen zu den übrigen Teilen
3998 1404 6221 1487 desselben beurteilt werden. “Es heisst dann
3998 1462 6267 1566 weiter, dass ein Steinmetzer mit einer inter
3998 1539 6329 1670 stitiellen Pneumonie seine Beschäftigung auf-
3998 1609 6396 1716 geben müsse, um sein Leben zu retten. Als Wach-
5334 1691 6402 1802 (!) kann er wohl le-
3998 1704 5310 1829 mann,Soldat oder Emignant
3992 1780 6255 1881 ben; bleibt er aber ein feiner Sieinhauer,so
3998 1869 6249 1948 wird er gewiss in kurzer Zeit sterben. 'Dann
3998 1930 6399 2025 wird mit einer ganz bewunderungswürdigen Kürze
3992 2007 6215 2092 noch über die Entzündung der Aortenklappen
4010 2065 6341 2190 über die Gicht, über die Cirrhose und übere die
3992 2166 6347 2257 Gichtniere gesprochen. Von der Cirrhose heisst
3992 2242 6399 2340 es einfach und schön: Alkohol affiziert die Le
3998 2312 6399 2407 ber bis zur Cirrhose. Eine volle Seite befasst
3998 2398 6243 2493 sich dann mit den chronischen Störungen der
4004 2450 6411 2560 Erbährung der Gelenke,wie sie bei strumösen Im
3992 2551 6420 2643 dividuen angetroffen werden, aber nach einer ra-
4004 2627 6423 2722 schen Erwähnung gewisser Schirurgischer Momente,
3992 2707 6423 2805 die hier berücksichtigt werden müssen,schliesst
3979 2777 6225 2897 der Autor sein Kapitel über die Entzündung,
3979 2848 6423 2958 schön wie er begonnen: -Andere chirirgische Maas
3986 2927 6246 3040 regeln,wie sayre's Mieder etc.anzugeben,ist
3979 3016 6347 3114 nicht meine Sache und gehört nicht hieher. Ich
3973 3095 6381 3184 will dir ja hier nur die Grundsätze zeigen,die
3992 3166 6429 3276 dich in deiner Praxis leiten sollen,und wie die
3986 3248 5255 3365 se rationell sein muss.
4606 3316 6301 3423 Ich habe hier ein ganzes Kapitel
3992 3404 6267 3502 in seinen Grundzügen zu skizzieren versucht,
3979 3466 6399 3606 kann mir jedoch nicht versagen, noch aus einzel
3992 3563 6368 3677 nen anderen Abschnitten des Fothergill schen
3979 3664 6439 3765 Buches charakteristische Stellen herauszuheben.
