6888 4248
680 3538 1094 3648 -foa en!
639 3616 1109 3732 medoal ai
646 3707 987 3833 geziel
5371 332 6114 505 Med. Krit. 46
4500 464 6252 636 Es ist in London entschieden weit
3977 586 6399 714 seltener, dass sich ein syphilitisch erkranktes
3986 671 6340 796 Individuum einer geregelten spitalsbehandlung
3964 740 6393 877 unterwirft, als bei uns in Wien. Auffallend aber
4033 818 6246 931 muss es erscheinen, dass in einer Stadt von
3958 877 6333 1031 fünf Millionen Einwohnern,in welcher es keine
3967 975 6443 1094 polizeiärztliche Kontrolle - nicht einmal eine
3961 1053 6440 1166 schlechte - über die Prostituierten gibt und in
3961 1147 6449 1254 welcher die Lues sich anerkanntermassen noch ei-
3955 1210 6387 1326 ner weit grösseren Verbreitung erfreut als auf
3955 1297 6418 1404 dem Kontinent, dass in dieser Stadt das für mehr
3942 1366 6462 1479 als zweihundert Kranke berechnete weibliche Lock
3958 1442 6311 1564 Hospital selten mehr als ein Drittel oder die
3949 1526 6321 1667 Hälfte seiner Betten belegt hat. Einige dieser
3942 1586 6230 1708 Krankenzimmer, welche mit ihren vergitterten
3939 1667 6399 1786 Fenstern und in ihrem vernachlässigten Zustande
3999 1752 6346 1852 den denkbar unfreundlichsten Eindruck machen.
3939 1836 6440 1959 stehen Monate lang leer. Andere Säle, freundlicher
3939 1915 6390 2015 und heller, sind zur Hälfte gefüllt.Die Beschaf-
3939 1977 6261 2100 fenheit der Klienten dieses Hospitals bringt
3930 2068 6274 2190 es mit sich, dass eine grosse Zahl der Patien
3936 2140 6333 2247 tinnen dasselbe verlässt, ohne dass die Behand-
3939 2212 6255 2338 lung zu Ende geführt werden konnte;diese Pa-
3939 2294 6396 2397 tientinnen, auch die. über deren Gewerbe man kei-
3927 2369 6418 2485 nen Augenblick im Unklaren sein kann, müssen ent-
3920 2435 6443 2604 lassen worden, sobald es ihnen beliebt. Mit diesem
3917 2532 6352 2635 weiblichen Lock-Hospital" ist ein Asyl verbun-
3920 2604 6293 2729 den, in welchem ungefähr achtig Frauen Platz
3920 2682 6340 2836 finden können, und zwar finden hier die aus dem
3911 2773 6173 2886 Spital entlassenen Weiber für die Dauer von
3905 2839 6333 2968 längstens einem Jahre Aufnahme, während welcher
3908 2918 6321 3046 Zeit sie in allerhand weiblichen Beschäftigun-
3914 3002 6227 3143 gen unterwiesen werden, um nach Ablauf dieser
4002 3074 6274 3209 rist sofort einen Dienst antreten zu können.
3883 3127 6220 3269 Während dieses Jahres stehen sie noch sozusa
3876 3240 6299 3341 gen unter ärztlicher Aufsicht,was vorher meist
3886 3303 6330 3422 viel notwendiger gewesen wäre, und ein eventuel-
3873 3350 6340 3504 les Rezidiv führt sie wieder in das benachbarte
3873 3453 6293 3560 Spital.Die Mädchen sollen sich in diesem May-
3883 3554 6343 3739 leso wohl befinden, dass sie es meist nur ungern
