6712 4216
3721 296 4226 475 mit Skler.
5351 424 5802 585 Med. Krit
5808 496 5987 642 24
3948 657 6214 785 wird der Therapie der organischen Nervener¬
3948 759 6202 860 krankungen,die in Wahrhelt eine partie hon¬
3978 845 6319 947 teuse der Medizin bedeutet, in den bezüglichen
3960 902 6041 991 Büchern ein grosserer Raum gegonnt, als e
3960 982 6155 1084 den bisherigen Erfolgen nach nötig zu sein
3948 1054 6259 1156 scheint, und man liebt es, die symptomatischen
3936 1123 6196 1218 Massnahmen mit einem gewissen stilistischen
3936 1197 6337 1329 Schwung zu behandeln — um doch etwas Trost und
3948 1290 6262 1383 Licht In dies trübe Gebiet zu bringen.An dem
3954 1371 6304 1460 berühmten Satze:-Gegen die Schmerzen gibt man
3942 1436 6244 1544 Mosphium" haben wir uns wohl schon alle satt
5387 1514 6161 1619 ihn noch hören
3960 1520 5319 1628 gelesen.Wie aber werden wi
3948 1586 6298 1696 wie oft werden wir faut de mieux nach gezwun-
3948 1666 6328 1786 gen sein, ihm gemäss zu handeln,bevor uns einer
3948 1762 6334 1869 sagt, was gegen das Grundleiden hilft. In Ungers
3948 1831 6140 1926 Büchlein sind die Behandlungsmethoden, wie
3942 1902 6244 2001 es die strengen Tatsachen erheischen,mit ein
3942 1989 6083 2093 paar Worten abgetan und man braucht nicht
3942 2066 6125 2162 eben ein therapeutischer Nihili st zu sein,
3942 2132 6196 2240 um selbst die drei oben zitierten Fälle von
3942 2216 6298 2320 Herstellung der kranken Kinder mehr als Gene-
3942 2305 6322 2416 sund denn als Heilung anzusehen. In zweien die-
3936 2368 6128 2482 ser Fälle fehlt die Angabe der Behandlung;
3942 2452 6253 2547 in dem dritten wurde der konstante Strom und
3942 2523 6193 2640 Mit.arg. angewandt. Immerhin erweist sich die
3942 2592 6283 2723 mit Vorhergehendem angekündigte klinische Stu-
3936 2700 6188 2783 die als ein wertvoller Beitrag zur Kenntnis
3942 2744 6244 2879 einer bis nun selten beobachteten Erkrankung
3942 2843 6185 2959 des Kindesalters und verdient mit Interesse
3930 2924 4888 3055 gelesen zu werden.
5644 3061 5883 3189 A.S.
3954 3189 6137 3336 Inter kl.Rundschau,3.April 1887,1.Jahrg.,
3933 3279 4357 3437 Nr. 14.).
