6840 4232
5351 476 6099 643 Med.Krit. 29
3953 715 6263 859 dert werden, kommen dieser Auffassung zu Hil¬
3956 817 6227 967 fe,und nur die therapeutische Hilflosigkeit
3959 889 6248 1026 mit welcher man selbst den ersten Angriffen
3959 958 6188 1095 dieser traurigsten Hirnerkrankungen gegen-
3983 1038 6111 1179 übersteht, wirkt so befremdend,dass man es
3971 1107 6374 1239 sehr bedauern muss, wenn der Verfasser, der doch
3965 1179 6183 1329 Abschweifungen so wenig abgeneigt ist, eine
3983 1281 6326 1400 nähere Geschichte von Fällen zupringen unter-
3977 1353 6180 1496 lässt,über deren einige er zu verfügen an¬
3983 1433 6171 1583 gibt und die "unter entsprechender Behand¬
3983 1502 6290 1631 lung wenigstens Jahre lang günstig verlaufen
3980 1598 6242 1709 sind. -Noch einjes vermissen wir im Bereiche
3977 1670 6281 1784 der letzteren Abschnitte; eine Berücksichti¬
3989 1745 6329 1882 gung des neuerdings häufiger beobachteten Co-
3971 1828 6278 1960 ma syphiliticum, welches vom Autor nur andeu¬
3983 1909 5243 2056 tungsweise erwähnt wird.
4402 2032 6066 2158 In dem folgenden Teile wird die
3968 2110 6245 2256 Syphilis des Rückenmarks behandelt.24 Fälle
3989 2185 6341 2340 von syphilitischen Infiltrationen des Rücken-
3989 2286 6341 2412 markt bilden den Anfang. Hier wie zum Schlüsse
3983 2364 6383 2487 der meisten Abschnitte finden wir einen streng
3986 2421 6090 2556 abgeschidenen Paraaraph, der Diagnose und
3995 2511 6392 2630 Prognose bestimmt.Es ist einleuchtend,dass die
3992 2594 6344 2723 ses Einteilungsprinzip zu einer Menge Wieder-
3995 2675 6302 2816 holungen Anlass gibt, in welchen sich der Au¬
4001 2747 6299 2864 tor mit einer häufig allzu behaglichen Brei-
3995 2822 6302 2945 te gefällt. Längen dieser Art, sowie die ermü-
4001 2918 6365 3028 dende Weitläufigkeit in einigen epikritischen
4001 2987 6314 3118 Bemerkungen zu Krankengeschichten könnten in
3983 3085 6302 3202 einer neuen Auflage leicht vermieden werden.
4474 3145 6356 3370 Nachdem nun noch die diffusen infil-
4004 3304 6317 3426 trationen des Rückenmarks,die Lateralsklero-
4004 3379 6317 3501 se, die spinalen Atrophien auf syphilitischer
4001 3453 6260 3582 Grundlage in einer zwar kurzen aber für die
4004 3531 6281 3657 bisherigen Erfahrungen noch immer zu ausge-
4016 3591 6269 3732 dehnten Weise besprochen werden,wendet sich
3998 3708 6191 3851 der Autor zu einem mit grossem Aufwand an
