4632 5656
3861 340 4227 539 „ „
2855 322 3637 593 „ „ —„ —: —: -; —:
2540 347 2779 539 " 4
391 391 937 662 Votre très bien aussi avec les
2540 485 2761 680 1.° 1
3811 489 4245 680 1 1/2 +
803 604 992 789 H.F.P
1741 626 1925 847 15
1252 858 3999 1140 Nun, so etwa: Mein Freund, ich hab Dich sehr lieb, aber die
1270 1060 4180 1292 Einsamkeit macht mich sehr traurig... und ich will lustig sein.
706 1020 1057 1198 Anatol:
1281 1198 4111 1448 Ja, sehen Sie, wenn ich ihm das so gerade heraus sagte, würd
724 1299 1115 1491 Annette:
1292 1382 4093 1581 es ihn kränken... er ist so eifersüchtig auf alles! Ich darf
1277 1567 2678 1762 manchmal nicht einmal lachen!
1299 1665 3702 1969 Nun, so tun Sies jetzt, wo er Sie nicht hören kann.
749 1799 1096 1969 Anatol:
1321 1842 3680 2081 Ja...aber jetzt bin ich gar nicht dazu aufgelegt.
756 1994 1136 2135 Annette:
1317 2117 1574 2262 Sooo!
767 2092 1115 2298 Anatol:
1314 2084 4042 2388 Und gerade wenn ichs bin, darf ich nicht! Neulich erst....
778 2276 1151 2450 Annette:
1328 2363 2577 2569 Nun, was stocken Sie denn?
1346 2421 4143 2725 Ich bleibe zu lange bei Ihnen, man wird ungeduldig werden...
778 2450 1133 2606 Anatol:
793 2627 1172 2761 Annette:
1353 2620 4107 2862 Aber erzählen Sie doch. (zieht sie neben sich auf die Bank,
793 2786 1144 2960 Anatol:
1346 2754 4122 3014 hält ihre Hand, sie sieht ihn an, lächelt dann kokett) Nun,
1357 3014 2305 3206 was gab es neulich?
1364 3072 4006 3355 Nun, neulich einmal hätte ich so gerne gelacht,..ohne es
814 3199 1216 3409 Annette:
1382 3286 3937 3507 zu dürfen...da sprach er so lange und so komisch, die
1393 3467 2577 3662 Tränen kamen ihm dabei...
1393 3659 1632 3825 Nun?
1400 3706 4183 3984 Aber denken Sie ein Mann, der weint. Das darf er nicht ein
832 3709 1187 3865 Anatol:
840 3850 1234 4031 Annette:
1397 3959 2182 4165 zweites Mal tun.
1350 4143 2540 4321 Sie haben es ihm gesagt?
868 4162 1220 4346 Anatol:
1426 4176 4125 4462 Ih nein, ich habe einfach das Lachen verbissen, so gut es
865 4371 1267 4513 Annette:
1429 4523 1802 4639 ging...
1433 4567 2294 4806 Mein liebes Kind!
879 4607 1245 4827 Anatol:
1466 4730 3612 4943 (Kolett) Gefällt Ihnen meine Hand gar so gut?
883 4806 1288 5005 Annette:
1451 4882 4267 5117 Sie lieben ihn eigentlich nicht sehr innig...so tief m, als
905 4972 1263 5168 Anatol:
1455 5041 4350 5258 er wahrscheinlich geliebt werden möchte... das sollten Sie ihm
