4616 5656
2771 418 3149 606 xx
1894 712 2169 962 11 -
1314 987 3975 1251 Da hast Du mich missverstanden. Jedenfalls hab ich meine
745 1108 1105 1296 Anatol:
1318 1207 3442 1387 Lustigkeit gehabt...und nicht die der andern!
1329 1358 3068 1567 Na,'s is' jeder lustig, wie er kann.
756 1424 1218 1633 Baron D.:
1318 1479 3879 1685 Ja, und für die Eure da unten bedank ich mich bestens!
767 1593 1127 1780 Anatol:
1336 1618 4154 1894 Ah, wir sind Dir vielleicht nicht genug fein mit den Frauen-
760 1758 1218 1963 Baron D.:
1329 1864 1842 2066 zimmern.
1351 1982 2921 2184 Was sind sie Euch denn überhaupt?
785 2000 1156 2224 Anatol:
1343 2140 3993 2345 Wenn man Dich so reden hört, so möchte man glauben, dass
785 2213 1233 2397 Baron D.
1365 2246 4022 2547 Du ganz andere Weiber geliebt hast, als wir gewöhnlichen
1354 2529 1850 2701 Menschen
1369 2558 4033 2859 Gewiss... denn ich war es, der sie liebte! Oder meinst Du
807 2679 1152 2852 Anatol:
1362 2760 4110 3024 wirklich, dass ich dasselbe Leben führte wie Ihr, wie Du?
1373 2940 4136 3134 Du meinst, dass unsere Abenteuer dieselben waren, weil sie
1387 3064 4254 3299 von aussen gleich aussahen? Du und Deinesgleichen...Ihr sucht
1391 3244 4261 3486 in jedem Weib die Cocotte... ich hab in jeder Cocotte das Weib
1395 3483 1817 3626 gesucht!
1391 3534 4345 3773 Daraus folgt nur, dass ich nicht so lange zu suchen brauchte...
833 3619 1273 3809 Baron D.;
1391 3758 3101 3942 Und dass Du Dich häufig geirrt hast!
844 3809 1193 4004 Anatol:
1406 3898 3868 4140 Und Du jedesmal... wie jeder, der die Frauen anbetet!
844 3967 1284 4147 Baron D. :
1413 4096 2466 4298 Ich bete sie nicht an!
840 4129 1200 4320 Anatol:
1406 4180 4176 4444 Oh ja! Du betest das an, was Du in sie hineinträgst. Es ist
840 4305 1083 4499 Max:
1406 4411 2294 4584 Künstlereitelkeit!
1420 4426 4143 4760 Darum begreifen mich auch die Dilettanten der Liebe nicht!
844 4628 1218 4778 Anatol:
1424 4665 3967 4962 Nun, so übe doch Deine Künstlerschaft heute unter us.!
870 4745 1307 4936 Baron D.:
1442 4866 2694 5072 Das kann man nicht immer
866 4921 1218 5098 Anatol:
1446 5013 4206 5237 Vielleicht gibt es doch eine, die Dich heute interessieren
884 5076 1329 5248 Baron D.:
1442 5226 1809 5366 könnte.
