4584 5640
1521 464 1857 668 P.S.
2328 445 3396 747 Monsieur le Comte de la Chine de
3578 472 4185 770 G.C.H.F.P.
1985 645 2325 872 23 -
1328 932 4023 1189 Tränen, an die man sich nicht erinnert, können nicht echt
819 1011 1166 1211 Anatol:
1325 1159 1981 1359 gewesen sein!
1328 1219 4128 1502 Du wurdest ja so zärtlich, wenn ich traurig war, das kannte
815 1321 1136 1506 Berta:
1336 1494 2159 1672 ich schon an Dir!
1340 1645 1925 1845 Und darum
826 1645 1181 1811 Anatol:
1340 1781 4166 1993 Nun, ist das etwa auch schlecht von mir, dass ich Dich zärt¬
842 1811 1143 2000 Berta:
1359 1962 2245 2140 lich haben wollte?
1359 2087 4004 2279 Also kokett, verlogen, eine Komödiantin...das alles bist
853 2019 1193 2310 Anatol:
1355 2268 1913 2464 Du gewesen?
1370 2366 3849 2577 Du hast es mir schon tausendmal gesagt, schon damals!
838 2476 1155 2645 Berta:
1370 2551 3155 2781 Ja, nur dass ichs nicht geglaubt habe!
868 2604 1196 2811 Anatol:
1377 2691 4212 2891 Aber, Schatz! Nicht wahr, schön wars damals, doch... und darum
868 2781 1166 2985 Berta:
1366 2861 3359 3072 hab ich Dir Deine Lagweile gern verziehen!
1385 3030 2755 3261 Wie? Langweilig war ich auch?
864 3087 1208 3279 Anatôl:
1381 3177 4298 3434 Nun ja, weisst Du.. es hat so Momente gegeben... Du hast solche
864 3249 1177 3389 Berta:
1374 3347 4227 3551 Launen gehabt! Und dann hast Du Dir den Kopf zerbrochen über
1385 3479 4351 3736 lauter alte Geschichten... und über alles hast Du gleich hundert
1385 3630 4155 3906 Mal reden müssen...Manchmal war es ganz verdreht, ganzver-
1396 3872 1793 4053 rückt...
1404 4027 1751 4185 So.!!
887 4034 1242 4185 Anatol:
1411 4162 3940 4332 Oh, manchmal auch sehr schön, oh ja, sehr poetisch....
887 4204 1200 4362 Berta:
1396 4310 3404 4468 Das meiste aber langweilig und lächerlich!
906 4306 1249 4506 Anatol:
1400 4438 4332 4630 Oh, was Du meintest, hab ich schon gewusst, immer.. auch wenns
906 4517 1200 4710 Berta:
1400 4664 2155 4872 ein Unsinn war.
1408 4785 4362 4959 Also diese eigentümlichen, träumerischen Blicke, aus denen mir
898 4827 1260 4970 Anatol:
1419 4895 4453 5102 ein süsses Einverständnis entgegenzuträumen schien, es war nicht?
1419 5125 2125 5344 als Fremdheit?
