4616 5640
3708 310 4240 579 1-1-11:-1-10
1904 314 2107 506 G.C.F.
1760 439 2221 642 S. R.
1435 351 1720 668 B
3339 284 3513 579 f
2262 328 3247 638 17/5 (1)5/15
1815 635 2111 893 - 10 -
1255 897 2893 1148 ganz neu- wird eben erst lanciert!
1266 1026 3218 1351 Fräulein Hanischek?! Das ist ja greulich!
1280 1203 4007 1483 Ist nur vorläufig ihr Kosename. Sie heisst nämlich so! Nun
701 1122 937 1384 Max:
1284 1373 4092 1653 will aber der Zufall, dass ihr Vorname noch ärger ist. Ratet
708 1354 1148 1572 Baron D.
1288 1635 1871 1801 einmal. Na
1251 1686 3207 1919 Wie soll man denn einen Vornamen erraten?
1288 1823 4133 2085 Barbara! Und dabei hat sie noch keinen nom de guerre...Heute
738 1834 1089 1974 Anatol:
734 1993 1184 2133 Baron D.:
1317 2074 2642 2262 dürfte sie getauft werden.
1325 2162 3299 2428 (noch ganz erschrocken) Barbara! Barbara!!
742 2251 1004 2461 Max:
1325 2258 4092 2546 Ja, was sagt Ihr? Barbara! Möchte nur die Liebhaber kennen,
1343 2480 4022 2742 die sich bisher mit dem Namen behelfen mussten! Und denkt
768 2446 1273 2686 Baron D. :
1288 2620 4177 2863 Euch, der arme Fritz-Walten, der sie jetzt hat...dem ist noch
1332 2804 4177 3059 kein anderer Name eingefallen, dem armen Teufel! Er muss sie
1339 2941 4207 3280 noch immer Barbara nennen! Nun, fragt Ihr mich gar nicht, wer
1354 3221 1974 3373 noch da ist?
1369 3284 3136 3594 Ja, bitte sehr, wer ist denn noch da?
827 3365 1033 3576 Max:
1387 3476 3136 3731 Zuerst sagt mir, ob Ihr kommen wollt.
1380 3583 4351 3882 Was mich anbelangt, lieber Baron, mir fehlt wirklich die Laune.
830 3594 1258 3756 Baron D.:
1391 3756 4148 4022 Wie? Und das soll ich wirklich glauben, dass Dir zu so was
834 3738 1196 3919 Anatol:
827 3904 1273 4077 Baron D.:
1391 3982 2945 4214 überhaupt die Laune fehlen kann?
1406 4015 4284 4306 Aber ist es dann gar so unbegreiflich, dass man gerade einmal
860 4210 1214 4369 Anatol:
1402 4269 2679 4509 nicht in der Stimmung ist?
1413 4487 2070 4675 Ah. blasiert!
856 4428 1314 4679 Baron D.:
1417 4446 4081 4830 Ich habe keine Lust, mich zu unterhalten, mir fehlt Dein
867 4716 1218 4856 Anatol:
1435 4790 2498 4952 Talent zum Lustigsein.
1450 4893 3251 5103 Wie lustig hab ich Dich schon gesehen.
871 5018 1339 5140 Baron D. :
