4600 5624
3277 326 3511 689 1er
2474 418 3130 685 '̃ ̃:̃.
1840 491 2140 766 25 -
1217 729 3852 1048 von einem Mann empfangen, was sie es ja! Das Erlebte ist
1228 924 3826 1217 ja so zufällig! Ihr erster Liebhaber darf auf sie nicht
1235 1136 2646 1393 stolzer sein, als ihr letzter!
271 1224 806 1433 verstorbenen Freund
1246 1330 2576 1528 Nun ja...Willst Du nun fort?
1246 1400 3988 1635 Aber muss sie denn jetzt die Wahrheit gesprochen haben? In
740 1400 942 1525 Max:
748 1536 1085 1767 Anatol:
1253 1539 4017 1832 diesem Weibe haben sich die Erinnerungsbilder mit der Zeit
1272 1712 3999 1957 vielleicht verändert, verschoben, verfälscht! Sie hat mich
1268 1840 4145 2107 damals vielleicht wirklich verstanden und weiss es heut nicht
1268 2100 1539 2331 mehr!
1283 2199 4053 2500 Ja sag, was bist Du für ein Grübler um dieses Weib, das Du
773 2316 1001 2525 Max:
1275 2342 4046 2617 seit zwanzig Jahren vergessen, grämst Du Dich in diesem Au¬
1312 2573 2203 2785 genblick von neuem?
1308 2683 4251 2884 Es ist dumm... es ist krank! Aber mein Leichtsinn ist so schwer¬
810 2793 1147 2998 Anatol:
1319 2811 4130 3071 mütig geworden. Ich schleppe alle meine Erinnerungen mit mir
1323 3024 3705 3280 herum... und an manchen Tagen streue ich sie aus....
1327 3211 2657 3438 Wie einen Sack von Perlen...
825 3255 1034 3478 Max:
1338 3368 2232 3595 Und lauter falsche!
825 3441 1169 3592 Anatol:
1341 3507 2771 3749 Wenn aber eine davon echt war?
1341 3603 4123 3907 Was hilfts ihr? Sie muss mit den andern den Fluch des Miss-
847 3614 1045 3801 Max:
847 3753 1184 3903 Anatol:
1356 3760 4130 4053 tra###ens tragen! Man kennt sie nicht auseinander, unmöglich!
1363 3914 4068 4244 Und wer weiss, vielleicht hab ich einmal das Weib geliebt,
1374 4097 4189 4380 das mich wirklich verstanden und durfte glücklich sein...und
1378 4292 3331 4493 hab es nicht gewagt... Kommst Du mit mir?
1393 4453 2855 4702 (Sie gehen die Treppe hinunter)
1389 4629 3148 4863 (Rasch hereinstürzend, sieht sich um)
883 4695 1279 4874 Annette:
1415 4790 2558 5010 (ihr nach) Wohin, wohin?
883 4860 1286 5065 Flieder:
1396 4948 2595 5153 Bist Du schon wieder da?
902 5025 1301 5171 Annette:
