4568 5624
221 346 394 596 14/1
1870 652 2135 854 4
1307 850 4046 1174 Du hast sie ja nie gehabt, diese Illusion! Glaube doch das
758 1053 979 1193 Max:
1307 1068 3696 1314 nicht! Immer warst Du ein Virtuose der Eifersucht!
1333 1215 4145 1513 Mag ja wohl sein! Ich redete so ins Blaue... es fiel mir nur
780 1333 1134 1502 Anatol:
1336 1399 4105 1642 ein..! Hast Du übrigens etwas dagegen, wenn ich das Gegen-
1333 1528 3902 1819 teil von dem behaupte, was ich vor einer Minute sagte?
1347 1756 2363 1977 Oh, ich erwartete es!
780 1833 1016 1984 Max:
1347 1877 4046 2087 Zuweilen möcht ich doch wieder geliebt werden! Dass alles
803 1958 1149 2131 Anatol:
1351 2021 4252 2290 aus ist, mein lieber Max, das ich ja ganz einfach, nicht wahr¬
1355 2183 3350 2433 Ist Deine Sehnsucht noch immer nicht müde?
806 2297 1031 2477 Max:
1366 2312 4211 2558 Wie könnte sies sein? Ich habe nur die Kunst verstanden, mit
810 2474 1163 2658 Anatol:
1384 2500 4263 2750 einem ganz geringen Aufwand von äussern Ereignis sen möglichst
1380 2669 4064 2963 viel zu erleben... und daher kommt es, dass mir zu mancher
1395 2805 4351 3066 Zeit meine ganze Vergangenheit so armselig- und manchmal wieder
1399 3011 2912 3225 so merkwürdig reich erscheint...
1406 3159 4064 3376 Unsere entsetzliche Gewohnheit immerfort Maasse haben zu
839 3265 1060 3405 Max:
1399 3383 1767 3552 wollen!
1403 3449 4230 3729 Ein Unrecht, Du hast Recht! Und auf die Erinnerung kann man
858 3490 1211 3733 Anatol:
1425 3626 4101 3854 sich gewiss nicht verlassen... sie lügt, sie hat)Launen...
1414 3777 4193 4027 und dann, was wissen wir eigentlich selbst von unsern Aben-
1439 3898 4204 4171 teuern? Wir und die Frauen- wir sind eben mit unserer Sehn-
1428 4086 4160 4348 sucht auf ganz verschiedenen Wegen! Ich fragte jede: Hast
1443 4237 4274 4487 Du keinen geliebt vor mir? - Jede fragte mich: Wirst Du keine
1450 4440 4366 4664 lieben nach mir?... Wir wollen immer ihre erste Liebe bedeuten,
1450 4602 2636 4848 sie immer unsere letzte!
1443 4841 1866 5021 Ja...ja!
895 4826 1156 5014 Max:
