4568 5640
1779 438 1940 595 in
1775 617 2069 836 18
1266 900 3708 1144 Einen Augenblick, Berta! Ich muss Dich etwas fragen!
710 1026 1072 1216 Anatol:
1266 1072 3213 1291 Ja... was hast Du denn, mein alter Anatol?
714 1198 1026 1327 Berta:
1277 1237 3500 1452 Wie lange schon habe ich Dich nicht gesprochen!
732 1348 1072 1492 Anatol:
1277 1442 2249 1625 Weisst Du noch wann?
721 1531 1083 1678 Bertha:
1298 1567 3281 1797 Das letzte Mal var vor Jahren und Jahren.
739 1650 1087 1836 Anatol:
1302 1743 2417 1958 Aber was fällt Dir ein!
739 1811 1047 2008 Berta:
1302 1847 4164 2102 Nun ja...freilich haben wir unagesehen... auch gesprochen... ja,
764 1947 1101 2112 Anatol:
1313 2048 3346 2284 ja...aber waren wir auch wirklich wir zwei?
1309 2241 1660 2431 Wieso?
764 2256 1083 2439 Berta:
1320 2310 4167 2596 Wir haben geplaudert wie gute Bekannte, die ihr ganzes Leben
778 2482 1130 2650 Anatol:
1327 2503 4081 2733 lang aneinander vorübergegangen sind..es war uns ja beiden
1338 2593 4217 2865 aus dem Gedächtnisse entschwunden, was wir uns einmal gewesen
1338 2916 1696 3055 sind.
1359 3009 2905 3203 Oh, ich weiss es noch sehr gut...
789 3016 1115 3249 Berta:
1356 3181 2485 3375 Du erinnerst Dich noch?
803 3246 1155 3382 Anatol:
1359 3296 3855 3497 Aber Närrchen... ich habe noch hie jemanden vergessen!
807 3428 1119 3565 Berta:
1359 3446 4221 3665 Wie jung, wie jung waren wir damals! Und ich weiss nicht, wir
821 3561 1169 3730 Anatol:
1370 3611 4196 3830 es kommt... mir ist, als sähe ich Dich heute wieder das erste
1388 3748 4196 3999 Mal nach unserm letzten Kuss!.. In dieser ganzen langen Zeit,
1384 3913 4196 4131 die dazwischen liegt...was ist eigentlich mit Dir geschehen?
1395 4128 2969 4343 Na, es ist mir ganz gut gegangen.
839 4146 1166 4339 Berta:
1395 4196 4203 4465 Ich habe Dich freilich da und dort wiedergfunden. aber was
843 4350 1201 4494 Anatol:
1395 4386 4185 4641 ist mit Dir geschehen? Weisst Du, dass mir kaum jemals ein¬
1420 4576 4153 4802 gefallen ist, wenn ich Dir begegnete.. das... das war einmal
1409 4763 2202 4967 meine Geliebte
1417 4910 2410 5121 Sehr schmeichelhaft!
861 4971 1183 5143 Berta:
1431 5067 4146 5240 Eigentlich ists ja gut. denn ich habe Dich ganz ernstlich
871 5121 1223 5293 Anatol:
