4600 5640
1275 322 1750 599 Votre très-Monsieur
1969 581 2269 775 6 —
1224 702 4063 994 Du denkst also, die kleine Annette spielt dem Flieder gegen
658 786 899 987 Max:
1220 921 2306 1162 über die Sentimentale?
1253 1056 3986 1275 Spielt?— Ist!! - Die Weiber bilden sich ja selbst nur ein,
694 1151 1045 1356 Anatol:
1246 1202 4081 1465 dass sie Komödie spielen, weil sie sich verwundern, bald so,
1250 1330 4015 1641 bald anders zu sein. Es ist häufig gar keine Spur einer Ko-
1268 1447 4209 1750 mödie dabei.- Sie lügen nicht einmal so oft, als wir glauben...
1279 1622 3913 1915 die Wahrheiten wechseln nur für sie mit jeder Minute...
1282 1863 3431 2079 Wie still es hier ist! Das tut wirklich wohl!
1293 1944 4129 2269 Ja, es tut einem förmlich leid, dass man nichts zu verwinden
731 1980 939 2112 Max :
745 2050 1100 2280 Anatol:
1290 2141 4085 2422 hat! Das wäre der rechte Abendfrieden, über manchen Schmerz
1293 2393 2039 2558 hinwegzukommen!
1315 2444 3632 2707 Wer ist denn je über einen richtigen weggekommen?
756 2580 983 2755 Max:
1319 2638 4052 2835 Ach, über jeden! Das ist so banal, so oft hab ichs erlebt,
767 2726 1114 2886 Anatol:
1319 2759 4246 2992 dass ich schliesslich auch ein Misstrauen gegen meinen Schmerz
1348 2989 3226 3219 bekam! Es war mein letzter und tiefster!
1337 3135 3376 3372 So wird der Trost selbst wieder Schmerz....
778 3215 1001 3398 Max:
1356 3212 4005 3522 Ists nicht etwa nicht wahr? Denke doch, was ein einsamer
793 3372 1144 3577 Anatol:
1363 3387 4246 3712 Spaziergang, eine Stunde der Überlegung, ein Gedicht, mit dem
1363 3562 4184 3866 man sich etwas von der Seele schrieb, zuweilen ver-
1363 3851 1717 4030 mochte!
1385 3844 4184 4187 Oh, mit der Einsamkeit scheint es nun für uns vorbei.hörst
822 3983 1041 4176 Max:
1381 4151 1608 4363 Du?
1414 4333 1779 4447 ....?
848 4341 1187 4487 Anatol:
1425 4392 3135 4629 (schaut übers Geländer) (Wagenrollen)
1410 4531 4158 4859 Da biegen sie auch schon um die Ecke und rasen her, direkt
848 4509 1071 4677 Max:
1403 4812 1644 4995 her!
1429 4881 2777 5155 Wie viel Wagen sind es denn?
873 4973 1231 5181 Anatol:
1425 5086 4315 5254 Zwei...drei....Herrgott, die rasen aber! Da kommt noch einer
870 5141 1092 5320 Max:
