4600 5640
883 353 1113 594 G. A. M.
3951 357 4205 572 1.° 1.?
1880 654 2099 859 12
1307 901 2467 1120 Das Fräulein Hanischek?!
749 997 965 1124 Max:
1315 1053 4106 1258 Oh nein! Etwas ganz besondres... ein Mädchen, jung und schön
742 1134 1191 1283 Baron D.:
1311 1237 3477 1399 wie eine Göttin! Heut das erste Mal unter uns!
1541 1382 1749 1481 Ce nouvelle
1318 1438 1710 1604 Allein?
753 1438 975 1608 Max:
1318 1537 2926 1760 Oh nein... mit ihm... mit Flieder!
767 1580 1205 1774 Baron D.:
1332 1735 1770 1926 Mit wem?)
763 1785 1120 1965 Ahatol:
1329 1823 2735 2074 Mit dem Flieder von der Oper!
781 1936 1201 2071 Baron D. :
1353 2046 1965 2244 Ach, Annette!
784 2074 1138 2226 Anatol:
1350 2134 4004 2403 Ja. Er...eifersüchtig wie ein Narr- zum Totlachen- sie...
781 2205 1201 2438 Baron D.
1339 2332 2527 2551 entzückend, naiv beinahe!
1360 2509 2272 2675 Grüsse sie von mir!
806 2530 1148 2721 Anatol:
1360 2633 4103 2838 Also auch das zieht nicht? Ja, womit soll man Dich denn ei¬
792 2714 1237 2866 Baron D.:
1360 2795 4032 2986 gentlich locken? Sag Max, ist er etwa ernstlich verliebt?
1378 2958 4177 3163 (zu Anatol) Oder sehnst Du Dich nach etwas ganz Wunderbarem,
1368 3113 4209 3290 Unberührten... nach einer, die noch nichts, gar nicht vom Le¬
1364 3279 4127 3484 ben und der Liebe weiss? Hab ich nicht Recht, Max? Na warte
1368 3421 3721 3601 Das nächste Mal bringen wir Dir eine Jungfrau mit!
1378 3594 3806 3756 Nicht nötig. Ich mache mir meine Jungfrauen selber!
827 3668 1177 3824 Anatol:
1392 3778 3795 3926 Oh, das dürfte manchmal seine Schwierigkeiten haben
827 3827 1258 3965 Baron D.:
1392 3912 3590 4096 Ist das nicht der einzige Ehrgeiz in der Liebe?
848 3933 1184 4170 Anatol:
1396 4089 3046 4251 Nein, nur der einzige unerfüllbare!
827 4131 1046 4322 Max:
1392 4205 4032 4431 Die andern alle zu Vergessenen machen, zu nie Gewesenen.
845 4283 1191 4460 Anatol:
1403 4389 4216 4590 Ja, aber denke, wenn diese Mühe nicht einmal notwendig ist.
841 4467 1269 4608 Baron D. :
1399 4548 3622 4799 Wenn man nichts, gar nicht zu verzeihen hat...
816 4636 1071 4788 Max:
1403 4739 2982 4919 Man hat immer etwas zu verzeihen.
848 4774 1201 4979 Anatol:
1414 4880 2756 5082 Auch wenn man der Erste ist?
852 4951 1071 5078 Max:
1421 5018 4258 5223 Ja, dass es vielleicht ein anderer hätte sein können! Ja man
852 5103 1205 5251 Anatol:
