4488 5576
2956 282 3560 528 11 " " "
390 325 596 528 b/
903 311 1333 528 G.C.H.F.P.
2042 293 2212 560 17
1460 318 1850 520 19/5/18
2313 564 2501 846 xx
1211 846 4018 1073 während ich ja bisher an den Dingen nur ihre Beziehungen zu
1229 1077 2190 1290 den Menschen liebte.
1229 1207 2858 1442 Also mit uns Armen bist du fertig?
661 1146 903 1424 Max;
1236 1370 3990 1641 Oh nein! Meine Freunde — Dich ganz insbesondere - lieb ich
679 1438 1041 1644 Anatol;
1232 1586 1782 1771 noch immer.
1247 1619 4015 1944 Glaub doch das nicht! Ich bin immer nur für die Stichwörter
701 1785 903 1915 Max:
1243 1912 1753 2053 dagewesen.
1243 1998 4149 2219 Wenn es so war... das ändert sich jetzt, mein Lieber. Ich fürch¬
697 1966 1044 2237 Anatol:
1276 2175 4163 2367 te, auch das ist ein Zeichen nahenden Alters. Ich interessiere
1258 2295 4156 2508 mich in der letzten Zeit auffallend für die Meinungen anderer.
1265 2526 1456 2710 Ah!
705 2526 940 2696 Max:
1268 2667 3213 2848 Ich kann zuhören, ich werde aufmerksam.
723 2725 1088 2884 Anatol:
1268 2765 3953 2981 Hast Du mich darum nach so langer Zeit wieder aufgesucht?
726 2902 932 3057 Max:
1283 2949 4011 3184 Ich hatte ein so tiefes Bedürfnis wieder mit Dir zu reden!
726 3025 1088 3238 Anatol:
1290 3090 3881 3307 Mir ist, als hätte ich Dir ein Testament vorzuplaudern!
1283 3274 4055 3527 Ach geh... was ist das für eine neue Pose! Sentimentalitäen!
734 3317 954 3476 Max:
1294 3404 4120 3657 Nein....es ist so ernst......das Ende, mein Lieber! Mein Herz
734 3516 1077 3664 Anatol:
1312 3614 2822 3827 setzt seinen letzten Willen auf!
1315 3784 2566 3982 Machts Dich melancholisch?
744 3841 965 3968 Max:
1312 3910 4134 4116 Nein, o nein.- Ich will nicht mehr geliebt werden - ich will
744 3961 1099 4138 Anatol:
1301 4109 1662 4308 nicht —
1305 4239 3382 4488 Na, Du würdest Dich drein zu ergeben wissen.
755 4333 987 4438 Max:
1330 4405 3881 4608 Nein... ich will nicht meine letzte Illusion verlieren!
770 4481 1113 4636 Anatol:
1315 4582 1948 4767 Welche denn?
766 4608 979 4810 Max:
1330 4687 4058 4907 Dass die Jungen von uns nichts zu fürchten haben! Das ist
770 4803 1153 5005 Anatol:
1330 4850 3643 5139 eine von denen, die ich mir mühsam erhalten habe.
