4504 5560
2794 276 3074 447 11
2360 250 2715 552 G.C.
1174 263 1498 486 1.,
1778 333 2198 613 11 8bre
3372 307 3985 600 B.C.R.S.
534 267 1130 600 #
1690 560 2071 744 - 2 -
696 810 4094 1082 (Die Gartenseite eines freundlichen Gasthofes, dessen Front den grössten
692 1029 3998 1248 Teil des Hintergrundes einnimmt. Eine breite Terrasse läuft der ganzen
692 1191 4147 1397 front des Gasthofes entlang; zu derselben führen von der Szene, die einen
714 1314 4050 1589 Garten vorstellt, zwei Treppen hinauf. Im Hintergrund, soweit derselbe
705 1498 4151 1738 nicht durch das Haus gedeckt ist, eine anmutige Hügellandschaft, die eben
714 1607 3972 1905 in Dämmerung zu versinken beginnt.- Während die eine Seite des Hauses
709 1769 4063 2014 in die Kulisse gerückt ist, steht die andere frei - und an dieser Seite
718 1966 4239 2211 läuft eine Pappelallee, die direkt an dem Gitter des Gartens vorüberführt..
722 2128 4225 2382 Auf der Terrasse stehen, ebenso wie im Garten, einzelne Tische mit Stühlen,
722 2277 4020 2492 die alle leer sind. Anatol und Max sitzen an einem der Tische, die auf
722 2461 2706 2649 der Terrasse stehen, Zigaretten rauchend.)
1270 2583 4077 2820 Erinnerst Du Dich noch, mein lieber Max, wie wir das letzte
727 2697 1082 2886 Anatol:
1292 2785 1975 2964 Mal da sassen?
1292 2894 2956 3161 Das ist schon lange her, glaub ich!
709 2859 941 3170 Max :
1287 3105 4164 3284 Ja. Ich brauchte damals zufällig diese Dekoration... mit ihrer
727 3140 1099 3367 Anatol:
1300 3280 4169 3433 Anspruchslosigkeit und Milde...ich brauchte diese Landstrasse
1296 3385 4186 3608 mit den trialen Pappeln...diese Wiesen da drüben, mit ihrem
1300 3556 4116 3761 lauen Grün..die nahen Hügel, die im Abendrot verschwimmen...
1314 3757 1822 3958 Und heute?
744 3818 972 3980 Max:
1300 3849 4015 4094 Heut lieb ich diesen Hintergrund um seiner selbst willen
749 3915 1103 4155 Anatol:
1318 4072 2238 4269 Deine letzte Liebe?
758 4134 972 4282 Max:
1305 4116 4247 4458 Nein. nur eine neue Art von Liebe, die eben jetzt an die Reihe
758 4269 1112 4458 Anatol:
1314 4405 3306 4598 kommt, die Liebe für die Dinge als Dinge -
1336 4532 1695 4768 16/2/3
758 4576 985 4760 Max:
1309 4681 4252 4922 Für die Natur als Natur.. für die Hügel als Hügel... für sie Zi-
758 4738 1117 4922 Anatol:
1314 4865 4234 5123 garren als Zigarren.. für den persischen Divan als Divan......
