4584 5640
3636 281 3953 535 11
3178 565 3455 783 L.S.
1259 897 3975 1174 Da habe ich neulich das kleine Mädel gesehen, die Annette,
1259 1034 3961 1329 weisst Du, die mit dem Violinspieler herumläuft...Reizend
694 1026 1034 1222 Anatol:
1262 1296 1953 1502 sag ich Dir...
1288 1473 1739 1657 Nun, und?
1281 1473 4108 1823 Dieser Flieder ist jung, liebenswürdig, begabt... und ich....
705 1547 949 1746 Max:
1288 1639 4075 1971 nun alles mögliche andere, aber keinesfalls mehr jung, fast
738 1698 1074 1942 Anatol:
1288 2008 1654 2148 grau...
1310 2049 2750 2322 Nun, was ists mit der Annette?
768 2097 971 2359 Max:
1325 2278 2056 2444 Sie kokettiert!
753 2333 1130 2525 Anatol:
1344 2440 4075 2765 Mit mir...ich bitte Dich, mit mir! Es ist verstimmend! Sie
1329 2433 1513 2632 Na?
768 2506 997 2628 Max:
1355 2628 4001 2909 geht mit dem jungen Menschen spazieren, weisst Du, so an
779 2643 1137 2809 Anatol:
1366 2809 4175 3067 seinem Arm hängend, in der Art ganz junger Frauen...mit ver¬
1377 2953 4079 3234 zückten, stupiden, unmoralischen Augen. Ich komme vorüber
1377 3123 4252 3414 und..die Augen hören auf verzückt zu sein, sie fixieren mich,
1384 3304 4201 3558 sie sind nicht mehr stupid, sondern süss und schlau. nur un-
1388 3507 2529 3713 moralisch bleiben sie...
1403 3558 3710 3880 Wieso Du mir nur plötzlich von Annette erzählst?
1406 3743 4193 4023 Es fuhr mir so durch den Sinn. Ich denke, wie es gar keine
838 3765 1067 3931 Max:
1429 3920 4234 4193 Möglichkeit gibt, sich sicher zu fühlen! Wir wissen nämlich,
853 3913 1211 4068 Anatol:
1421 4038 4352 4367 wenn wir eine Frau noch so gut kennen, doch immer nur, wie sie
1436 4223 4256 4503 uns liebt, nie... wie sie einen anderen lieben könnte! Darum
1451 4389 4322 4681 ist es auch keine Gewähr, wenn uns eine mit Tränen im Auge in
1443 4525 4289 4832 hinschmelzender Zärtlichkeit anschwärmt, was uns so oft ver-
1469 4728 4441 5002 trauensselig macht... Sie betet vielleicht zugleich einen andern
3706 4821 3920 4950 und
1476 4876 4178 5153 an, als eine ganz andere...leichtsinnig, graziös) wild...
