4520 5592
3104 448 3395 620 1901.
504 467 1341 859 Arthur Schnistler
941 979 3672 1262 Ein Herr kommt zu dem Polizeikommissär. Es wird in einer
814 1094 3821 1397 Stunde eine Dame kommen und Ihnen mitteilen, man hat ihr einen
829 1251 3440 1501 Schmuck gestohlen. Es ist ein hypnotisches experiment.
1020 1401 2760 1617 Das ist sehr interessant. Ich danke.
1023 1487 3933 1726 Die Dame kommt; der Kommissär lächelt. Diei Dame erzählt von
844 1677 2047 1845 dem gestohlenen Schmuck.
852 1707 3855 2043 Er sagt den Mann: Wecken Sie sie auf. (Der Mann ist mit ihr ge-
859 1950 1277 2103 kommen.)
1113 1950 3164 2178 Ja, aber warum denn? Sie schläft ja nicht.
1098 2065 3645 2290 Ja, richtig, nur der Hypnotiseur kann sie aufwekken.
1106 2133 3784 2525 Endlich merkt der Kommissär, dass er einem Gauner aufge-
878 2394 1460 2562 sessen ist.
