6090 3992
672 675 985 879 G.C.H.F.P.
301 693 491 891 G.C.F.P.
199 979 1415 1211 Javk'i mi te samt.as i w nennd
205 1174 1521 1319 tid asraI aanid al) les angyf de
108 1289 1731 1512 niss Jniiqw suimagdmoiitg doob's aaum e
235 1463 1713 1659 Von 'tään ettäisä ni 'te aaab
175 1611 1750 1828 mmois, huos i ous raho tiaiiwiiw nota
310 1765 1527 1951 2) Jnoam arb huobacu.noge
187 1909 1087 2108 nebriamii auslau (J.HoeK
449 2060 900 2246 Monsieur M r de
120 2258 1036 2460 Tiedede Jhole xxx
358 2397 1114 2575 même russeur avec
497 2535 1201 2725 Le selb 1er 3e bmj
533 2677 1223 2879 .H..S. r.a.
241 2828 488 3005 Holland
268 3150 1274 3379 G.J.H.F.G.L.S.
262 3330 1229 3553 No.6 nie.̃'
4405 271 4628 437 -16-
3342 551 5556 753 lant oder gar ein Schwindler sein. Welche von diesen ge-
3318 699 5664 897 genständlichen Geistesverfassungen ist ihm dann wesentlich!
3782 864 5676 1063 Aus dem ergibt sich, dass ich nicht an die Ein-
3324 1042 5616 1229 heitlichkeit der Geistesverfassung glauben kann. Man kann
3318 1204 5538 1379 zwar immer behaupten, dass eine der Geistesverfassungen,
3324 1367 5739 1506 die sich in einem Individuum erkennen lassen, die wesentliche
3330 1533 5586 1683 sei und die andere nur Beimischungen darstellen. Aber die
3336 1656 5562 1855 obigen Beispiele dürften solche Behauptung doch wohl als
3324 1828 5655 2002 zu gewollt erscheinen lassen. Gewiss wird sich oft ein vol-
3318 1951 5658 2165 les Prädominieren einer Geistesverfassung konstatieren las-
3318 2129 5595 2331 sen. Aber als Prinzip kann man das nach meiner Anschauung
3330 2283 4035 2496 nicht hinstellen.
3903 2439 5661 2599 Und so ist es wohl auch mit der Unwandelbar-
3318 2481 5652 2782 keit. Diese ist allerdings recht schwer zu beurteilen, weil
3324 2758 5616 2918 wir wenige Individuen so genau kennen, um darüber aussagen
3324 2891 5610 3068 zu können. Wir sind diesbezüglich grossenteils auf Selbst-
3324 3056 5694 3204 beobachtung angewiesen, und diese muss natürlich je nach den
3318 3186 5520 3412 individuellen Verhältnissen zu verschiedenen Resultaten
