6520 3992
4919 362 5090 528 -10-
3742 670 5934 823 aus gesehen, ist dies unmöglich. Möglih ist nur die Er-
3736 806 5957 983 kenntnis, ausgehend von einer bestimmten Einstellung des
3736 1006 5960 1162 beurteilenden Individuums. Und damit ist das Auseinander-
3736 1128 5371 1319 streben der Ansichten von selbst gegeben.
4076 1293 5980 1478 Sie haben es abgelehnt, Beispiele zu geben. Aber
3742 1438 5971 1603 ich kann meine These doch wohl auch leichter durch belie-
3736 1586 5974 1789 bige Beispiele stützen. Nehmen wir z. B. Bismarck. War er
3742 1725 5957 1890 ein Staatsmann oder ein Politiker? Heute, da er mehr als
3736 1928 5945 2078 dreissig Jahre tot ist, vermöchte einer, der objektiv zu
3748 2087 5977 2244 urteilen sich bemühen wollte, es nicht sicherer zu sagen,
3731 2238 6018 2397 als da er lebte und wirkte. Shakespeare? Für Voltaire war
3731 2377 5974 2542 er doch wohl ein Literat? War Sokrates Philosoph oder So-
3731 2505 5980 2699 phist? Welchen Typus repräsentiert Seipal (den ich nicht
3736 2667 5957 2841 persönlich kenne): Wenn wir unseren Zeitgenossen glauben,
3731 2794 5963 3015 ist er mindestens entweder Staatsmann oder Priester oder
3731 2954 5896 3163 Philosoph oder Pfaffe oder Sophist oder Politiker. War
3725 3139 6058 3307 Battisti ein Held oder ein Hochverräter? Was war Lenin? Was
3742 3281 4247 3507 ist Trotzki?
