6472 4056
463 1365 797 1487 G.C.H.F.P
466 1478 1036 1679 G.C.H.F.P
553 1621 1129 1827 G.C.H.F.P.S
4775 332 4956 530 -7-
3710 579 5791 803 ist oder umgekehrt. Das lässt sich aus der Erfahrung
3728 794 5893 966 ohneweiters demonstrieren. Ist Moloch, ist Vitzliputzli
3728 946 5855 1088 Gott oder Teufel? Wir wissen, dass die Meinungen darü-
3722 1115 5998 1251 ber je nach dem Wandel der Voraussetzungen in historischer
3722 1225 5901 1429 Zeit sehr verschiedene waren. Dasselbe gilt von manchen
3722 1397 5867 1598 indischen Gottheiten, und es ist uns bekannt, dass das
3728 1534 6038 1679 Christentum eine Unzahl antiker Götter, klassische und nor-
3722 1711 6062 1871 dische in Teufel verwandelt hat. Ich weiss sehr wohl, dass
3722 1862 5884 2049 Sie bei Ihren Diogrammen nicht an bestimmte Götter oder
3722 2005 5916 2206 Teufel sondern an die absoluten Begriffe Gott und Teufel
3710 2180 5957 2348 gedacht haben. Aber woher diese Begriffe nehmen, wenn wir
3704 2351 5887 2511 sie nicht aus der Erfahrung gewinnen können? Suchen wir
3716 2482 5986 2680 sie in unserem Busen, dann hängt es eben von dem Busen ab,
3716 2631 5939 2826 was dabei herauskommt. Gott und Teufel sind dann eben nur
3704 2764 5951 2994 das, was unsere Ideale aus ihnen machen. Und diese Ideale
3710 2959 5948 3108 wechseln von Zeit zu Zeit, von Ort zu Ort, von Gruppe zu
3704 3128 5814 3253 Gruppe, von Individuum zu Individuum. Auch in unserer
3707 3248 6006 3443 Mitte gibt es z. B. unter anderen den Gott des alliebenden
