6536 4072
4792 380 4961 524 -8-
3735 646 5867 823 Pazifismus und den Gott, der Eisen wachsen liess; den
3746 806 5838 1017 Christengott und den Judengott; den Gott der Dichter;
3738 971 5838 1165 den Gott der Philister - und sicherlich auch den Gott
3726 1130 4190 1344 der Diebe,
4117 1286 6047 1484 Prophet und Tückehold? Mit ihnen verhält es sich
3738 1434 5995 1594 notwendigerweise ebenso. Welche Unterschiede zwischen Mo-
3738 1605 6012 1776 ses, Jesus und Moharmed! Und wie spiegeln sie sich in den
3726 1724 6035 1927 Meinungen ihrer Anhänger und ihre Widersacher! Jenen sind
3735 1898 6030 2080 sie die erhabenen Propheten, gottgleich oder doch das Ver-
3738 2060 5925 2243 bindungsglied zur Gottheit, diesen sind sie Incarnation
3746 2222 5972 2390 Tückebalds. Anderen wieder sind sie weder das eine, noch
3738 2364 5998 2524 das andere. Denken wir an Jan van Leyden, oder denken wird
3738 2527 5995 2683 an den uns näher stehenden Nietzsche! Ist er ein Prophet,
3746 2660 5963 2857 der uns zu Gott emporführt, oder ein Tückehold, der uns
3746 2831 5963 3028 dem Teufel ausliefern will! Die Ansicht darüber ist heu-
3758 2958 6082 3158 te, da sein Wirken doch schon Jahrzehnte zurückliegt, nicht
3732 3152 4572 3289 geeinter als vordem.
4158 3283 5940 3477 Wie könnte es nun bei den eigentlichen Typen
