6536 4072
4804 371 4965 529 -9--
3746 673 6003 868 an der Spitze und an den Seiten der Dreiecke anders sein?
3752 845 5931 1015 Was ist positiv, was negativ? Jeder von uns hat darüber
3752 978 5966 1130 seine Meinung, aber die Meinngen gehen nach allen Rich-
3766 1130 5937 1300 tungen strahlenförmig auseinander. Können wir mit Recht
3766 1294 5908 1478 behaupten, dass derjenige im Recht sei, der seinen Le¬
3769 1440 6081 1633 benszweck ausserhalb seines Ichs sieht? Wir wissen dass an-
690 1527 1182 1696 G.C.H.P.D.K.
3769 1601 6072 1777 dere ihn für einen Phantasten erklären und dafür ihre Grün-
782 1676 1196 1854 G.C.H.F.P.
3769 1774 5874 1926 de anführen. Haben diese anderen recht! Wir können es
3758 1949 5920 2090 nicht sagen. Denn es gibt keine absolute Wahrheit, und
3775 2084 6046 2228 alles, was sich Wahrheit nennt, ist nur relative Wahrheit,
3769 2196 6043 2424 das heisst Wahrheit, gefunden von einer bestimmten Voraus-
3775 2386 5928 2521 setzung aus. Und da es unzählbare Voraussetzungen gibt,
3763 2550 6029 2708 so gibt es auch unzählbare Wahrheiten, und sie alles sind
3835 2691 5692 2858 cum grano salis - unter einander gleichwertig.
4146 2835 5937 3024 Wie soll also der Typus der Geistesverfassung
3778 2984 5891 3186 entscheidend erkannt werden? Von meinem Gesichtspunkte
