6443 4008
887 864 1187 1082 G.C.H.F.H:
419 1033 1233 1230 dich als ne jdoin doi
489 1195 1321 1399 permetteur et leur dernier
538 1332 1661 1545 . xxx
436 1504 1417 1716 xxx als.nezas!
497 1649 1606 1850 G.H. TodA.naffesamh'hagamme
704 1815 1591 2007 G.H.F.K.Hg.B.G.B
486 1966 1547 2152 J-oV ri o J!o d:o lw r o
509 2126 1262 2315 Monsieur M. D. F.
710 2283 1152 2490 nordestreur de
788 2574 1065 2743 Monsieur
1082 3043 1254 3211 G.H.F.P.
698 3203 1187 3383 a e t dolle de
608 3365 1350 3557 G.J.F.H.P. N. Novembam
4663 308 4855 471 -17-
3668 582 5826 809 führen. Aber gerade, wenn ich von den Resultaten meiner
3668 791 5858 960 eigenen Selbstbeobachtung sprechen darf, muss ich sagen,
3668 913 5855 1102 dass meine Geistesverfassung sich in ihrer Wesenheit si-
3665 1082 5951 1274 cherlich gewandelt hat. Ich habe als Kind und als Jüngling
2263 1094 2490 1309 G.H.F.P.
3659 1227 5844 1428 nach meiner Beobachtung dem Typus des Philosophon recht
3674 1379 6012 1574 sehr entsprochen. Ich habe mit einer gewissen Leidenschaft-
3677 1513 5972 1739 lichkeit nach Wahrheit gestrebt, und ich habe, unbeschadet
3691 1675 6027 1911 meines grossen Interesses für sehr viele Zweige des Wissens,
3677 1827 5870 2019 die meisten erworbenen Kenntnisse vorwiegend unter dem
3691 2007 6012 2196 Gesichtspunkte geprüft, in wie weit sie mich bei Erreichung
3697 2147 5960 2365 der Wahrheit fördern könnten. An der Grenze zwischen Jüng-
3700 2318 5835 2467 ling und Mann habe ich das Ziel erreicht. Ich habe das
3697 2426 5893 2659 Bild von Sais entschleiert, ich habe die (für mich gil-
3717 2606 5858 2813 tige) Ur-Wahrheit erkannt. Und seit jenem nun bald vier
3697 2775 5992 2987 Jahrzehnte zurückliegenden Zeitpunkte ist meine Erkenntnis
3709 2929 5867 3092 der Wahrheit unverändert geblieben. Damit musste natur-
3729 3098 5873 3255 gemäss eine völlige Aenderung meiner Denk- und Willens-
3729 3252 5919 3432 Richtung, also meiner Geistesverfassung verbunden sein.
