3395 4174
1748 436 2629 588 Wien, am 6. Juni 1928.
1285 953 2332 1059 Sehr geehrter Herr Doktor!
783 1255 2733 1392 Sie waren so gütig, mir als kostbares Andenken an
561 1392 2852 1510 unsere Reisegemeinschaft "Der Geist im Wort und der Geist
555 1582 2798 1671 in der Tat " und " Buch der Sprüche und Bedenken" zu sen¬
570 1736 2804 1828 den. Ich dankte aufrichtig und behielt mir vor, nach Stu¬
570 1858 2784 1976 dium auf die Werke zurückzukommen. Schwer- und Vielarbei¬
579 2003 2852 2131 ter, der ich bin, komme ich erst jetzt nur teilweisen Ein¬
573 2184 1608 2309 lösung meines Vorbehaltes.
884 2344 2828 2427 Ich hoffe, Sie werden es mir nicht verabeln, wenn
573 2463 2881 2597 ich Ihnen also einige kritische Gedanken zu "Der Geist im
573 2626 2917 2742 Wort und der Geist in der Tat "vortrage. Ich glaube, diese
576 2792 2878 2902 Besprechung nicht nur der Freundlichkeit der Zusendung des
582 2938 2962 3057 Werkes, sondern vielmehr der starken geistigen Beeinflussung
579 3095 2846 3229 die ich durch das Buch erfahren, schuldig zu sein. Es ist
