6440 4120
811 906 1015 1041 G.C.H.F.F:P:H:H.H:F:
1067 906 1268 1029 G.C.H.F.P.
635 1058 1455 1242 Mmai xxxe me me
612 1271 1346 1535 ¬nelanguausz o
589 1501 1527 1705 mondi mi eib ommadieren
598 1627 1294 1823 G.J.C.H.F.S.
632 1808 1331 1952 mais je me même
684 1949 1403 2153 <gap/>
940 2136 1254 2280 n oe r
1075 2297 1274 2475 G.C.F.P.
673 3344 1397 3565 3 1-3-0-7-0 1/2  annobre.
4781 322 5002 506 -15-
3686 575 5799 814 selben Berufes die Zwiespältigkeit nicht oder in viel
3686 845 4936 1021 geringerem Masse vorhanden ist.
4068 926 5894 1133 Der Advokat: Nehmen wir an, dass er im Privat-
3686 1087 5902 1282 leben durchaus positiver Trpus sei ( Im Sinne Ihres Dia-
3703 1230 5983 1438 gramms). Im Berufe muss er doch pflichtgemäss Sophist sein
3697 1406 5946 1578 Ich meine damit, dass er in seinem Berufe natürlich nicht
3689 1532 5948 1754 nach einer absoluten Wahrheit oder auch nur nach dem, was
3694 1731 5960 1903 er für Wahrheit hält, jagen kann, sondern das Recht (und
3709 1880 5943 2061 wäre es auch nur das zweifelhafte Recht) seines Klienten
3714 2004 5946 2202 wahren muss. Er muss oft eine Rechtsanschauung vertreten,
3714 2165 6029 2386 die mit seiner persönlichen Ansicht durchaus nicht überein-
3714 2358 5922 2516 stimmt. Er muss Schwächen des Gegners ausnützen, er muss
3714 2472 5957 2671 die Kunst der Finte anwenden. Und er tut dies als selbst-
3714 2639 5946 2835 verständlich, ohne durch die Möglichkeit, vielleicht ei-
3714 2806 6029 2970 nem Unrechte, einem nur zweifelhaften Rechte zu dienen, ge-
3720 3013 4404 3157 stört zu werden.
4146 3076 5911 3298 Der Arzt: Er kann Naturforscher von höchstem
3709 3252 5974 3464 Range und dabei doch auch ein Geschäftemacher, ein Speku-
