6383 4008
3664 533 5874 736 so hat er sich doch so rasch all das Neue angeeignet, es
3646 724 5918 897 ist so sehr in seinen geistigen Besitz übergegangen, dass
3670 865 5830 1032 er - unbeschadet des lebhaftesten Dankbarkeitsgefühls -
3664 1008 6018 1190 doch so empfindet, als wäre die neue Erkenntnis eine Selbst
3664 1190 5880 1360 verstäglichkeit. Und bei einer Geistesverfassung wie der
3664 1331 5942 1486 meinigen wird die Fülle des Bedeutenden und Bewegenden un-
3664 1460 5956 1656 geachtet aller Bewunderung leicht als gegeben, als Geistig
3676 1621 5948 1844 verdaut hingenommen, und die Tätigkeit des Geistes wendet
3670 1800 5962 1973 sich alsbald demjenigen zu, was den Widerspruch des Lesers
3676 1946 6006 2102 erregte. Diese Undankbarkeit ist natürlich nur eine schein-
3676 2125 5895 2257 bare. Und wenn ich in der Folge " Kritik "übe, so bitte
3664 2269 5921 2427 ich Sie, davon überzeugt zu sein, dass ich von Ihrem Wer-
3682 2415 5983 2580 ke einen grossen und dauernden Eindruck empfangen habe und
3676 2547 5997 2729 geistig wesentlich gefördert wurde. Dafür empfinde ich auf-
3676 2714 5892 2881 richtige und wirkliche Dankbarkeit, wenngleich ich diese
3734 2873 5942 3046 - aus einer gewissen pudicitia animae heraus - nicht gut
3693 3028 5968 3186 ausdrücken kann, sie vielmehr sich darin eigentlich mani-
3688 3163 5912 3397 festiert, dass ich das Bedürfnis nach einer Kritik, also
