6472 4056
557 894 1062 1077 reseu dee dernier
734 1173 897 1382 G.C.H.P.
1091 1358 1271 1527 G.H.F.P.
859 1498 1231 1672 de V.V.H.
926 1637 1271 1820 G.C.H.F.P.P
789 1974 1054 2148 G.C.H.F.P
729 2116 1149 2278 décreté dans
746 2267 1167 2429 "Bofteld neh"
624 2543 792 2696 cʼest avec
366 2537 572 2717 Monsieur
467 2888 758 3019 ....
853 3030 1260 3196 [incompréhensible]
3683 592 5709 839 der den Anderer. Das ist nun ein Erkenntnis-Mittel,
3695 856 5785 1062 das nicht nur an sich oft unverlässlich, sondern auch
3701 1022 5776 1213 ungeheuer vielfältig variiert ist. In jedem Menschen-
3698 1176 5909 1393 kopfe malt sich die Welt anders, und jeder Intellekt wird
3695 1332 5953 1530 eine höchstpersönliche, rein individuelle Auffassung auch
3692 1524 5947 1683 der Geistesverfassung eines bestimmten Individuums haben.
4052 1643 5898 1823 Beginnen wir mit den extremen, Gott und Teufel.
3712 1791 5875 1985 Können wir mit Sicherheit diskriminieren, ob Gott nicht
3701 1953 5817 2151 Teufel, Teufel nicht Gott sei? Wir können es offenbar
3709 2084 6026 2290 nicht, ausser insofern wir von einer bestimmten Voraussetz-
3701 2200 5973 2473 ung ausgehen. Tun wir dies eleminieren wir die Voraussetz.
3715 2406 6046 2609 ungslosigkeit, so können wir natürlich leicht zu bestimmten
3709 2583 5970 2749 Resultaten gelangen, die - auf die gegebene Voraussetzung
3721 2746 5944 2923 bezogen - richtig genug sein können. Aber wir müssen uns
3718 2885 6028 3036 darüber klar sein, dass von einer Allgemeingiltigkeit, von
3727 3016 6052 3254 einer absoluten Richtigkeit unseres Urteils keine Rede sein
3730 3178 6017 3390 könne. Es hängt aber ganz gewiss von der Voraussetzung ab,
3744 3335 6069 3515 von der wir ausgehen wollen, ob Gott Gott und TeufelTeufel
