6520 4056
578 1273 792 1443 e V.A.H.F.P
622 1437 806 1607 a état
604 1727 1018 1897 a De résultat
666 1897 1035 2059 . V. L. D. I. de
806 2056 979 2199 V.N.S.
625 2182 1484 2375 r ou d’oV rUH?
783 2331 1578 2534 e nt.oadlt.n
842 2496 1663 2669 o1 2o0 ) ƒ0(i3 dmell
865 2630 1698 2842 Geregistre daraua
4839 384 5056 525 -11-
3862 716 5853 856 Der Dichter? Im Moment, da ich den rettenden Anker
3724 836 5921 1026 meiner poetischen Ideale, die aus meiner Jugend stammen,
3715 979 5962 1138 fahren lasse, bin ich ratlos. Für mich ist ein sehr gros-
3730 1158 5900 1328 ser Teil dessen, was heute Dichtung heisst, schnödestes
3715 1323 6006 1481 Literatentum im Sinne Ihrer Lehre. Aber ich stehe der Tat-
3730 1493 5947 1639 sache gegenüber, dass ein grosser Teil der heutigen Beur-
3727 1619 6035 1798 teiler, nicht nur die Jugend allein, in manchen dieser Wer-
3724 1765 6076 1924 ke echte und grosse Dichtungen sieht, ihre Autoren als Dich-
3736 1938 5962 2103 ter verehrt. Habe ich recht, haben die anderen recht? Wer
3710 2103 6017 2255 kann es entscheiden? Auch die Nachwelt wird es nicht, denn
3715 2237 6009 2425 auch ihre Meinungen werden, soviel wir sagen können, nicht
3736 2355 5082 2572 beständiger sein als die heutigen.
3962 2507 5974 2689 Ich will mit all dem gesagt haben, dass wir nur von
3715 2674 5935 2886 einem bestimmten, durch Vor-Urteile gegebenen Standpunkt
3724 2818 6029 3006 aus etwas Sicheres über die Geistesverfassung aussagen kön-
3724 2982 5971 3188 nen, daß wir uns also darüber klar sein sollen, dass un-
3715 3185 5853 3355 ser diesbezügliches Urteil keine absolute Geltung hat.
3997 3270 6149 3472 Ich komme nun zur eigentlichen Frage der Unüberschreit-
