6347 4008
4626 355 4834 488 -18-
3543 600 5759 815 Da ich nicht mehr nach Wahrheit streben konnte, wandelte
3552 775 5654 958 ich mich zu einem Anderen, der seinem Wesen nach wohl
3549 939 5716 1111 unter Ihren Typus des Priesters einzureihen ist. Dieser
3566 1108 5773 1294 Typus blieb mir bisher erhalten, und ich glaube, dass er
3560 1260 5697 1460 mir seither wesentlich ist, und dass andere vorhandene
575 1359 1012 1528 Cinq oa
3554 1435 5818 1587 Spuren Beimischungen sind Mein Fall ist natürlich nur ein
3569 1556 5697 1756 Einzelfall, aber er zeigt, denke ich, die Möglichkeit
3569 1767 4189 1953 einer Wandlung.
4087 1855 5674 2035 Dies sind die Einwendungen, die sich mir
3585 1962 5852 2216 beim Studium Ihres Werkes ergaben. Sie sind selbstverstän-
3577 2199 5798 2387 dlich meinem subjektiven Wesen entsprungen und sind weit
3597 2331 5716 2571 davon entfernt, absolute Geltung zu beanspruchen. Aber
3594 2489 5728 2731 ich fühle mich gedrängt, Sie Ihnen darzulegen. Und ich
3594 2664 5812 2838 muss hinzufügen, dass meine Bedenken der Schätzung Ihres
3602 2765 5694 3005 Werkes keinen Eintrag tun. Denn sein Verdienst liegt,
3616 2994 5809 3146 wie ich schon oben sagte, für mich durchaus nicht in der
3608 3120 5798 3335 Funktion als Wegweiser zur Menschenkenntnis, sondern in
