6504 4072
466 778 661 994 aasb
348 1062 958 1253 Jndied onie ad
534 1250 888 1439 eb als 3
711 1383 1115 1572 G.C.H.F.P.
773 1569 985 1693 it is a
4824 360 4995 451 -4-
3769 537 5951 734 nach dem Versuche zu überzeugen, nach Herstellung einer
3769 714 4444 882 Konkordanz habe.
4205 834 6054 1047 Dass diese Kritik sich gerade gegen das wendet,
3780 994 5980 1182 was Sie als den Kernpunkt Ihrer Lehre aufgestellt haben,
3798 1168 6083 1333 tut dem keinen Eintrag. Denn nach meiner Auffassung bleibt
3786 1295 6027 1504 die Lehre auch wahr und geistig nicht minder befruchtend,
3783 1483 6148 1631 wenn ich den Kernpunkt negiere, nämlich die Auffassung, dass
3774 1640 6148 1763 die Grenzlinie, die das obere von dem unteren Dreieck schei-
3780 1796 6007 1926 det, ideell unüberschreitbar, jede Geistesverfassung als
3786 1970 6119 2097 solche angeboren, einheitlich und unveränderlich sei - dass
3780 2091 6080 2253 es keine Uebergänge von den positiven Typen zu den negati-
3780 2256 6080 2391 ven, von einem Typus zum anderen im gleichen Dreieck gebe.
4287 2388 6001 2548 Sie haben, verehrter Herr Doktor, ja selbst
3769 2524 5956 2710 auf die Schwierigkeiten der Erkenntnis desblpus hinge-
3780 2704 5954 2872 wiesen und konstatiert, dass praktisch kaum ein Indivi-
3783 2840 6069 3043 duum existiere, dass nicht Mischformen aufweise. Insbeson-
3780 3040 6013 3223 dere betonten Sie, dass ein Hauch höllischen Geistes dem
3780 3176 6027 3379 positiven Typus nicht nur zur Möglichkeit seines Wirkens,
