6520 4056
574 1155 1013 1323 G.C.H.F.P.
615 1337 1120 1506 G.C.H.F.P.K
856 1468 1094 1668 cette se
4636 276 4836 429 -13-
3931 540 6136 783 Aber auch wenn ich die Diogramme gerade so stehen lasse,
3737 728 5950 908 wie sie von Ihnen aufgestellt sind, so fehlt mir die Be-
3746 873 6061 1105 gründung der Unüberschreitbarkeit der Grenzlinie. Die Anti-
3754 1042 5945 1262 these von Mensch und Un-Mensch ist zu hart, als dass sie
3751 1163 5974 1396 ohne genauen Nachweis hingenommen werden könnte. Sie hät-
3754 1343 5974 1558 te ja gewiss viel für sich, sie entspricht der These von
3757 1503 5948 1723 der Gnadenwahl. Sie entspricht auch, ich gebe es zu, der
3757 1680 5933 1871 gemeinen Erfahrung, Aber sie als absolutes Prinzip anzu-
3751 1831 4918 2002 nehmen, das vermag ich nicht.
3981 1903 6014 2150 Es ist, auch abgesehen von diesen Bedenken allgemei¬
3737 2153 5956 2301 ner Natur, zu beachten, dass die Geistesverfassung eines
3746 2272 6046 2478 Menschen auch in ihrem Wesentlichen keineswegs einheitlich
3763 2449 6000 2640 sein muss. Die meisten Menschen sind nach ihren einzelnen
3751 2579 6081 2785 Beschäftigungen differenzierter Verfassung. Ich meine nicht
3760 2759 6000 2924 die abnormale Antithese von Jekyll und Dr. Hide. Aber die
3760 2922 5939 3099 naheliegende Ursache der Zwiespältigkeit liegt schon in
3754 3078 6069 3255 dem Zwiespalt zwischen Privat- und Berufsleben. Hieraus er-
