6364 3992
4632 244 4838 410 -12-
3588 552 5795 733 barkeit der Grenzlinie, der Unwandelbarkelt und Einheit-
3599 701 5501 916 lichkeit des Wesentlichen der Geistesverfassung.
3940 893 5731 1050 Würde man lediglich mit einer Umkehrung Ihrer
3588 997 5681 1207 Diogramme zu rechnen haben, das heisst, würde man nur
3588 1183 5824 1329 konzedieren müssen, dass oben und unten vertauschbar sei-
3611 1352 5838 1506 en (die meisten, aber nicht alle meiner obigen Beispiele
3594 1509 5795 1646 praktizieren diese Verdrehung um 180 Grade), dann könnte
3599 1643 5734 1811 man an die Unüberschreitbarkeit der Grenzlinie noch im
3602 1811 5798 1980 Prinzip glauben. Aber so steht die Sache nicht. Denn die
3582 1948 5896 2111 Diogramme müssen sich unter der Einwirkung der unendlichen
3611 2093 5760 2285 Vielheit der Intellekte nicht nur Drehung um 180 Grade,
3594 2239 5882 2445 sondern um jeden erdenklichen Winkel zwischen Null und 360
3591 2405 5734 2591 Graden, und noch dazu jede erdenkliche perspektivische
3611 2544 5882 2724 Verkürzung und Verzerrung gefallen lassen. Und damit fällt
3599 2713 5856 2896 die Möglichkeit einer wirklichen, dauernden unüberschreit-
3594 2858 5824 3065 baren Grenzlinie. Es müssen sich je nach dem Standpunkte,
3576 3056 5908 3248 unter dem man die Diogramme beschaut, unzählige Mischformen
3599 3195 3948 3379 ergeben.
270 3280 669 3504 Ilmoire
