6456 4056
4730 250 4930 494 -14—
3682 579 5849 788 geben sich die mannigfaltigsten Differenzen. Beim Dich-
3712 780 5838 992 ter kommt dieser Gegensatz naturgemäss nicht oder kaum
3688 954 5902 1166 zur Geltung, Aber bei vielen Anderen macht er sich stark
605 1056 902 1239 oia aan
3694 1126 4122 1309 bemerkbar
739 1213 948 1422 all.
4119 1233 5826 1446 Um einige banale Beispiele herauszugreifen:
4122 1437 5879 1582 Es gibt, Richter, Steuerbeamte, die in ihrem
3706 1577 5881 1742 Berufe Un-Menschen in des Wortes gewöhnlicher Bedeutung
3694 1742 5916 1888 sind, wahre Tückeholde, die im Bewusstsein der Erfüllung
3706 1888 5887 2039 ihrer Amtspflicht ohneweiters Grausamkeiten begehen, im
3703 2045 5913 2219 Privatleben aber dem Typus des Philosophon oder auch des
3700 2184 6036 2362 Priesters entsprechen. Welche Seite, ihres Geisteswesens ist
3709 2342 5838 2513 die wesentlichere? Ich für meine Person bin allerdings
3700 2458 5954 2676 geneigt, die Geistesrichtung des Privatlebens als die we-
3717 2662 5943 2821 sentliche anzusehen und mir die Gegensätzlichkeit der be-
3717 2775 5986 2990 ruflichen durch eine spezielle Auffassung über die Berufs-
3723 2955 6036 3144 pflicht oder aber auch durch Abstumpfung infolge Gewohnheit
3706 3072 5873 3275 zu erklären. Dem würde aber, wenn man es genau besieht,
3717 3269 6012 3496 der Umstand widersprechen, dass bei anderen Personen des
