6488 4056
440 832 835 1087 G.C.H.F.P
504 1046 835 1228 Madamt d
457 1184 868 1354 V.C.F.H.D. H.P
4719 378 4924 539 -5-
3664 674 5854 876 sondern auch zum eigentlichen Da-Sein unerlässlich sei.
3670 862 5968 1055 Sie haben trotzdem das angeführte, Prinzip als solches auf-
3661 979 5801 1199 recht erhalten zu sollen geglaubt, weil Sie es auf das
3699 1164 5901 1351 "Wesentliche" der Geistesverfassung abstellten. Und Sie
3673 1290 5945 1515 meinten, dass gerade die Geistesverfassung zwar als tiefs-
3670 1477 5857 1642 tes Element der Persönlichkeit sich auch dem Blicke des
3673 1606 6024 1812 Menschenkenners für kürzere oder längere Dauer zu (verbergen)
3690 1812 5924 1961 verbergen vermöge, sich aber doch mindestens historischer
3670 1952 5933 2093 Erkenntnis erschliesse. Immerhin blieben manche Repräsen-
3685 2099 5865 2275 tanten des positiven Typus zeitlebens unerkannt, und es
3676 2210 5839 2374 könne ihnen sogar ihr eigenes Wesen verborgen bleiben.
4039 2398 5886 2559 Ich gebe zu, dass dieser Ihr Vorbehalt mit dem
3679 2536 5901 2714 Wesen der Sache nichts zu tun hat, da Ihre Lehre ja kein
3682 2688 6035 2902 praktischer Führer zur Menschenkenntnis, sondern rein theo
3682 2864 5968 3048 retisch sein soll. Trotzdem muss schon die von Ihnen aner-
3699 3028 5921 3195 kannte Schwierigkeit zu denken geben. Denn sie führt uns
3699 3201 5901 3336 zur Frage, wie denn eigentlich die Geistesverfassung er-
3688 3356 5962 3512 kannt werde? Offenbar durch den Intellekt, den eigenen o-
