6408 4056
3627 646 5820 733 mir ein Bedürfnis, zu Ihnen als dem Anreger über die An-
3616 777 5879 878 regung zu sprechen. Sie aber, verehrter Herr Doktor, sind
3621 945 5896 1033 in keiner Weise gehalten, meine kritischen Gedanken zu le-
3627 1132 3813 1213 sen.
3866 1254 5943 1344 Sicherlich ist es charakteristisch für meine Geistes-
3627 1399 5963 1504 verfassungs-Mischung, dass ich auf Ihre Anregung durch "Kri-
3633 1571 5945 1661 tik“ reagiere. Ihr Werk hat auf mich in positiver Beziehung
3627 1710 5911 1812 sehr stark eingewirkt. Es hat mir eine Fülle neuer geisti-
3621 1818 5861 1975 ger Erkenntnisse eröffnet. Es hat mir so vieles enthüllt,
3639 2019 5873 2126 was mir nicht klar war. Es hat mich eine in vielen Belan-
3645 2170 5908 2307 gen ganz neue Betrachtungsweise gelehrt. Und dies fast im-
3633 2327 5852 2435 mer in solcher Art, dass mit das Neue selbstverständlich
3653 2484 5849 2598 schien, dass ich unter dem Eindruck stand, ich hätte von
3653 2664 5852 2752 Rechtswegen all das schon längst wissen sollen. Und wäh-
3633 2821 5931 2900 rend doch in diesem Faktum die höchste Anerkennung des Le¬
3645 2984 5844 3060 sers für den Autor liegt, gebiert es andererseits etwas,
3653 3124 5937 3223 was äusserlich Undankbarkeit scheint. So sehr auch der Le-
3645 3197 5899 3461 ser sich bewusst sein mag, wie viel er dem Autor schulde,
