4119 3608
2206 394 2800 546 Wien, 3. November 1909.
1869 815 2596 936 Sehr geehrter Herr Doktor,
1444 929 3206 1083 Schon durch Georg Hirschfeld hatte ich davon gehört, dass Sie den
1463 1031 3228 1190 "Jungen Medardus" einem literarischen Kreise vorlesen wollten und
1442 1095 3282 1256 mir gleich ein günstiges Resultat davon versprochen. Ich begrüsse es
1449 1216 3249 1375 als grossen Vorteil, dass Sie auf die Bastei-Szene ganz verzichten
1458 1294 3318 1432 möchten und hielte es für sehr wünschenswert,wenn Sie auf diesem nun
1463 1404 3263 1520 eingeschlagenen guten Wege noch weiter gingen und auch noch einige
1458 1472 3192 1606 andere Szenen, namentlich gegen das Ende des Stückes hin, radikal
1470 1577 3218 1698 streichen wollten. Denn von den Kürzungen innerhalb der Szene, Wie
1472 1627 3275 1810 Sie sie bisher vorgenommen haben, verspreche ich mir keinen Nutzen,
1472 1746 3318 1874 weil die Diskrepanz zwischen den zu kurzen Szenen und den Zu langen
1475 1838 3358 1966 Pausen dadurch immer grösser wird. Nur auf dem jetzt von Ihnen gewähl-
1480 1928 3387 2047 ten Wege dürfte das Stück bühnenmöglich werden und die ausgezeichnete
1480 2004 3377 2154 Schlussszene, über der historische Grösse liegt und die mir des Pudels
1480 2126 3237 2240 Kern zu sein scheint, würde auf ein unermüdetes Publikum stossen.
1482 2190 3377 2337 Das mir freundlichst zur Verfügung gestellte Exemplar in Fahnen sende
1487 2270 3370 2458 ich Ihnen anbei lediglich zu dem Zwecke, damit Sie die neuen Aenderun-
1494 2370 3294 2527 gen und vor allem Streichungen eintragen, weil ich das Stück jetzt
1499 2487 3296 2636 gerne in einem Zugge möglichst befreit von allen Entbehrlichkeiten
1501 2620 1988 2729 geniessen möchte.
2425 2648 3218 2760 Mit vorzüglicher Hochachtung
2558 2746 2971 2864 ganz ergebenst
2622 2800 3254 2985 V. Sollung
1510 2988 2232 3128 Herrn Dr. Arthur Schnitzler
2244 3016 2401 3140 wien.
