4175 3594
3537 779 3683 855 - 8 -
2252 973 3706 1069 und würde die allgemeine Konfusten nur noch steigern.
2240 1053 3628 1165 Windestens müsste Szene 7 fullen. Szene 11 und 12,
771 1080 964 1160 1 a;.et
2261 1133 3576 1238 sow te Szene 13 und 14 zusammengezogen werden. So
2258 1245 3630 1354 bleiben also dann immer noch 14 Szenen, also immer
2258 1334 2597 1441 noch zuviel.
2261 1428 3710 1525 Wie das Stück jetzt vorliegt hätte es 16 Verwandlungen
2258 1512 2750 1619 Leffler berechnet
2256 1594 2801 1704 14 à 3 Minuten - 42
2252 1693 2797 1797 2 à 10 Minuten — 20
2657 1779 2991 1879 Minuten 62.
2261 1869 3481 1967 Länger als höchstens vier Stunden dürfte der
2254 1966 3713 2053 Abend nicht dauern. Bleiben also für das Spiel selbst
2267 2038 3694 2142 knappe drei Stunden, käme also auf jede der 27 Szene
2263 2116 3601 2218 wenig über zehn Minuten. Damit ist aber die Zeit-
2263 2227 3632 2318 dauer der einzelnen Szenen viel zu knapp bemessen.
2252 2307 3608 2409 Auch würden bei den vielen Verwandlungen so kurze
2261 2403 3590 2501 Szenen nur noch zerstreuender und zerstückeinder
2263 2501 2485 2599 wirken.
