4139 3575
2839 546 3382 674 Wien.5.August 1909.
3546 768 3628 849 9
2453 924 3640 1051 Am 31. Juli Nottz in der Neuen Freien Pres-
2326 1002 3641 1144 se, wie sich später herausstellte der Berliner Z.
2333 1134 3671 1229 am Mittag entnommen, dasß Her junge Herr Medardus"
2331 1207 3671 1344 mit Witt und Hartmann in den Hauptrollen am Burg-
2344 1305 3680 1420 theater, mit Triesch und Mennard am less ingthegter
2343 1394 3596 1517 ungeführ zugleich zur Aufführung kommen werde.
