4147 3608
1895 354 2147 555 1
2993 376 3122 487 III.
1789 381 1920 553 1
1328 834 3165 962 Mit Rücksicht auf die Szenenbaueinteilung würde ich sehr raten, von
1289 962 3195 1040 der Bezeichnung "Vorspiel" abzusehen und die Bilder I - IV dem ersten
1285 1035 3165 1144 Akte zuzuschreiben. Ich schlage Ihnen das um so lieber vor, als ich ei-
1294 1127 3134 1236 nen inneren Grund, die beiden ersten Szenen Vorspiel zu nennen, nicht
1292 1207 3187 1343 finden kann, da sich ja die in jenem Bilde begonnene Handlung von Bild
1282 1292 3209 1399 zu Bild unmittelbar entwickelt,ohne jede zeitliche und sonstige Unter-
1289 1374 3233 1498 brechung. Es wäre auch populärer, wenn man sich auf fünf Akte beschränkt
1525 1471 3141 1583 Das beifolgende Manuskript erlaube ich mir Ihnen vorläufig
1292 1556 3226 1706 wieder zurückzustellen, da ich einige Randglossen gemacht habe, freilich
1289 1663 3119 1750 nirgends etwas Wesentliches, zum Teil Druckfehlerberichtigungen und
1297 1714 3204 1830 ein paar Stilistika. Das andere Druckexemplar habe ich nach dem beifol-
1289 1820 3180 1941 genden genau einrichten lassen und es zunächst im vertraulichen Wege
3345 1886 3425 1946 1er
1292 1905 3158 2014 Herrn Sektionschef von Jettel geschickt und ihn um möglichst baldige
1292 1992 3110 2101 Aeusserung gebeten. Hiervon und von dem praktischen Versuch auf der
1292 2104 2581 2218 Drehbühne hängt die definitive Entscheidung ab
1486 2172 3122 2283 Was nun die Besetzung betrifft, so wäre für sie in der Rolle
1294 2266 3197 2375 der Helene der Termin massgebend. Nachdem das Jahr 1909 doch ungenutzt
1302 2383 3228 2463 verstrichen ist, erscheint es mir nicht von grossem Belang,ob das Stück
1304 2450 3163 2567 1910 vor oder nach den grossen Ferien gebracht wird (das säculäre In-
1304 2530 3153 2654 teresse an Napeleon steigt ja jetzt von Jahr zu Jahr),und wenn sich
1304 2639 3204 2751 die noch immer riesengrossen Vorbereitungen,die das Stück fordert,bis
1297 2705 3158 2841 zu tief in das Frühjahr hineinziehen sollten, so läge es wol auch in
1306 2819 3233 2935 Ihrem Interesse, die Aufführung auf den Herbst zu verschieben. Es könnte
1309 2906 3156 3008 dann in den Sommermonaten ruhig und sorgfältig auf den notgedrungen
1306 3022 3119 3124 zahlreichen Dekorations- und Arrangierproben vorgearbeitet werden.
