4146 3607
2307 512 2520 659 1.
2500 906 3682 986 der Zusammenhang des Ganzen nicht zu leiden
2502 997 3651 1083 hätten. In einem früheren Briefe haben Sie
2510 1094 3655 1196 es als eine Gefahr und wohl auch als Einen
2851 1156 3011 1209 a
2510 1183 3705 1282 künstlerischen Mangel des Stückes angesehen,
2611 1248 3014 1316 lʼaude ettste ett
3196 1262 3610 1383 rdus in der Ba¬
2511 1277 3134 1353 dass die Gestalt des Me
3498 1305 3631 1363 au moins ou le
2816 1328 3136 1391 Mais elle est eu de ses rêveaux.
2514 1368 3679 1459 steienszene und von da an noch etliche Male
2559 1434 2684 1497 G.C.H.F.P.
2514 1454 3691 1548 unter dem historischen und historisterenden
2839 1508 3102 1573 ouest eu une selle
2517 1536 3690 1636 Beinerke verschwinde. Aber Sie haben gewiss
2507 1614 2701 1659 a-
2513 1610 3696 1716 nicht verkannt, dass es keineswegs eine rein
2828 1713 3642 1830 Freude des Autors an episodi¬
2520 1716 2648 1803 artio
2513 1794 3724 1891 schen Spässen ernsten und heitern Charakters
2520 1885 3722 1976 war, die jene Gefahr oder jenen Mangel im Ge¬
2520 1976 3756 2070 folge hatte. Die Masse und die relative Macht
2531 2054 3679 2162 des Episedischen ist hier im innersten We¬
2527 2156 3678 2259 sen des Dramas begründet. Denn was ist das
2530 2233 3585 2320 Schicksal oder sagen wir die tragische
2527 2304 3733 2416 Schuld des Medardus? Dass ein rein persönli¬
2533 2397 3691 2519 ches Abenteuer in seiner Seele den grossen
2527 2496 3696 2611 Ereignissen der Zett gegenüber. in die er
2533 2591 3708 2690 selbsttätig einzugreifen berufen wäre, immer
2536 2673 3768 2779 wieder prävaliert. Im Gegensatz zu Helene, die
2544 2748 3648 2857 einer nur in ihrer Plantasie bestehenden
