4157 3607
2298 695 3509 813 17.12.1909. Besuch in der Direktionskanzlei.
2292 828 3690 897 R. : Es ist mir sehr angenehm, dass Sie kommen. Ich
2294 887 3710 980 wollte Sie nämlich ersuchen, dass Sie sich selbst zu
2294 1000 3703 1091 Hofrat Jettel bemühen, um ihn zu fragen wie die Zen¬
2304 1089 2969 1180 sursache—Medardus stehe.
2298 1168 3631 1261 Ich: Ist das offiziell? Weiss Schlenther davon?
2294 1266 3269 1370 R.: Ja. Er ist damit einverstanden.
2307 1344 3736 1438 Ich: Warum haben Sie mir das nicht geschrieben, son¬
2302 1448 3135 1520 dern meinen Besuch abgewartet?
2302 1496 3734 1614 R.: Das Stück ist ja nicht offiziell bei der Zensur,
2304 1581 3720 1701 sondern vertraulich. Uebrigens sagt ein Dichter,man
2307 1679 3084 1791 soll keine Briefe schreiben.
2304 1749 3777 1884 Ich: Das bezieht sich aber nicht auf solche Dinge und
2309 1849 3755 1950 ich begreife nicht, warum eine so selbstvers tändliche
2309 1934 3794 2050 Sache, wie das Ueberreichen eines eingereichten Stückes
2307 2015 3759 2126 an die Zensur als vertraulich betrachtet wird, Könnte
2315 2119 3232 2222 ich nicht gleich zu Jettel gehen?
2304 2189 3723 2309 R.: Gewiss. Er ist schon auf Ihren Besuch vorberei-
2324 2300 3479 2411 tet. Sie können ihm gleich telephonieren.
2316 2368 3696 2490 Uebergang des offtziellen in freundschaftliches Ge-
2322 2488 2533 2616 spräch.
