4019 3577
1966 396 2525 530 Wien, 24. Dezember 190
1538 831 2270 979 Sehr geehrter Herr Doktor,
1767 921 1844 979 P.S.
1004 962 2865 1106 Wenn Sie die heutigen Morgenblätter gelesen haben, so wird Ihnen der
1001 1096 2918 1188 eigentliche Grund klar werden, weshalb ich mit der Annahme des „Jungen
991 1152 2926 1283 Medardus“ so lange gezögert habe. Auch wenn die technischen und Zensur-
989 1227 2943 1336 Schwierigkeiten überwunden sind, so enthält das Stück doch eine so enor-
989 1329 2918 1458 me Arbeit, dass ich es nicht verantworten kann, sie meinem präsumptiven
984 1436 2853 1541 Nachfolger aufzubürden, ohne dass er vorher Stellung dazu hat nehmen
984 1528 2928 1643 können. Mir selbst wäre es sehr erfreulich und wünschenswert gerade mit
984 1604 2889 1723 diesem Stück Abschied zu nehmen. Das würde aber einen Termin bedeuten,
1035 1689 2858 1815 auf den Sie wohl nicht eingehen möchten. Denn da die neueintretenden
984 1801 2858 1891 Schauspielerinnen, die für die beiden Hauptrollen in Betracht kommen,
999 1876 2894 1978 erst im Frühjahr disponibel sind, so könnte die Aufführung keinesfalls
991 1954 2887 2070 vor Ende April sein, möglicher Weise sich aber auch in den Mai hinaus-
987 2048 2785 2177 schieben. Wie Sie mir schon andeuteten,würden Sie den Herbsttermin
989 2143 2833 2236 bevorzugen. Der aber fiele keinesfalls mehr in meine Zeit.Vielleicht
984 2228 2882 2362 löst sich die Schwierigkeit durch eine persönliche Unterredung, zu der
974 2333 2836 2449 ich Sie bitten werde, sobald ich von einer kurzen Reise nach Berlin,
984 2406 2282 2549 die ich heute antrete, zurückgekehrt sein werde.
1951 2447 2746 2661 Mit vorzüglicher Hochachtung
2141 2612 2554 2724 ganz ergebenst
2313 2680 2773 2870 Schlenzug
982 2841 1723 2991 Herrn Dr. Arthur Schnitzler
1716 2914 1866 2999 Wien.
923 2938 1830 3106 mit den feuerlobsten Hütte
960 3057 2053 3242 Das also war des Pridel kein! Ihr Ehefrau
