4019 3577
333 792 702 928 10. 1. 1910.
314 876 1487 1016 Auf briefliche Einladung zu Dr. Rosenbrum.
303 976 1600 1104 R.: Schlenther hat gewünscht den Medardus noch
307 1079 1784 1205 jetzt zu spielen. Er hat sich sehr bemüht Frl. Wagner
318 1141 1657 1266 noch für März zu bekommen. Dieser Abgang wäre ihm
327 1240 1795 1373 sehr angenehm gewesen, er glaubte jedesfalls auch noch
320 1334 1740 1439 über den März hinaus Direktor zu bleiben. Ich feinde
331 1413 1711 1520 aber, dass es für Sie und für das Stück vorteilhaf-
331 1514 1619 1619 ter ist, wenn es erst unter der neuen 4trektion
333 1599 1630 1714 kommt und habe daher Schlenther gesagt, dass Sie
329 1690 1764 1790 unter den jetzigen Verhältnissen die Aufführung erst
342 1806 865 1900 im Herbst wünschen.
336 1861 1720 1979 Ich: Haben Sie da nicht ein gefährliches Spiel ge¬
336 1955 1650 2069 spielt, kann ich nun nicht zwischen mei Stühlen
342 2060 549 2168 sitzen?
338 2143 1764 2240 R.: Nein. Erstens hätte es ja Schlenther doch nicht
333 2214 1713 2337 mehr aufführen können, da er spätestens Ende Feber
371 2295 1782 2446 geht.Ausserdem wäre eine Aufführung unter ihm nicht
375 2383 1782 2499 mehr mit der nötigen Sorgfalt herausgebracht worden.
355 2470 1676 2593 und Berger wird das Stück ganz bestimmt spielen.
355 2561 1176 2697 Ich: Hat er es schon gelesen?
344 2653 1733 2771 R.: Noch nicht.Er nimmt es sofort nach seiner Er -
2229 796 3596 956 nennung, dte er hier abwarten muss, auf eine kleine
2225 921 3570 1040 Erholungsreise mit. Es ist die einzige schriebende
2229 1027 3596 1132 Angelegenheit von Wichtigkeit. Im übrigen habe ich
2247 1102 3629 1231 ihn gebeten auch das Gestrichene insbesondere die
2234 1215 3598 1288 Bastetenszene zu lesen und ich hoffe, er wird auch
2233 1290 2589 1387 die spielen.
