4199 3552
1856 534 2459 657 Wien, 22. Jänner 1910.
1616 952 2393 1109 Verehrter Doktor Schnitzler,
1315 1128 2571 1256 Ich erfahre heute von Herrn Baron Berger, dass
1328 1234 2562 1377 er die Absicht hat Sie im Laufe der nächsten
1335 1321 2585 1451 Woche zu besuchen. Er wird sich wohl bei Ihnen
1328 1410 2558 1546 zuvor rechtzeitig anmelden.Hoffentlich kommt
1343 1533 2207 1615 dann alles zu einem guten Ende.
1800 1579 2359 1718 In warmer Verehrung
1806 1657 2466 1783 Ihr herzlich grüssender
1973 1794 2390 1942 Rkoseben
