<?xml version="1.0" encoding="UTF-8" standalone="yes"?>
<PcGts xmlns="http://schema.primaresearch.org/PAGE/gts/pagecontent/2013-07-15" xmlns:xsi="http://www.w3.org/2001/XMLSchema-instance" xsi:schemaLocation="http://schema.primaresearch.org/PAGE/gts/pagecontent/2013-07-15 http://schema.primaresearch.org/PAGE/gts/pagecontent/2013-07-15/pagecontent.xsd">
    <Metadata>
        <Creator>prov=READ-COOP:name=TrHtr:version=2.1.0:model_id=51170:date=26_07_2023_01:36</Creator>
        <Created>2023-05-02T07:50:41.626+02:00</Created>
        <LastChange>2023-07-26T01:36:24.036+02:00</LastChange>
        <TranskribusMetadata docId="1416714" pageId="54951444" pageNr="102" tsid="130867894" status="IN_PROGRESS" userId="64420" imgUrl="https://files.transkribus.eu/Get?id=HXTMHQMUEGUUYRKEEUKUPVWZ&amp;fileType=view" xmlUrl="https://files.transkribus.eu/Get?id=SEAABWFAOKRXOBZDPBHHDVLR" imageId="44455170"/>
    </Metadata>
    <Page imageFilename="1416714_0102.jpg" imageWidth="4150" imageHeight="3642">
        <ReadingOrder>
            <OrderedGroup id="ro_1711828609152" caption="Regions reading order">
                <RegionRefIndexed index="0" regionRef="tr_1"/>
            </OrderedGroup>
        </ReadingOrder>
        <TextRegion id="tr_1" custom="readingOrder {index:0;}">
            <Coords points="1519,1239 2627,1239 2627,1935 1519,1935"/>
            <TextLine id="tr_1_tl_1" custom="readingOrder {index:0;}">
                <Coords points="1531,1327 2612,1309 2613,1257 1533,1283"/>
                <Baseline points="1540,1316 1585,1316 1629,1319 1674,1319 1719,1316 1764,1316 1809,1316 1853,1316 1898,1313 1943,1310 1988,1310 2032,1313 2077,1313 2122,1307 2167,1304 2212,1304 2256,1304 2301,1298 2346,1298 2391,1298 2435,1295 2480,1292 2525,1289 2570,1289 2615,1292"/>
                <TextEquiv>
                    <Unicode>Verehrter Herr Dr. I die bedaure</Unicode>
                </TextEquiv>
            </TextLine>
            <TextLine id="tr_1_tl_2" custom="readingOrder {index:1;}">
                <Coords points="1530,1387 2597,1366 2610,1308 2449,1302 2391,1339 2309,1306 2054,1343 1781,1320 1694,1357 1533,1328"/>
                <Baseline points="1537,1376 1582,1373 1626,1373 1671,1373 1716,1373 1761,1367 1806,1364 1850,1361 1895,1361 1940,1358 1985,1358 2029,1361 2074,1358 2119,1355 2164,1349 2209,1349 2253,1349 2298,1349 2343,1349 2388,1349 2432,1343 2477,1340 2522,1337 2567,1331 2612,1337"/>
                <TextEquiv>
                    <Unicode>Ihren Mittelen zu müßen, daß ich</Unicode>
                </TextEquiv>
            </TextLine>
            <TextLine id="tr_1_tl_3" custom="readingOrder {index:2;}">
                <Coords points="1523,1448 2265,1406 2558,1433 2617,1410 2618,1362 2515,1349 2418,1390 2130,1362 2054,1402 1908,1371 1598,1409 1526,1384"/>
                <Baseline points="1531,1441 1546,1438 1591,1432 1635,1432 1680,1429 1725,1426 1770,1420 1815,1417 1859,1415 1904,1415 1949,1415 1994,1412 2038,1412 2083,1409 2128,1406 2173,1403 2218,1406 2262,1406 2307,1406 2352,1406 2397,1403 2441,1400 2486,1397 2531,1394 2576,1400 2621,1406"/>
                <TextEquiv>
                    <Unicode>es mir seit Fiebe Jahren zum Prinzip</Unicode>
                </TextEquiv>
            </TextLine>
            <TextLine id="tr_1_tl_4" custom="readingOrder {index:3;}">
                <Coords points="1510,1527 1605,1497 1817,1516 2273,1458 2479,1470 2573,1432 2292,1416 1923,1466 1818,1433 1763,1469 1514,1444"/>
                <Baseline points="1519,1504 1546,1498 1591,1495 1635,1492 1680,1486 1725,1483 1770,1480 1815,1477 1859,1474 1904,1477 1949,1477 1994,1474 2038,1471 2083,1468 2128,1468 2173,1459 2218,1459 2262,1456 2307,1456 2352,1453 2397,1453 2441,1453 2486,1447 2531,1444 2576,1447"/>
                <TextEquiv>
                    <Unicode>gemacht habe, nichts zu dennetim</Unicode>
                </TextEquiv>
            </TextLine>
            <TextLine id="tr_1_tl_5" custom="readingOrder {index:4;}">
                <Coords points="1537,1571 2560,1515 2562,1478 2272,1458 2065,1507 1761,1496 1624,1549 1541,1526"/>
                <Baseline points="1546,1564 1579,1561 1623,1558 1668,1552 1713,1549 1758,1546 1803,1540 1847,1537 1892,1534 1937,1531 1982,1528 2026,1525 2071,1519 2116,1519 2161,1516 2206,1510 2250,1507 2295,1501 2340,1504 2385,1498 2429,1495 2474,1492 2519,1492 2564,1489"/>
                <TextEquiv>
                    <Unicode>da ich sonst beinahe tägen etwas</Unicode>
                </TextEquiv>
            </TextLine>
            <TextLine id="tr_1_tl_6" custom="readingOrder {index:5;}">
                <Coords points="1534,1641 2582,1552 2628,1508 2283,1516 2172,1568 2087,1522 1841,1585 1540,1583"/>
                <Baseline points="1543,1629 1552,1626 1597,1626 1641,1623 1686,1620 1731,1615 1776,1612 1821,1606 1865,1603 1910,1600 1955,1594 2000,1591 2044,1588 2089,1582 2134,1579 2179,1579 2224,1573 2268,1564 2313,1561 2358,1555 2403,1549 2447,1546 2492,1543 2537,1537 2582,1534 2627,1531"/>
                <TextEquiv>
                    <Unicode>dementiven mußte. Ich gebe dehm</Unicode>
                </TextEquiv>
            </TextLine>
            <TextLine id="tr_1_tl_7" custom="readingOrder {index:6;}">
                <Coords points="1536,1702 1609,1724 1977,1652 2579,1623 2597,1578 2463,1561 2387,1604 2340,1578 2276,1608 2051,1598 1901,1649 1541,1649"/>
                <Baseline points="1543,1698 1567,1695 1612,1692 1656,1686 1701,1683 1746,1680 1791,1677 1835,1668 1880,1665 1925,1659 1970,1653 2015,1647 2059,1641 2104,1638 2149,1632 2194,1629 2238,1626 2283,1623 2328,1620 2373,1615 2418,1612 2462,1606 2507,1606 2552,1606 2597,1609"/>
                <TextEquiv>
                    <Unicode>Anheim, das Sie Ihrerföls der Wahr¬</Unicode>
                </TextEquiv>
            </TextLine>
            <TextLine id="tr_1_tl_8" custom="readingOrder {index:7;}">
                <Coords points="1519,1797 2404,1672 2606,1706 2614,1624 2453,1621 2381,1662 2242,1642 2111,1688 1952,1656 1834,1703 1526,1727"/>
                <Baseline points="1531,1767 1537,1764 1582,1761 1626,1758 1671,1755 1716,1746 1761,1740 1806,1737 1850,1728 1895,1722 1940,1716 1985,1710 2029,1704 2074,1701 2119,1701 2164,1695 2209,1689 2253,1686 2298,1680 2343,1677 2388,1674 2432,1671 2477,1668 2522,1668 2567,1671 2612,1674"/>
                <TextEquiv>
                    <Unicode>keit dienst mittungen, dass die Entscheidung</Unicode>
                </TextEquiv>
            </TextLine>
            <TextLine id="tr_1_tl_9" custom="readingOrder {index:8;}">
                <Coords points="1530,1838 2438,1727 2609,1747 2627,1672 1536,1782"/>
                <Baseline points="1540,1821 1549,1821 1594,1818 1638,1812 1683,1809 1728,1797 1773,1794 1818,1788 1862,1782 1907,1776 1952,1773 1997,1767 2041,1764 2086,1755 2131,1752 2176,1746 2221,1740 2265,1737 2310,1734 2355,1728 2400,1728 2444,1725 2489,1722 2534,1722 2579,1725 2624,1725"/>
                <TextEquiv>
                    <Unicode>über ihr neuerdings in vereinfertig Form</Unicode>
                </TextEquiv>
            </TextLine>
            <TextLine id="tr_1_tl_10" custom="readingOrder {index:9;}">
                <Coords points="1529,1894 1641,1915 1701,1870 1889,1840 2601,1800 2605,1747 2434,1770 2329,1737 1533,1844"/>
                <Baseline points="1537,1877 1576,1874 1620,1871 1665,1865 1710,1862 1755,1856 1800,1850 1844,1844 1889,1838 1934,1832 1979,1832 2023,1826 2068,1821 2113,1818 2158,1812 2203,1809 2247,1803 2292,1800 2337,1797 2382,1791 2427,1791 2471,1788 2516,1791 2561,1788 2606,1788"/>
                <TextEquiv>
                    <Unicode>vorgelegte Stär. noch aussteht. Von der</Unicode>
                </TextEquiv>
            </TextLine>
            <TextLine id="tr_1_tl_11" custom="readingOrder {index:10;}">
                <Coords points="1710,1939 1845,1968 1990,1901 2288,1868 2595,1893 2599,1830 2167,1814 1961,1870 1716,1863"/>
                <Baseline points="1719,1925 1749,1919 1794,1916 1838,1910 1883,1904 1928,1901 1973,1898 2018,1895 2062,1889 2107,1886 2152,1880 2197,1874 2241,1871 2286,1868 2331,1862 2376,1862 2421,1859 2465,1856 2510,1856 2555,1862 2600,1865"/>
                <TextEquiv>
                    <Unicode>Zensul aber bitte ich nicht zu</Unicode>
                </TextEquiv>
            </TextLine>
        </TextRegion>
    </Page>
</PcGts>
