4157 3593
3496 797 3594 886 5-
2329 960 3619 1092 Medardus in den Armen Helenens Napeleen als
2304 1046 3642 1165 hatten zu techen ihnen wird die kurze Szene diese
3482 1137 3607 1260 G.F.P.
2308 1144 2994 1239 osse Stunde ausschöpfent
2318 1230 3666 1355 Eschenbshcer wird verhaftet. Medardus wird da¬
2308 1320 3675 1437 roh in den Bannkrets seiner Familie gezogen. Nape-
2299 1404 3654 1523 ons Faust legtssich auf ihn selbst. Sein Altruis-
2294 1506 3605 1618 a, ed n Patriottemus ervacht wieder und fördert
2306 1588 3159 1713 lenens Anschlag gegen Napeleon.
2306 1685 3491 1797 x.) Medardus Mutter von Napoleen angewiesen.
2299 1795 3624 1881 chenbacher wird füsiliert. In Medardus hocht die
2296 1867 3652 1969 age ob es der Mihe wert ist zu leben. Zuletzt be-
2294 1946 3480 2060 ht er ste. dann sein Leben hat einen Zweck.
2296 2032 3556 2150 Iene und die Mutter (Eschenbachers Schwester)
2294 2139 3614 2227 isen ihm dasselbe Ziel: die Ermordung Napeleons.
2285 2203 3693 2334 Eschenbahbers Begräbnis. Medardus und Helene be-
2285 2315 3643 2413 genen sich dort, wo sie a ich das erstemal trafen.
2299 2411 3693 2525 r Mordplan wird hier zum erstenmal von ihnen berühr
