4184 3576
3154 541 3410 662 raagt
2461 847 3707 985 Am 30. Juni im Burgtheater zuerst Besprechung
2355 960 3635 1086 mit French, Prof. Leffler, Lehner, die alle schon
2357 1047 3662 1165 Skizzen sämmtlicher Dekorationen gezeichnet ha-
2340 1170 2465 1239 ben.
2497 1189 3687 1345 Franck fragt, ob ich etwas dagegen habe, dass
2379 1318 3668 1434 in der letzten Szene des 3. Aktes Verhans statt
2371 1419 3680 1543 Tapete gesagt würde, da sich das besser machen
2374 1532 2557 1643 lasse.
2508 1589 3457 1706 Ueber die Dauer der Verwandlungen.
2502 1666 3704 1801 Leffler sagt: “Jede brauche durchschnittlich
2376 1750 3724 1888 3 Minuten, nur vor der Basteten und vor -der Schön-
2386 1851 3589 1960 brunner Szene seten je 10 Minuten notwendig.
2517 1933 3653 2051 Wir gehen auf die Bühne, dann ins Parkett,
2354 2033 3704 2155 wir lassen von den Arbeitern die Bastet aufbauen,
2394 2122 3674 2233 Ich mache me tne Angaben,wir begeben uns auf die
2382 2199 3648 2344 vierte Gallerte, um die optischen Wirkungen zu
2384 2271 3719 2386 prüfen, ich schlage gewisse Aenderungen gegenüber
2389 2369 3610 2497 dem Manuscript vor. Es zeigt sich, dass alles
2387 2460 3739 2586 ohne besondere Schwierigkeit gemacht werden kann.
2530 2544 3800 2640 Wir lassen dann die Schönbrunner Schlossstiege
2387 2633 3690 2751 aufbauen. Lehner hat sowohl Zeichnungen von der
