4157 3593
3575 578 3730 778 4
2638 837 3421 988 Sehr verherter Herr Hofrat!
2776 969 3658 1131 Ich danke verbindlichst für Ihr
2509 1106 3666 1208 freundliches Schreiben so wie für die Bei-
2512 1180 3710 1303 lagen und freue mich, dass einige Bedenken,
2512 1288 3708 1408 die anlässlich meiner Unterredung mit Ihnen
2525 1381 3650 1518 auftauchten ( Name Barry, Psychologie der
2528 1463 3543 1565 Wiener, Unzukömmlichkeiten der Schön-
2530 1559 3669 1658 brunner Dekoration) so gut wie geschwunden
2525 1639 3685 1750 sind. Dagegen bedaure ich, dass einige Be-
2530 1714 3725 1837 denken sich erhalten, ja verstärkt zu haben
2528 1785 3777 1926 scheinen und neue dazugekommen sind, die mich
2533 1873 3796 2019 zum Teil überraschen, da sie in jenem Gespräch
2536 2003 3757 2098 nicht einmal andeutungsweise erwähnt wurden:
2539 2050 3744 2211 ich meine diejenigen, die sich auf den Kern
2544 2138 3749 2281 des Stücks, insbesondere auf die Gestalt des
2527 2241 3707 2369 Medardus und sein Verhältnis innerhalb der
2516 2340 3378 2478 AllgemeinstenZustände bezieht.
2805 2454 3724 2556 Die grösste Schwierigkeit aber von
2534 2506 3697 2668 die ich mich gestellt sehe ist wohl die fort
