<?xml version="1.0" encoding="UTF-8" standalone="yes"?>
<PcGts xmlns="http://schema.primaresearch.org/PAGE/gts/pagecontent/2013-07-15" xmlns:xsi="http://www.w3.org/2001/XMLSchema-instance" xsi:schemaLocation="http://schema.primaresearch.org/PAGE/gts/pagecontent/2013-07-15 http://schema.primaresearch.org/PAGE/gts/pagecontent/2013-07-15/pagecontent.xsd">
    <Metadata>
        <Creator>prov=READ-COOP:name=TrHtr:version=2.1.0:model_id=51170:date=26_07_2023_01:35</Creator>
        <Created>2023-05-02T07:50:36.598+02:00</Created>
        <LastChange>2023-07-26T01:35:37.241+02:00</LastChange>
        <TranskribusMetadata docId="1416714" pageId="54951308" pageNr="60" tsid="130867775" status="IN_PROGRESS" userId="64420" imgUrl="https://files.transkribus.eu/Get?id=LQFQLRGAMIAWWCWHRBRFYCMM&amp;fileType=view" xmlUrl="https://files.transkribus.eu/Get?id=SWEMBRVTHIIYFQYTGIHLFGIE" imageId="44455034"/>
    </Metadata>
    <Page imageFilename="1416714_0060.jpg" imageWidth="4146" imageHeight="3607">
        <ReadingOrder>
            <OrderedGroup id="ro_1711828575130" caption="Regions reading order">
                <RegionRefIndexed index="0" regionRef="tr_1"/>
            </OrderedGroup>
        </ReadingOrder>
        <TextRegion id="tr_1" custom="readingOrder {index:0;}">
            <Coords points="2072,532 3789,532 3789,2754 2072,2754"/>
            <TextLine id="tr_1_tl_1" custom="readingOrder {index:0;}">
                <Coords points="2312,646 2330,646 2344,633 2365,646 2402,631 2428,633 2466,649 2506,631 2543,635 2540,548 2477,526 2466,534 2455,527 2425,534 2394,510 2309,540"/>
                <Baseline points="2320,582 2361,585 2406,585 2451,585 2496,588 2541,591 2546,591"/>
                <TextEquiv>
                    <Unicode>11</Unicode>
                </TextEquiv>
            </TextLine>
            <TextLine id="tr_1_tl_2" custom="readingOrder {index:1;}">
                <Coords points="2062,662 2082,655 2099,662 2119,659 2128,668 2135,663 2138,667 2157,663 2160,522 2144,516 2122,522 2093,508 2086,513 2077,505 2066,506"/>
                <Baseline points="2072,647 2117,644 2161,644"/>
                <TextEquiv>
                    <Unicode>Läheren</Unicode>
                </TextEquiv>
            </TextLine>
            <TextLine id="tr_1_tl_3" custom="readingOrder {index:2;}">
                <Coords points="2508,971 3269,986 3413,955 3562,1000 3620,989 3620,883 2508,921"/>
                <Baseline points="2517,952 2561,955 2606,958 2651,958 2696,958 2741,958 2785,958 2830,958 2875,958 2920,958 2965,958 3009,958 3054,958 3099,958 3144,958 3188,958 3233,958 3278,958 3323,958 3368,961 3412,958 3457,958 3502,958 3547,958 3592,964 3624,970"/>
                <TextEquiv>
                    <Unicode>dern geeignet wäre, und so greife ich Ihr</Unicode>
                </TextEquiv>
            </TextLine>
            <TextLine id="tr_1_tl_4" custom="readingOrder {index:3;}">
                <Coords points="2511,997 2529,998 2540,1008 2553,1002 2559,1008 2566,1005 2575,1013 2585,1013 2598,1003 2617,1008 2615,963 2580,970 2556,963 2550,968 2532,965 2526,971 2510,966"/>
                <Baseline points="2520,988 2564,988 2609,991 2621,991"/>
                <TextEquiv>
                    <Unicode>8.</Unicode>
                </TextEquiv>
            </TextLine>
            <TextLine id="tr_1_tl_5" custom="readingOrder {index:4;}">
                <Coords points="2502,1072 3699,1082 3774,1064 3775,1006 2503,994"/>
                <Baseline points="2511,1057 2523,1057 2567,1054 2612,1054 2657,1054 2702,1054 2747,1054 2791,1054 2836,1054 2881,1054 2926,1054 2970,1054 3015,1054 3060,1054 3105,1054 3150,1051 3194,1051 3239,1048 3284,1051 3329,1051 3374,1051 3418,1051 3463,1048 3508,1051 3553,1051 3598,1054 3642,1051 3687,1051 3732,1051 3777,1054"/>
                <TextEquiv>
                    <Unicode>freundliches Anerbieten mit umso lebhaftere m</Unicode>
                </TextEquiv>
            </TextLine>
            <TextLine id="tr_1_tl_6" custom="readingOrder {index:5;}">
                <Coords points="2511,1149 2836,1192 3130,1151 3708,1175 3707,1123 3532,1119 3461,1072 3293,1070 3184,1123 3037,1078 2511,1103"/>
                <Baseline points="2520,1140 2564,1140 2609,1140 2654,1143 2699,1143 2744,1143 2788,1143 2833,1143 2878,1143 2923,1143 2968,1143 3012,1143 3057,1143 3102,1143 3147,1143 3191,1146 3236,1143 3281,1143 3326,1143 3371,1143 3415,1143 3460,1143 3505,1143 3550,1146 3595,1146 3639,1146 3684,1146 3711,1149"/>
                <TextEquiv>
                    <Unicode>Vergnügen auf, je weniger ich fürchten muss,</Unicode>
                </TextEquiv>
            </TextLine>
            <TextLine id="tr_1_tl_7" custom="readingOrder {index:6;}">
                <Coords points="2502,1256 3726,1256 3724,1176 3612,1163 2500,1178"/>
                <Baseline points="2511,1224 2555,1227 2600,1227 2645,1227 2690,1227 2735,1227 2779,1227 2824,1227 2869,1227 2914,1227 2959,1227 3003,1227 3048,1227 3093,1230 3138,1230 3182,1230 3227,1230 3272,1227 3317,1227 3362,1230 3406,1230 3451,1227 3496,1230 3541,1230 3586,1230 3630,1230 3675,1230 3720,1230 3729,1230"/>
                <TextEquiv>
                    <Unicode>dass einer eventuellen Aufführung der "Leben¬</Unicode>
                </TextEquiv>
            </TextLine>
            <TextLine id="tr_1_tl_8" custom="readingOrder {index:7;}">
                <Coords points="2502,1327 3590,1354 3702,1325 3702,1252 2502,1272"/>
                <Baseline points="2511,1316 2555,1316 2600,1316 2645,1316 2690,1319 2735,1316 2779,1316 2824,1319 2869,1316 2914,1316 2959,1316 3003,1319 3048,1319 3093,1319 3138,1319 3182,1319 3227,1319 3272,1319 3317,1316 3362,1319 3406,1319 3451,1319 3496,1319 3541,1319 3586,1319 3630,1319 3675,1319 3705,1316"/>
                <TextEquiv>
                    <Unicode>digen Stunden" an Burgtheater die funeste Ne¬</Unicode>
                </TextEquiv>
            </TextLine>
            <TextLine id="tr_1_tl_9" custom="readingOrder {index:8;}">
                <Coords points="2497,1413 3678,1444 3668,1335 2809,1377 2497,1353"/>
                <Baseline points="2505,1403 2549,1406 2594,1406 2639,1406 2684,1406 2729,1406 2773,1406 2818,1406 2863,1406 2908,1406 2953,1406 2997,1406 3042,1406 3087,1406 3132,1406 3177,1406 3221,1406 3266,1406 3311,1406 3356,1409 3400,1409 3445,1409 3490,1409 3535,1409 3580,1409 3624,1406 3669,1406 3681,1406"/>
                <TextEquiv>
                    <Unicode>benbedeutung eines Medardusbegrübnisses zu¬</Unicode>
                </TextEquiv>
            </TextLine>
            <TextLine id="tr_1_tl_10" custom="readingOrder {index:9;}">
                <Coords points="2502,1514 3707,1500 3673,1447 2502,1452"/>
                <Baseline points="2511,1495 2555,1495 2600,1495 2645,1492 2690,1495 2735,1492 2779,1492 2824,1492 2869,1492 2914,1492 2959,1492 3003,1492 3048,1492 3093,1492 3138,1492 3182,1492 3227,1492 3272,1492 3317,1492 3362,1492 3406,1492 3451,1492 3496,1495 3541,1495 3586,1495 3630,1495 3675,1495 3711,1495"/>
                <TextEquiv>
                    <Unicode>käme. Vor allem möchte ich bemerken, dass ich</Unicode>
                </TextEquiv>
            </TextLine>
            <TextLine id="tr_1_tl_11" custom="readingOrder {index:10;}">
                <Coords points="2502,1617 2993,1583 3689,1602 3707,1518 3356,1558 3255,1522 2776,1514 2502,1559"/>
                <Baseline points="2511,1582 2555,1585 2600,1585 2645,1585 2690,1585 2735,1582 2779,1582 2824,1579 2869,1582 2914,1582 2959,1585 3003,1582 3048,1582 3093,1585 3138,1579 3182,1585 3227,1585 3272,1585 3317,1585 3362,1585 3406,1585 3451,1585 3496,1585 3541,1585 3586,1585 3630,1585 3675,1585 3711,1588"/>
                <TextEquiv>
                    <Unicode>das Miterscheinen des "Puppenspielers" nicht</Unicode>
                </TextEquiv>
            </TextLine>
            <TextLine id="tr_1_tl_12" custom="readingOrder {index:11;}">
                <Coords points="2678,1625 3469,1638 3469,1607 3433,1593 2678,1593"/>
                <Baseline points="2687,1615 2732,1615 2776,1615 2821,1618 2866,1621 2911,1621 2956,1624 3000,1621 3045,1621 3090,1618 3135,1618 3180,1618 3224,1621 3269,1621 3314,1621 3359,1621 3403,1624 3448,1627 3472,1633"/>
                <TextEquiv>
                    <Unicode>même nouvelle de mouveau</Unicode>
                </TextEquiv>
            </TextLine>
            <TextLine id="tr_1_tl_13" custom="readingOrder {index:12;}">
                <Coords points="2526,1684 3650,1694 3636,1631 2526,1627"/>
                <Baseline points="2535,1681 2579,1675 2624,1675 2669,1675 2714,1675 2758,1672 2803,1675 2848,1672 2893,1675 2938,1672 2982,1672 3027,1675 3072,1675 3117,1675 3162,1675 3206,1678 3251,1678 3296,1678 3341,1675 3386,1675 3430,1675 3475,1675 3520,1675 3565,1675 3609,1678 3654,1678"/>
                <TextEquiv>
                    <Unicode>für unumgänglich halte,so sympathisch mir</Unicode>
                </TextEquiv>
            </TextLine>
            <TextLine id="tr_1_tl_14" custom="readingOrder {index:13;}">
                <Coords points="2657,1719 2697,1711 2713,1718 2724,1710 2755,1718 2784,1711 2811,1719 2848,1715 2867,1723 2907,1716 2905,1679 2888,1686 2864,1679 2856,1687 2824,1679 2776,1687 2739,1679 2655,1683"/>
                <Baseline points="2666,1704 2711,1704 2756,1701 2800,1701 2845,1704 2890,1707 2911,1707"/>
                <TextEquiv>
                    <Unicode>(4)</Unicode>
                </TextEquiv>
            </TextLine>
            <TextLine id="tr_1_tl_15" custom="readingOrder {index:14;}">
                <Coords points="3338,1734 3351,1729 3372,1731 3396,1744 3423,1721 3434,1727 3444,1719 3457,1724 3463,1719 3473,1727 3489,1727 3487,1683 3449,1684 3444,1689 3429,1684 3404,1691 3396,1684 3388,1689 3370,1684 3360,1691 3349,1683 3336,1686"/>
                <Baseline points="3347,1704 3392,1707 3436,1707 3481,1707 3493,1707"/>
                <TextEquiv>
                    <Unicode>8. Juli</Unicode>
                </TextEquiv>
            </TextLine>
            <TextLine id="tr_1_tl_16" custom="readingOrder {index:15;}">
                <Coords points="2500,1787 2631,1814 2729,1777 3679,1776 3679,1731 3266,1744 3051,1694 2500,1724"/>
                <Baseline points="2508,1767 2520,1764 2564,1764 2609,1764 2654,1764 2699,1761 2744,1761 2788,1764 2833,1764 2878,1764 2923,1761 2968,1764 3012,1764 3057,1764 3102,1764 3147,1764 3191,1764 3236,1764 3281,1764 3326,1767 3371,1767 3415,1767 3460,1767 3505,1767 3550,1767 3595,1767 3639,1767 3684,1764"/>
                <TextEquiv>
                    <Unicode>auch diese Zusammenstellung wäre,wenn Kainz</Unicode>
                </TextEquiv>
            </TextLine>
            <TextLine id="tr_1_tl_17" custom="readingOrder {index:16;}">
                <Coords points="2913,1809 2945,1803 2961,1816 3018,1809 3032,1819 3069,1811 3093,1820 3118,1811 3130,1822 3154,1814 3176,1824 3211,1812 3210,1779 3200,1777 3085,1776 3064,1788 3006,1776 2968,1787 2912,1777"/>
                <Baseline points="2920,1797 2965,1800 3009,1803 3054,1803 3099,1806 3144,1806 3188,1806 3215,1806"/>
                <TextEquiv>
                    <Unicode>Immeuble</Unicode>
                </TextEquiv>
            </TextLine>
            <TextLine id="tr_1_tl_18" custom="readingOrder {index:17;}">
                <Coords points="3602,1811 3620,1811 3625,1806 3647,1816 3654,1809 3670,1808 3686,1811 3708,1827 3716,1820 3724,1820 3724,1776 3710,1777 3703,1772 3699,1777 3602,1777"/>
                <Baseline points="3612,1797 3657,1800 3702,1797 3729,1797"/>
                <TextEquiv>
                    <Unicode>Monsieur</Unicode>
                </TextEquiv>
            </TextLine>
            <TextLine id="tr_1_tl_19" custom="readingOrder {index:18;}">
                <Coords points="2500,1875 3652,1870 3625,1806 3417,1787 3104,1836 2827,1790 2657,1825 2500,1801"/>
                <Baseline points="2508,1851 2552,1854 2597,1854 2642,1854 2687,1854 2732,1851 2776,1851 2821,1851 2866,1851 2911,1851 2956,1851 3000,1854 3045,1854 3090,1854 3135,1854 3180,1854 3224,1854 3269,1854 3314,1854 3359,1854 3403,1854 3448,1854 3493,1854 3538,1854 3583,1854 3627,1854 3654,1851"/>
                <TextEquiv>
                    <Unicode>alle fünf Hauptrollen zu spielen sich ent-</Unicode>
                </TextEquiv>
            </TextLine>
            <TextLine id="tr_1_tl_20" custom="readingOrder {index:19;}">
                <Coords points="2681,1913 2758,1918 2780,1902 2840,1915 2872,1904 2891,1917 2902,1907 3016,1910 3018,1869 2966,1859 2910,1870 2893,1861 2795,1880 2683,1865"/>
                <Baseline points="2690,1899 2735,1902 2779,1899 2824,1902 2869,1899 2914,1896 2959,1893 3003,1896 3018,1899"/>
                <TextEquiv>
                    <Unicode>Monsieur M.M.</Unicode>
                </TextEquiv>
            </TextLine>
            <TextLine id="tr_1_tl_21" custom="readingOrder {index:20;}">
                <Coords points="2497,1963 3702,1974 3702,1885 3570,1864 2901,1921 2497,1889"/>
                <Baseline points="2505,1940 2549,1940 2594,1937 2639,1940 2684,1940 2729,1943 2773,1943 2818,1940 2863,1940 2908,1940 2953,1940 2997,1940 3042,1940 3087,1940 3132,1943 3177,1940 3221,1940 3266,1940 3311,1940 3356,1940 3400,1940 3445,1940 3490,1943 3535,1943 3580,1943 3624,1943 3669,1943 3705,1946"/>
                <TextEquiv>
                    <Unicode>schlösse. (Auch wäre es ja vielleicht gut, das</Unicode>
                </TextEquiv>
            </TextLine>
            <TextLine id="tr_1_tl_22" custom="readingOrder {index:21;}">
                <Coords points="2500,2048 3554,2050 3654,2037 3654,1979 2500,1992"/>
                <Baseline points="2508,2024 2552,2024 2597,2027 2642,2024 2687,2024 2732,2024 2776,2024 2821,2024 2866,2024 2911,2024 2956,2024 3000,2024 3045,2024 3090,2027 3135,2024 3180,2024 3224,2024 3269,2024 3314,2024 3359,2024 3403,2024 3448,2027 3493,2027 3538,2027 3583,2027 3627,2027 3657,2027"/>
                <TextEquiv>
                    <Unicode>Publikum allmählich an lange Theaterabende</Unicode>
                </TextEquiv>
            </TextLine>
            <TextLine id="tr_1_tl_23" custom="readingOrder {index:22;}">
                <Coords points="2490,2122 3763,2130 3763,2069 3351,2045 2490,2072"/>
                <Baseline points="2499,2111 2544,2114 2588,2114 2633,2114 2678,2114 2723,2114 2767,2114 2812,2114 2857,2114 2902,2111 2947,2111 2991,2114 3036,2114 3081,2114 3126,2114 3171,2111 3215,2114 3260,2111 3305,2114 3350,2111 3394,2114 3439,2114 3484,2114 3529,2114 3574,2114 3618,2117 3663,2117 3708,2114 3753,2117 3765,2120"/>
                <TextEquiv>
                    <Unicode>zu gewähnen). Ich bestehe natürlich auch nicht</Unicode>
                </TextEquiv>
            </TextLine>
            <TextLine id="tr_1_tl_24" custom="readingOrder {index:23;}">
                <Coords points="3011,2160 3040,2171 3056,2160 3093,2171 3099,2165 3123,2167 3139,2155 3173,2154 3173,2123 3139,2128 3125,2123 3118,2130 3090,2131 3075,2130 3064,2120 3050,2127 3014,2119"/>
                <Baseline points="3021,2149 3042,2149 3087,2149 3132,2146 3177,2143"/>
                <TextEquiv>
                    <Unicode>auch</Unicode>
                </TextEquiv>
            </TextLine>
            <TextLine id="tr_1_tl_25" custom="readingOrder {index:24;}">
                <Coords points="2493,2219 2676,2253 2925,2213 3441,2210 3497,2239 3654,2211 3654,2157 3575,2146 3375,2183 2493,2154"/>
                <Baseline points="2502,2203 2546,2203 2591,2203 2636,2203 2681,2203 2726,2203 2770,2206 2815,2203 2860,2203 2905,2203 2950,2203 2994,2206 3039,2206 3084,2203 3129,2206 3174,2206 3218,2206 3263,2206 3308,2206 3353,2206 3397,2206 3442,2206 3487,2206 3532,2206 3577,2206 3621,2206 3657,2206"/>
                <TextEquiv>
                    <Unicode>auf Kainz,wenn ich auch überzeugt bin, dass</Unicode>
                </TextEquiv>
            </TextLine>
            <TextLine id="tr_1_tl_26" custom="readingOrder {index:25;}">
                <Coords points="2500,2311 3362,2296 3639,2341 3785,2322 3785,2242 2500,2255"/>
                <Baseline points="2508,2290 2552,2290 2597,2290 2642,2290 2687,2293 2732,2290 2776,2290 2821,2290 2866,2293 2911,2293 2956,2293 3000,2290 3045,2293 3090,2290 3135,2293 3180,2296 3224,2296 3269,2296 3314,2293 3359,2296 3403,2293 3448,2296 3493,2296 3538,2296 3583,2296 3627,2296 3672,2296 3717,2296 3762,2296 3789,2296"/>
                <TextEquiv>
                    <Unicode>dessen 4 oder 5 faches Auftreten an diesen Abend</Unicode>
                </TextEquiv>
            </TextLine>
            <TextLine id="tr_1_tl_27" custom="readingOrder {index:26;}">
                <Coords points="2723,2333 2808,2343 2881,2328 2899,2338 3138,2330 3138,2301 3126,2298 2804,2306 2723,2296"/>
                <Baseline points="2732,2323 2776,2323 2821,2326 2866,2326 2911,2326 2956,2323 3000,2320 3045,2320 3090,2323 3135,2323 3141,2323"/>
                <TextEquiv>
                    <Unicode>m mai että ettste</Unicode>
                </TextEquiv>
            </TextLine>
            <TextLine id="tr_1_tl_28" custom="readingOrder {index:27;}">
                <Coords points="2490,2386 2636,2428 2790,2388 2969,2417 3125,2383 3561,2402 3582,2319 2490,2330"/>
                <Baseline points="2499,2376 2544,2379 2588,2379 2633,2382 2678,2379 2723,2379 2767,2382 2812,2382 2857,2379 2902,2379 2947,2379 2991,2379 3036,2379 3081,2379 3126,2382 3171,2382 3215,2379 3260,2379 3305,2379 3350,2382 3394,2382 3439,2382 3484,2382 3529,2382 3574,2382 3586,2385"/>
                <TextEquiv>
                    <Unicode>den Erfolg auch aus äusseren Gründen in</Unicode>
                </TextEquiv>
            </TextLine>
            <TextLine id="tr_1_tl_29" custom="readingOrder {index:28;}">
                <Coords points="3134,2413 3203,2426 3240,2418 3324,2437 3332,2429 3373,2437 3444,2429 3442,2399 3402,2404 3386,2394 3375,2402 3336,2388 3306,2402 3288,2391 3133,2386"/>
                <Baseline points="3144,2406 3188,2412 3233,2412 3278,2418 3323,2421 3368,2421 3412,2421 3448,2424"/>
                <TextEquiv>
                    <Unicode>m m m m</Unicode>
                </TextEquiv>
            </TextLine>
            <TextLine id="tr_1_tl_30" custom="readingOrder {index:29;}">
                <Coords points="2492,2489 3748,2498 3747,2404 3548,2394 3322,2452 3138,2410 2490,2420"/>
                <Baseline points="2499,2469 2544,2466 2588,2466 2633,2466 2678,2466 2723,2466 2767,2466 2812,2466 2857,2463 2902,2466 2947,2466 2991,2466 3036,2466 3081,2466 3126,2466 3171,2469 3215,2469 3260,2469 3305,2469 3350,2469 3394,2472 3439,2472 3484,2472 3529,2469 3574,2469 3618,2469 3663,2472 3708,2472 3750,2472"/>
                <TextEquiv>
                    <Unicode>ganz ausserordentlicher Weise stetgem könnte.</Unicode>
                </TextEquiv>
            </TextLine>
            <TextLine id="tr_1_tl_31" custom="readingOrder {index:30;}">
                <Coords points="2490,2567 2803,2561 2912,2596 3699,2567 3636,2514 3332,2487 3133,2522 2843,2485 2490,2513"/>
                <Baseline points="2499,2555 2538,2555 2582,2555 2627,2555 2672,2555 2717,2552 2761,2555 2806,2552 2851,2555 2896,2552 2941,2555 2985,2555 3030,2555 3075,2555 3120,2555 3165,2555 3209,2555 3254,2552 3299,2555 3344,2555 3389,2558 3433,2558 3478,2558 3523,2558 3568,2558 3612,2555 3657,2558 3702,2552"/>
                <TextEquiv>
                    <Unicode>Im übrigen würde Kainz mit der Aufnahme die-</Unicode>
                </TextEquiv>
            </TextLine>
            <TextLine id="tr_1_tl_32" custom="readingOrder {index:31;}">
                <Coords points="2493,2660 3460,2655 3548,2687 3702,2671 3702,2588 3134,2566 2949,2601 2793,2570 2493,2606"/>
                <Baseline points="2502,2651 2546,2648 2591,2648 2636,2651 2681,2651 2726,2651 2770,2648 2815,2648 2860,2648 2905,2648 2950,2651 2994,2651 3039,2651 3084,2648 3129,2648 3174,2648 3218,2651 3263,2651 3308,2651 3353,2651 3397,2651 3442,2651 3487,2651 3532,2651 3577,2651 3621,2651 3666,2651 3705,2654"/>
                <TextEquiv>
                    <Unicode>ser 4 oder 5 Rollen in sein Repertoire einen</Unicode>
                </TextEquiv>
            </TextLine>
            <TextLine id="tr_1_tl_33" custom="readingOrder {index:32;}">
                <Coords points="2493,2760 2768,2745 3001,2790 3126,2743 3695,2742 3695,2699 3638,2694 2493,2689"/>
                <Baseline points="2502,2741 2546,2741 2591,2741 2636,2741 2681,2741 2726,2741 2770,2741 2815,2741 2860,2741 2905,2741 2950,2741 2994,2738 3039,2738 3084,2738 3129,2738 3174,2741 3218,2741 3263,2741 3308,2741 3353,2744 3397,2741 3442,2741 3487,2741 3532,2741 3577,2741 3621,2741 3666,2741 3699,2741"/>
                <TextEquiv>
                    <Unicode>sehr guten Abend für seine Gastspiele gewin-</Unicode>
                </TextEquiv>
            </TextLine>
        </TextRegion>
    </Page>
</PcGts>
