4126 3623
2202 826 3574 923 Ich: Wie verhält sich die Sache in Wirklichkeit?
2198 941 3583 1022 h.: Sie wissen, ich war von Schlenthers Absicht das
2198 995 3641 1117 Stück aufzuführen ganz überzeugt,bin nun aber selbst
2207 1094 3531 1211 befremdet, dass die Sache bei der Zensur so lange
2207 1191 3592 1288 Zeit braucht. Ich glaube jetzt, dass Schlenther und
2203 1274 3535 1392 Jettel unter einer Decke spielen und dass J. auf
2202 1363 3615 1470 Schl.'s Ersuchen die Sache möglichst hinzusschiebt.
2207 1479 3538 1561 Ich: Wie wird aber der weitere Verlauf sein!wenn
2212 1560 3511 1660 nun die Zensurbedenken - woran kaum ein Zweifel
2216 1642 2900 1756 ist - aliminiert werden?
2203 1711 3615 1820 R. : Ste werden dann an Schl. einen Brief schreiben,
2216 1817 3565 1905 in dem Sie mit Berufung auf seine früheren Briefe
2221 1899 3513 1998 und die Entscheidung der Zensur eine definitive
2216 1984 3540 2087 Antwortwünschen. Darauf wird mit Schl. sagen, ich
2220 2087 3540 2189 solle Ihnen den Tantiemenrevers schicken und der
2216 2176 3619 2256 Wiener Abendpost offiziös verlautbaren,dass der Mo-
2220 2232 3659 2376 dardus wahrsche inlich zur Aufführung in der nächsten
2209 2351 3549 2462 Satson angenommen ist. Sie wissen, dass damit das
2220 2450 3660 2536 Burgtheater noch nicht gebunden ist und er das Stück
2212 2529 3580 2642 weiter hincusschieben kann,so lang er will. Um ihm
2223 2633 3669 2763 das unmöglich zu machen fordern Sie einen Termin, den
