4119 3608
2307 836 3662 974 mir nicht unwesentlich und meiner Berechnung nach
2317 972 3629 1065 ist das ganze Stück nun in dem aus mannig fachen
2564 1044 2835 1103 G.C.H.T
2317 1077 3632 1152 Gründen wünschenswerten Tempo in mir Stunden zu
3183 1123 3550 1193 G.C.H.S.
2314 1173 3653 1250 spielen. Durch den Wegfall jener drei Szenen wird
2314 1240 3567 1354 aber auch etwas vermieden,was Ihnen von Anfang
2315 1334 3571 1436 an als eine Gefahr für die Wirkung des Stüches
2317 1420 3576 1539 erschienen ist und Medardu bleibt auch in der
2314 1528 3653 1614 zweiten Hälfte des Stückes, dadurch, dass seine Ge-
2317 1598 3664 1681 schichte ununterbrochen weiterläuft (die Eschen¬
2315 1667 3672 1778 bacher Episede gehört ja zu dieser Geschichte im
2319 1750 3518 1862 stärks ten Sinn) der unbezweifelbare Held des
2307 1864 2555 1985 Stückes.
2516 1941 3630 2071 Alles Uebrige erlauben Sie mir, verehrter
2310 2053 3660 2132 Herr Hofrat, einer mündlichen Besprechung vorzube-
2307 2144 2518 2261 halten.
2499 2214 3567 2307 Sollte hinsichtlich der "Lebendigen Stu
2317 2303 3720 2399 sich nach der negativen oder positiven Seite irgend
2319 2371 3639 2501 etwas geändert haben, so wäre ich für freundliche
2305 2473 3032 2595 Mitteilung sehr verbunden.
2681 2583 3475 2690 Mit vorzüglicher Hochachtung
2852 2662 3235 2751 Ihr groe jener
