4157 3607
2280 897 3631 988 zugestand). In der Buchausga b soll die Basteten-
2287 989 3605 1067 szene allerdings weiter bestehen bleiben, so dass
2287 1064 3668 1163 Ihr sehr beachtens-und dankenswerter Vorschlag,die¬
2285 1159 3676 1265 se Szene zu einem einaktigen Zeitbild zu gestalten,
2283 1249 3543 1351 für mich kaum aus führbar sein wird. Allerdings
2278 1336 3619 1431 wäre es möglich, dass ich diese Szene noch vor Er-
2280 1417 3564 1512 scheinen des Buchs eventuell mit Weglassung der
2271 1516 3508 1623 Medardus-Etzelt-Szene veröffentlichen werde.
2401 1597 3593 1689 Wenn es mir nun gestattet ist noch ein Wort
2270 1686 3569 1765 über die Terminfrage zu reden, so will ich nicht
2271 1769 3614 1862 verhehlen, dass mir eine Aufführung noch in dieser
3366 1845 3617 1907 G.C.H.F.P.
2263 1881 3633 1961 Saison sehr wünschenswert erschiene, vorausgesetzt,
2266 1959 3647 2039 dass es sich noch im März u. zw. vor Ostern (utel¬
3236 2022 3427 2072 4 4
2271 2060 3635 2129 leicht schon mit Frl. v. Wagner) ermöglichen liesse.
2259 2155 3614 2218 Aber hierüber wird sich natürlich erst reden las-
2268 2245 3567 2315 sen,wenn die übrigen Schwierigkeiten „von denen
2266 2327 3652 2405 heute wohl nur mehr die Zensurfrage ernstlich aus-
2261 2401 3226 2524 sistiert aus dem Wege geräumt sind.
2554 2519 3337 2616 Mit vorzüglicher Hochachtung
2691 2592 3073 2718 Ihr ergebener
