4147 3608
3296 252 3386 368 II
2219 390 3001 571 Wien, 17. November 1909.
2026 883 2749 1045 Sehr geehrter Herr Doktor,
1503 1033 3393 1142 Nachdem ich nun den "jungen Medardus" zum ersten Mal in
1510 1125 3400 1246 den Druckfahnen gelesen habe, bin ich darin bestärkt worden, es für ei-
1510 1222 3369 1319 ne grosse Wolltat zu halten, dass die Basteiszene wegfällt. Obwol sie
1508 1312 3410 1423 an sich voller Reiz, Lebensfarbe und Kraft war, hatte sie sich doch wie
1512 1404 3386 1520 ein Keil in die Handlung hineingeschoben und vor allem das Interesse
1505 1471 3448 1578 an Medardus, der in dieser Szene mehr oder minder zu Handlangerdiensten
1508 1573 3192 1694 verurteilt war, abgeschwächt. Man hatte ihn mit seinen eigentlich
1508 1667 3400 1800 Schmerzen so ganz aus dem Auge verloren, dass ihn unsere Teilnahme am
1508 1747 3308 1839 grossen Schluss des Stückes nicht mehr recht wiederfinden konnte.
1508 1830 3376 1965 Jetzt hat sich die Figur des Helden dadurch, dass wir fortwährend bei
1503 1929 3381 2040 ihm bleiben, sehr gehoben. Wieviel szenische Erleichterungen uns durch
1512 2040 3376 2130 den Wegfall der Basteiszene geschaffen worden sind, brauche ich nicht
1512 2110 3318 2222 erst zu sagen, denn dies war ja die hauptsächlichste crux.Es dürfte
1503 2207 3352 2309 jetzt möglich sein, das ganze Stück auf die prehbühne zu bringen und
1508 2299 3419 2389 das Vorspiel mit den ersten zwei Akten vor Beginn der Aufführung voll-
1508 2403 3376 2488 ständig fertig aufzubauen, sodass sich die Bilder I bis incl.VII ohne
1510 2459 3388 2575 grössere Pause, nur soweit es die Bühnendrehung fordert,abspielen kön-
1508 2548 3422 2655 nen. Wenigstens ist das die Meinung, zu der ich im Verein mit Herrn Pro-
1508 2655 3328 2749 fessor Lefler und Herrn Vorstand Frank in einer Beratung am grünen
1510 2732 3395 2814 Tisch gelangt bin. Nächstens soll das auf der Drehbühne selbst auspro-
1508 2831 3357 2938 biert werden. Ich glaube aber wöl, dass sich hier keine Schwierigkeit
1500 2921 3381 3061 mehr ergeben wird, obgleich fünf Eilder nebeneinander gestellt werden
