4157 3593
380 1572 469 1664 G.C.F.P.
311 1647 598 1763 G.H.F.P.
360 1718 639 1844 G.C.H.F.P.
339 1812 632 1943 G.C.F.P.
355 1928 489 2022 Jlos
2575 900 3800 1012 diesem Zusammenhang daran erinnern, dass Sie
2573 1003 3828 1081 mir in jenem schon früher erwähnten Gespräche
2583 1069 3780 1194 ohne weiters zustimmten als ich die Ansicht
2577 1159 3705 1282 aussprach, dass man wohl aus jeder Szene
2569 1246 3745 1350 allerlei eliminieren könne, dass aber jede
2572 1340 3612 1451 Szene an sich kaum zu entbehren wäre.
2843 1430 3833 1523 Ich, verehrter Herr Hofrat, bin heute
2577 1516 3810 1631 noch derselben Ansicht, insoweit es sich darin
2570 1604 3841 1727 handelt, das Stück als Ganzes in seinem inner-
2578 1697 3792 1814 sten Wesen zu erhalten. Trotzdem entschlösse
2580 1793 3764 1879 ich mich zu Konzessionen, wenn ich hiedurch
2569 1887 3720 1975 die Chancen der Aufführung am Burgtheater
2569 1967 3746 2081 die mir nach wie vor höchst erstrebenswert
2570 2062 3735 2168 sind, dadurch erheblich steigerte. Es wäre
2572 2142 3696 2250 denkbar, die erste Szene des fünften Auf-
2572 2234 3683 2348 zugs zu streichen und das Bild 13 und 18
2562 2335 3667 2461 zusammenzuziehen indem man das Gespräch
2561 2408 3783 2534 Helene Medardus auf die Strasse, gleich nach
2564 2513 3762 2619 der Hinreichtung Rschenbachers Und nach dem
