4157 3607
2155 565 2764 738 Schleuthes
3295 746 3620 843 7.12. 1909.
2581 907 3353 1019 Sehr verehrter Herr Hofrat!
2535 1110 3703 1193 Ihr letztes Schreiben an mich enthielt die
2392 1203 3737 1290 Mitteilung, dass die Entscheidung über die Annah¬
2403 1296 3620 1361 me des Medardus ausser von den Versuchen auf
2637 1344 2835 1400 G.C.H.F.P
2405 1373 3652 1472 der Dreh bühne (deren Gelingen in der jetzigen
2561 1435 2772 1491 Ce dernier ou le
2397 1450 3749 1564 Fassung des Stückes wohl ausser Zweifel steht und
2403 1562 3668 1642 zu denen Sie mich laden wollten) von der Zensur
3524 1610 3679 1664 Ce eaue
2403 1655 3722 1715 abhängig wäre (für die wohl in diesen Fall keine
2420 1735 3752 1818 nennenswerten Bedenken bestehen dürften).Seither
2403 1816 3696 1918 sind drei Wochen vergangen und ich gestatte mir
2436 1916 3722 1995 die Anfrage,ob die Zensur sich schon geäussert,
2436 2014 3722 2102 resp. ob Sie, verehrter Herr Hofrat,die Genetgt-
2405 2092 3673 2183 heit haben wollen eine Aeusserung zu urgieren.
2400 2170 3757 2243 Sie werden es nicht unbillig finden,wenn ich nach
2403 2251 3681 2368 se langer Verhandlungsdauer die Erledigung der
2393 2364 3749 2437 Angelegenheit sehnlichst herbetwünsche, umso mehr,
2400 2430 3713 2539 als meine weiteren „ispositionen über das ‘tück
2403 2534 3732 2610 (und zum Teil auch die Verfügung über andere Ar¬
2408 2598 3746 2728 beiten) von der definitiven Entscheidung des Burg-
2402 2710 2664 2840 theaters
2854 2732 2947 2804 6
