4150 3642
2403 810 3776 957 Ich: Es bleibt noch immer rätselhaft, warum Schlen¬
2415 908 3716 1036 ther den Medardus überhaupt angenommen hat? Es
2413 997 3742 1117 war doch das Leichteste von der Welt ihn einfach
2413 1136 2812 1238 zurückzugeben
2415 1148 3771 1332 R.: Ja, das will er nicht. So lang er von Ihnen et¬
2429 1255 3668 1390 was liest steht er gewiss unter dem Eindruck,
2430 1346 3761 1497 dann erst fällt ihm ein, dass es ja von Ihnen ist,
2429 1444 3774 1574 von dem er am liebsten gar nichts spielen möchte.
2425 1519 3755 1659 Er fühlt sich ganz als Nachfolger Laubes, so wie
2432 1616 3812 1739 Laube den Hebbel unterdrückt hat nur aus persönli¬
2448 1708 3788 1856 cher Antirathie und Grillparzer gefördert,so will
2442 1808 3594 1946 Schlenther Schönherr gegen Sie ausspielen.
2449 1899 3716 2054 Ich drücke meinen Zweifel an dieser Auffassung
2458 1983 3728 2093 aus, halte die Vorgänge in Schlenthers alkoholi¬
2451 2095 3278 2224 siertem Hirn für viel dumpfer.
