4119 3608
2221 601 2806 792 Schleuthes
2554 737 2787 837 G.C.HF.P.
3308 747 3602 877 3.11.1909.
3122 817 3218 898 D'
2589 971 3364 1077 Sehr verehrter Herr Hofrat!
2598 1154 3633 1249 Hier sende ich Ihnen also den Medardus
3513 1220 3727 1303 G.C.P.
2332 1244 3704 1364 mit den neuesten Strichen. Es fallen nun im Ganzen
2406 1315 3088 1369 lʼhonneur de lʼauteur ses mêmes
2323 1350 3670 1449 nicht weniger als drei Szenen vollkommen pag: die
2841 1414 3546 1470 lʼhonneur de lʼannée de lisant avec le même
2323 1428 3722 1531 Besteienszene, die Friedhofszene (der Auftritt Hele-
2431 1498 2671 1557 Monsieur Mlle
2917 1510 3119 1562 G.C.H.F.P
2320 1520 3694 1612 ne-Medordus schliesst unmittelbar an Eschenbachers
2330 1612 3668 1720 Tod, spielt auf dem Glacis weiter) und endlich die
2323 1694 3687 1779 1. Szene des 5. Aktes. Es bleibt also euch nur oin
2660 1758 2827 1824 Ce dernier ses
2323 1790 3633 1880 Umbau zu besorgen, der verhältnismässig länger in
2307 1873 3628 1995 Anspruch nimt, nämlich Schönbrunn.Da diese Szene
2311 1953 3551 2061 aber jetzt den Beginn eines neuen, des letzten
2311 2050 3598 2153 Aktes bildet,hat das wenig zu bedeuten,umse we-
2307 2135 3600 2222 niger, als die zweite(letzte Szene) im Gefängnis
2313 2219 3546 2318 ganz ohne Pause anschliessen kann,da hier ein
2307 2318 3680 2408 Prospekt genügen dürfte.Auch alle anderen Verwand-
2311 2393 3678 2511 lungen würden nur sehr wenig Zeit in Anspruch neh-
2304 2479 3642 2591 men. Die einzige, etwas umständlichere Dekoration,
2302 2566 3626 2672 das Zimmer bei Kläere, steht immer am Anfang des
2295 2662 3678 2799 Ahtes (Vorspiel, 2 Akt, 4. Akt). Auch dte Strüche, die
2309 2766 3684 2827 ich unterhalb der Tienen gemacht habe, scheinen
