4184 3593
3597 850 3729 941 4 m
2235 1035 3620 1125 historischen Schauplatz we das Drama zur Histerie
2241 1127 3723 1230 Wird. Das ergreifendste ist der uralte Herr neben dem
2233 1215 3685 1326 Au zu Büdinger die beste Figur des Stückes: also zwet
2246 1289 3714 1379 Meine Episedam. Dazu die international kokettierende
2246 1377 2792 1496 & au des Eleganten.
2246 1467 3642 1582 9. Missen Raps an die Valois, denen sich Napoleen
606 1550 766 1637 G.H.F.P
2241 1578 3689 1663 durch Helehene nähern will. Das Wesen um den blinden
2242 1650 3687 1742 Herzog entbehrt nicht des operettenhaften Zuges, sei-
2248 1725 3687 1836 ne Partisane werden so wenig lebendig wie er und die
2241 1832 3667 1951 ki inen. Helene geht statt in die Hochzeitsnacht mit
2248 1917 3343 2037 de m Vetter zu Napoleon nach Schönbrunn.
2246 2028 3761 2115 10.) Der allgemeine Zus tand wirft etne Schicksalswolke
2248 2101 3719 2199 ### f die Familie des Medardus' Sein Onkel wird Eschen-
2252 2186 3727 2289 bacher wird im Sinne Napoleons totfällig. (dte atlas
2242 2265 3695 2393 af feire) Helene lüsst Medardus zu sich rufen, um ihn
2248 2357 3678 2479 Gef Napeleen zuhhetzen. Alles was in dieser Buchla-
2248 2448 3695 2560 Hüsszene geschieht, ist nur neue Einfädelung. Etwas
2267 2549 2664 2660 mät am Abend.
