4169 3552
1204 612 1485 760 1.2.1910.
633 895 1252 1007 Lieber Dr. Rosenbaum!
603 1032 1762 1195 Ich danke Ihnen sehr für Ihr freundliches
345 1170 1769 1305 Schreiben vom 22. Jänner. Von Baron Berger habe ich
1481 1223 1585 1289 G.F.P.
349 1250 1678 1363 noch nichts gehört. Am 12. Jänner hatten mir, wie
351 1325 1813 1462 Sie wohl wissen dürften, Direktor Schlnther geschrie¬
353 1441 1786 1553 ben, dass er den Medardus persönlich seinem Nachfol¬
355 1513 1691 1631 ger übergeben hat. Wie ich sehe dunktioniert die
343 1585 1746 1709 Maschine auch sonst weiter und es sind über Stücke
345 1693 1773 1824 Entscheidungen jetroffen vorden, dte dem Burgtheater
356 1786 1883 1908 noch nicht so lange vorliegen wie das meine. Ich glaube
360 1870 1712 1989 also, dass ich Recht und Grund habe die Erledigung
356 1951 1828 2074 meiner Sache in kürzester Frist zu erwarten. Es kommt
362 2048 1788 2173 dazu, dass die Neue Presse nieder an mich herangetre¬
362 2145 1693 2276 ten ist wegen eventueller Veröffentlichung einer
360 2247 1803 2359 Szene und dass ich wieder genötigt bin meine defini-
362 2323 1855 2440 tive Antwort aufzuschleben; ich muss meine Verfügungen
383 2412 1853 2541 gegen der Buchausgabe und wegen gewisser ausländischer
385 2488 1801 2632 nträge immer wieder hinzusschieben und ich bin end¬
383 2586 1788 2725 ich an der Zeiterführung verschiedener anderer In¬
2285 662 3701 768 terartscher Unter ehnungen äusserlich und noch mehr
2281 760 3609 870 innerlich durch dieses (freilich auch in manchen
2279 836 3711 942 nicht vorherzusehenden Umständen begründete) Hinaus¬
2272 925 3736 1062 ziehen der Medardus-Angelegenheitrecht ärgerlich be¬
2270 1028 3728 1134 hindert. Es wäre sehr liebenswürdig von Ihnen, lieber
2270 1115 3745 1246 Herr Doktor, wenn Sie Gelegenheil nehmen wollten Herrn
2266 1204 3713 1307 Baron Berger im Allgemeinen oder wenn es Ihnen rich-
2276 1282 3648 1379 tig dünkt, auch im Einzelnen auf das ganz Exceptio-
2262 1367 3660 1494 nelle im Verlaufe dieser Angelegenheit aufmerksam
2266 1458 3681 1568 zu machen und hiemit die Notwendigkeit einer rachen
2258 1553 2941 1674 Erledigung zu begründen.
2628 1743 3157 1837 Herzlichst ergeben
2776 1822 2869 1928 Ihr
2401 2196 3698 2317 Herrn Dr. Richard Rosenbaum, Direktionssehretär.
3542 2321 3711 2403 Wien.
