4146 3607
2306 521 2512 667 1.
2651 559 2759 659 a
2042 513 2180 674 H
2401 827 3628 962 hohen Sendung alles Persönliche in der rück-
2379 966 3511 1069 sichtslosesten Weise aujopfert.Es scheint
2382 994 3609 1193 mir, im übrigen eine wahrhaft tragische Irente
2394 1100 3574 1237 dass die Prinzess in von Valots am Ende doch
2416 1190 3642 1330 an ihrem Liebesabenteuer zugrunde gehen muss,
2399 1280 3622 1414 während es dem Medardus gelingt eins Art so-
2371 1361 3598 1513 phistischen Tod für das Vaterland zu sterben.
2404 1459 3623 1597 Jedenfalls aber,wenn das Thema nun einmal an¬
2416 1538 3664 1675 gegriffen war, ergab sich die Notwendigkeitndie
2439 1635 3642 1771 Zeit selbst so lebendig und mannigfaltig als
2436 1714 3642 1857 mögl ich darzustellen, und dramatisch-ökono-
2442 1809 3692 1945 mische Erwägungen mussten zurücktreten gegen¬
2449 1913 3684 2023 Über der Grundidee des Dramas selbst auf die
2453 1984 3636 2122 Gefahr hin, dass diese Grundidee im weiteren
2463 2070 3703 2213 Verlauf der Arbeit sich immer mehr als Spreng-
2466 2169 3617 2329 stoff für eine überkommene und gewiss nie
2461 2265 3588 2405 ganz ungestraft zu verletzen de Form ent-
2469 2360 3664 2483 wicheln sollte. Doch um von diesem theoreti¬
2472 2430 3574 2567 sehen Seitenbeg in die Strasse konkreter
2469 2522 3673 2649 Forderungen wieder einzubtegen; dass sich in¬
2478 2603 3647 2756 nerhalb der einzelnen Szenen, sogar zum Vor¬
2517 2700 3675 2834 teile der fheatralischen Wirkung sehr viel
