4175 3594
2491 681 3457 851 (Schleutter im Brief vom 18.8.1805)
3581 794 3716 942 1
2283 983 3066 1123 1. ) Wehnztmmer bei Klaehrs.
2349 1092 3744 1211 Stud. med wird für den Krieg ausgerüstet von Mutte
2270 1211 3665 1302 Schwester und dem Mädchen, das ihn liebt. Das Ver-
2276 1267 3744 1361 hältnis zwischen seiner Schwester Agathe und dem Jung
2279 1357 3702 1490 gen Valets bringt ein Schicksal ins Haus. Sie gehen
2270 1466 3337 1574 heimlich in de Tod wie zu einem Fest.
2274 1554 3735 1664 2.) In der Denauschenhe, wo Medardus mit seinen Comil
2290 1642 3726 1746 ###en den Abschied fekert, entdecht er den Deppel sel
2285 1733 3720 1828 ord der Liebenden. Ueber der Privatmiesten den Tod
2316 1804 3687 1923 er Schwester zu rüchen, stellt er die patriottsoh###
2330 1908 3640 2016 ssien gegen Napeison zu stehen hindan. In senem
2332 1998 3660 2107 müt bekämpft sich fortan seine Haltung gegen das
2339 2064 3744 2192 ###s Valote mit seiner Haltung gegen Napoleen. Dieser
2349 2181 3658 2286 lismus filhrt zu dem tragtschem Konflikt. Er ver¬
2360 2254 3729 2374 rt ihn zunüchst daheim zu bleiben und sein Kriegen
2372 2363 3169 2454 ###einem Kameraden abzutreten.
2407 2391 3720 2546 uf dem Friedhof wo sich die Särge der Liebenden
2407 2529 3693 2637 nen, begenet sich zum ersten Mal das Paar, das
2407 2624 3746 2705 pten geschwisterlich verbunden ist. Statt in den
2411 2668 3753 2825 geht Medardus in den Zwethampf mit dem Freter ei
