4119 3608
1982 432 2321 616 11
2585 776 3184 913 Wien, 4. Oktober 1909.
2260 1153 3160 1231 Verehrter Herr Doktor Schnitzler,
2062 1309 3276 1419 Ich bin beauftragt Sie höflichst anzufragen,
2067 1400 3363 1514 ob Sie in den fünf Einaktern,von denen zwischen
2075 1511 3339 1588 uns die Rede ist, Striche und Veränderungen an-
2077 1608 3364 1701 zubringen beabsichtigten. Falls ja, bitte ich uns
2085 1696 3070 1792 davon gefälligst Kenntniss zu geben.
2241 1780 3080 1868 Mit den freundlichsten Grüssen
2567 1865 3239 1971 Ihr herzlichst ergebener
2681 2000 3131 2103 Richard Rosenbein
