4163 3577
3036 490 3554 576 Marienbad
3112 576 3782 737 18. August 1909.
2852 820 3661 946 Verehrter Herr Doctor,
2690 944 3907 1071 Nachdem ich erst jetzt den „Jungen
2511 1046 3800 1188 Medardus des nötiges Pänserbeitung
2538 1162 3872 1318 konnte angedeihen lassen, stete ich vor
2543 1237 3882 1443 einer Schwierigkeit mit Ihnen mit¬
2503 1416 3910 1565 zuteilen, die der Schwierigkeit des ganzen
2492 1504 3903 1662 Unternehmens entpricht. Noch läger
2487 1625 3850 1797 überlegung fiele ich keinen andern
2501 1723 3886 1925 Ausweg, als Ihnen alle meine Aufzeitung
2490 1852 3900 2018 zu schicken, die ich mir während sich nach
2524 1988 3873 2159 der Lectürs gemacht habe die aber nur
2543 2124 3912 2276 für mich selbst bestimmt waren und die
2539 2243 3819 2383 ich auch jetzt nur für mich selbst.
2536 2357 3900 2476 bestimmt wisser möchte. Es wäre mir
2531 2455 3891 2648 argenten von ihr aller Beiliegende
2518 2604 3791 2748 bei Gelegenheit wieder zurück erhielte
