4100 3625
2274 668 3653 795 Am 21.12. um 7 Uhr bei Rosenbaum, dem ich mein Ge¬
2308 776 3067 862 spräch mit Jettel berichte.
2301 854 3639 981 R. : Dass er behauptet den Schluss noch nicht ge¬
2305 957 3620 1068 lesen zu haben gefällt mir nicht. Im übrigen hat
2308 1043 3677 1158 Schlenther es ihm nicht gegeben, sondern geschicht,
2313 1146 3626 1249 wie aus den Akten hervorgeht. Da Sie aber Jettel
2313 1231 3622 1328 befugt hat offiziell der Direktion mitzutetbien.
2308 1321 3633 1419 dass von seiner Seite hetne Bedenken in Aussicht
2310 1410 3555 1510 stehen, so schretben Sie das an Schlenther und
2308 1479 3581 1590 verlangen da raufhin eine endgiltige zusagende
2296 1575 3627 1690 Entscheidung,aber noch keinen Termin der Auffüh¬
2313 1671 3535 1769 rung. Denn wenn Sie einen Termin verlangen, so
2308 1760 3620 1848 hachte er darauf ein, spricht überhaupt nicht
2303 1843 3600 1944 Annahme und Ablehnung,sondern beweist Ihnen auf
2310 1903 3596 2009 vier Seiten, dass gerade der Termin, den Sie ver-
2310 2011 3624 2119 langen, unmöglich ist. Wenn Sie die Annahme haben,
2308 2080 3657 2183 dann verlangen Sie den Termin,spätestens Dezember
2308 2166 3658 2279 1910.Geht er darauf nicht ein,so ist es klar, dass
2313 2264 3610 2387 er nicht will und dann machen Sie rücksichtslos
2303 2368 2727 2485 was Sie wollen.
2303 2413 3667 2549 Ich: Also glauben Sie eigentlich er will es nicht
2305 2563 2563 2652 spielen?
