4100 3625
2264 852 3593 986 Ich: Es muss hetn bayrtscher sein.Die paar Worte
2290 960 2985 1057 können aliminiert werden.
2285 1043 3572 1156 Ich richte nun das Ersuchen an Jettel die Sach-
2278 1137 3517 1251 möglichst rasch zu erledigen und erwähne, dass
2277 1225 3569 1331 Fürst Montenuovo das Buch schon im Juni gelesen
2270 1320 3605 1424 und nicht beanständet hat, was ich durchaus nicht
2273 1407 3488 1500 als Geheimnis von Schlenther erfahren habe.
2257 1500 3650 1592 Jettel behauptet nichts davon zu wissen und repit¬
2268 1592 3527 1698 ziert auf Geheimnis lächelnd: "Und wenn auch--“
2254 1681 3500 1826 J.: Also so bald ich 1½- 2 Stunden Zeit habe
2257 1771 2795 1859 lese ich's zu Ende.
2261 1847 3479 1953 Ich:Da Sie nur mehr 30 Seiten zu lesen haben
2245 1942 3600 2084 genügen 15-20 Minuten.Mir läge viel an einer mög¬
2252 2029 3597 2157 lichst raschen Erledigung, da sich die Sache schon
2247 2108 2871 2223 sechs Monate hinzieht.
2235 2204 3538 2344 Am Schlüsse ermächtigt mich Jettel ausdrücklich
2237 2285 3507 2396 Schlenther zu berichten, dass von seiner Seite,
2231 2368 3507 2491 was er schon heute sagen könne, gegen das Stück
2225 2464 2661 2573 nichts vorläge.
