4035 3577
2973 530 3337 663 Masse raa
2433 820 3687 951 Ich: "Man kann vielleicht einige Stellen mil-
2226 900 3594 1035 dern, aber im Wesentlichen lässt sich da nichts än¬
2226 988 3631 1125 dern. Uebrigens hätten die Wiener sehr Unrecht sich
2226 1092 3627 1205 zu behlagen, denn eine der sympathtschesten Figuren
2223 1205 3663 1313 des Stückes, Eschenbacher, den ich zu einem Wiener ge¬
2230 1280 3695 1386 macht habe, stammte in Wirklichkeit vom Bodensse. Auch
2230 1361 3696 1474 geben mir die Memotren und alle anderen Dokumente aus
2230 1477 2672 1565 der Zett Recht.
2387 1525 3674 1671 Auf diesen 3 Punkten wird weiter gar nicht in-
2241 1638 2507 1751 sistiert.
2358 1715 3702 1828 Nun kommen die zahlreichen Verhandlungen zur Spra-
2246 1788 3631 1934 che, die stimmungstörend wirken könnten. Schlenther
2246 1874 3691 2005 sagt zuerst, dass jede Verwandlung etwa 20 Minuten in
2241 1972 3691 2097 Anspruch nähme, wodurch der Abend sehr lang würde, ab¬
2255 2080 3174 2202 gesehen von der Länge der Szenen.
2398 2166 3753 2279 Ich: "Die Verwandlungen können nicht alle so lange
2257 2228 3568 2356 dauern. In den einzelnen Szenen lässt sich viel
2263 2327 3702 2454 kürzen. Freilich ganz herausstreichen lässt sich kei-
2263 2478 2365 2564 ne.
2372 2498 3691 2639 Schlenther stimmt zu: "Natürlich nicht, das Ganze
2276 2622 3342 2758 tet ja wie aus der Pistole geschossen.
