4157 3593
2223 937 3634 1110 den Napeison zu ermorden. Dieser Gedanke, der unter
2234 1110 3614 1194 andern auch in Helnrrich von Kleist lebte, ist der
2225 1194 3579 1299 Mühe eines grossen Drands vert, weil aus edelsten
2223 1264 3702 1393 Metiven etwas entsteht, was die landläuftge Meral und
2232 1367 3652 1483 Gerechtigkeit ein Verbrechen nennt. Woher kommt dem
3492 1406 3612 1468 G.F.P.
2243 1452 3579 1566 Geliebten der Valets, dem Neffen des Eschenbacher
2239 1536 3555 1656 dieserGedanke, was fördert ihn, was hindert thn.
2247 1619 3546 1737 Vördernissd und Hinderntsse um Medardus sind in
2252 1724 3671 1840 iedardus. Das müsste klar entwickelt sein. Alles was
2254 1800 3674 1921 lazu dtset ist gut. Alles, was davon ablenkt ist auf-
2256 1879 3667 2004 altend, vereirrend, leckernd, verstimmend, ermüdend
2271 1991 3590 2107 Ich wenn es im einzelnen wundervoll peetisch und
2282 2070 2994 2202 taterisch anschaulich ist.
3454 2116 3538 2180 P.S.
2283 2158 3687 2267 It den bisherigen Kürzungen ist dem Stück als Stücke
2282 2254 3546 2368 leht geholfen werden. Nur eine ganz energische
2289 2352 3555 2462 Irringerung der Szenen und des Personales kann
2296 2432 3520 2559 ler helfen. Doppelte und dreifache Belastung
2302 2488 3711 2629 nzelner Darsteller wäre üusserst nützlich und würde
223 2846 309 2940 1
