4100 3625
2364 883 3690 974 R. Nein, das glaub ich nicht.Er will Sie pisaken.
2376 983 3536 1061 Ich: Er könnte es doch heuer noch spielen?
2368 1071 3658 1167 R.: Ob er es könnte. Vom 1.Februar an stehen wir
2371 1142 3633 1251 vor einem Abgrund. Ich glaube nicht, dass er den
2376 1236 3653 1337 "Dunklen Punkt" geben wird.Es wird ein sicherer
2369 1324 3707 1425 Theaterskandal. (Er liest mir eine stenographische
2361 1410 3680 1498 Prophezeiung vor). Ich will Ihnen ein Schnippchen
2361 1501 3653 1592 erzählen, das er Ihnen schlagen wollte. (Holt ei-
2354 1591 3573 1699 nen Akt hervor und erläutert mit Dokumenten).
2352 1677 3597 1787 Schönherr hat zu Ostern ein Feuilleton in der
2354 1750 3649 1856 Neuen Presse über den Tiroler Aufstand 1809 ge-
2352 1842 3671 1957 habt.Schlenther wandte sich an ihn,er solle einen
2346 1942 3604 2050 Einakter draus machen.Schönherr machte ihn, er
2346 2033 3697 2133 soll zu "Ueber die Brücke" aufgeführt werden, doch
2339 2123 3695 2209 misslingt er so, dass von der Aufführung abgesehen
2336 2212 3578 2293 werden muss.Schlenthers Absicht war nach R.'s
2346 2292 3562 2406 Ueberzeugung zu erklären, er könne nicht mei
2337 2383 3646 2491 Stücke von 1809 aufführen und mir auf Grund des¬
2341 2474 3687 2584 sen den Medardus zurückzugeben. In einem Brief von
2332 2575 3678 2672 Jettel an Schlenther, den ich einsehe, lese ich die
2332 2650 3665 2768 Zeilen:“ Ueber das Schönherr'sche Stück habe ich
