4152 3608
1544 421 1669 566 P.S.
2426 431 3357 597 Wien, 26. September 1909.
518 658 689 719 - - --
1987 893 2715 1038 Sehr geehrter Herr Doktor,
1411 1026 3398 1128 Mir selbst ist es schon lange peinlich Sie zur projektierten Unterredung
1418 1102 3386 1227 noch nicht eingeladen zu haben. Aber eine Reihe von Hindernissen trat da-
1418 1214 3437 1319 zwischen. Diese Unterredung, zu der ich, wenn Sie es wünschen, selbstverständ-
1416 1286 3373 1424 lich jederzeit bereit bin, kann jedoch zu einem endgiltigen Resultat nur
1416 1370 3324 1508 unter zwei Voraussetzungen führen. Erstens müsste ich den jungen
1429 1490 3421 1617 Medardus“ in den von Ihnen freundlichst übersandten Aushängebogen
1434 1556 3383 1691 noch einmal im Zusammenhange lesen, und dazu haben mich die Vorarbeiten
1436 1643 3411 1771 für Herbstnovitäten noch nicht kommen lassen, zumal ich mir doch eine ge-
1434 1735 3439 1857 schlossene Zeit von mehreren Tagen dazu frei halten müsste.Denn die zwei-
1436 1842 3401 1970 te dramaturgische Lesung Ihres Stückes hat mehr als eine Ferienwoche in
1444 1934 3419 2026 Anspruch genommen. Zweitens muss ich unbedingt vorher mit Herrn Professor
1436 2000 3419 2107 Lefler eine sehr gründliche Rücksprache nehmen. Herr Professor Lefler ist
1436 2097 3439 2207 aber seit Ende August in seinem Sommeraufenthalt Scheiblingkirchen an ei-
1434 2199 3396 2304 nem hartnäckigen fieberhaften Bronchialkatarth ziemlich schwer erkrankt
1444 2294 3406 2401 und noch jetzt nicht Genesen. Er hat daher an dem Projekt weder arbeiten
1439 2383 3442 2475 noch mit mir konferieren können. Er stellt aber beides in nächste Aussicht
1436 2505 3439 2574 und ich werde ganz gewiss die Angelegenheit so viel wie möglich beschleu-
1434 2554 3452 2656 nigen. Freilich kann ans Jahr 1909 bei der ganz einzig dastehenden Schwie-
1436 2666 3424 2768 rigkeit der Aufgabe nicht mehr gedacht werden. Ich erinnere mich, dass Sie
1434 2735 3383 2850 bei der Unterredung vom Juni selbst eigentlich weniger Gewicht auf die
1434 2817 3373 2942 Einhaltung des Jubeljahres gelegt haben als ich.Die Hauptschwierigkeit
1436 2903 3424 3054 wird immer darin bestehen, dass das Stück viel zu viel Szenen hat und die
1431 3003 3477 3148 Umbaupausen viel zu viel Zeit erfordern. Nachdem nun aber seit meiner letz-
