4184 3576
3514 659 3701 741 - 3 -
2297 837 3713 999 er ganz unter der Fülle der übrigen hier durche man¬
2373 817 2477 925 det
2299 925 3703 1075 der wegenden, den allgemeinen Zustand darstellenden
2293 1031 3737 1153 Menschen und mit dem Allgemeinzus tand steht der Held
2299 1111 3739 1238 Medardus in einem piel zu lo hern, losen, zufälligen
2305 1216 3767 1326 Zusammenhang. Dass er seinem Hauptmann blos eine Mel-
2319 1302 3743 1420 dung bringt (Sette 136) genügt nicht, wirkt vielmeh
2313 1392 3727 1512 klein und kümmerlich. Wir verlieren alles Interesse
2319 1492 3701 1604 an ihm. Der Riesenapparat dieser Szene deckt se ne
2325 1550 3659 1690 Gestalt und sein eigenes Leben. Wohl sagt er was
2333 1652 3787 1776 in ihm vergeht. Er fühlt sich nicht mehr als Soldaten
2329 1740 3705 1854 nicht mehr als Helden., er will die Tore frethaben,
2337 1820 3641 1948 um zu Helene zu können. Was ihm früher Hass war
2337 1926 3695 2045 schwanktihm schon zwischen Hass und L###be. An Na¬
2341 2003 3596 2129 peleen denkt er nicht, er denkt nur an Helene
2343 2097 3715 2223 Valeis. Leider erfahren wir alles das nurv en ihm
2347 2177 3741 2309 selbst im Gespräch mit dem Konfident, darum hat er
2353 2237 3959 2399 keine dramatische Wirkungs- und Ueberzeugungskraft. Ne
2341 2375 3675 2487 Berger und Dargettis dominteren hier auf diesem
