4152 3608
3158 729 3443 839 21.9.1909.
2537 941 3304 1083 Sehr geehrter Herr Hofrat!
2364 1109 3556 1224 Insbesondere mit Rücksicht auf Ihre seiner-
2261 1190 3573 1315 zeitige Bemerkung, dass die eventuelle Aufführung
3355 1305 3475 1346 de la riviere et de la
2265 1298 3483 1430 des "Medardus" noch im Laufe des Jahres 1909
3058 1388 3525 1447 3 rt.p.v.t. v..r..v.
2258 1398 3532 1513 wünschenswert erschiene,halte ich es nicht für
2263 1506 3591 1574 verführt heute mein Ersuchen vom 22. August eine
2248 1552 3605 1694 persönliche Unterredung betreffend in freundliche
2248 1669 2877 1755 Erinnerung zu bringen.
2253 1730 2332 1813 Cette
2461 1826 3251 1957 Mit vorzüglicher Hochachtung
2623 1958 3140 2077 Ihr sehr ergebener
2221 2366 3478 2552 Herrn Hofrat Dr. Paul Schlentner Direktor des
2222 2488 2960 2627 kats. kön. Hofburgtheaters.
