4152 3608
2509 978 3429 1108 Vorüberreiten Napoleons verlegte.
2777 1050 3719 1174 Hierüber und über verschiedenes ange-
2509 1174 3770 1272 deres, bitte ich, Ihnen mündlich meine Meinung
2521 1250 3738 1347 vortragen zu dürfen, was jedenfalls rascher
2523 1338 3732 1449 und einfacher zu einem Resultat führen würde.
2515 1435 3661 1551 als eine weitere Korrespondenz. Für heute
2523 1520 3738 1603 erlauben Sie mir xx Ihnen einen Fahnenabzug
2520 1628 3700 1721 des Stückes zuzusenden, vielleicht behagen
2515 1692 3641 1790 Sie sich in diesem gefälligeren Exemplar
2523 1785 3718 1892 besser als in dem vielfach gestrichenen und
2515 1857 3605 1977 korrigierten, das Ihnen zuletzt vorlag.
2790 1952 3708 2057 Noch eines um allen Missverständ-
3457 2024 3584 2090 une
2520 2071 3766 2157 nissen vorzubeugen: Gleich nachdem ärgerlich-
2520 2135 3754 2250 falsche Notiz durch die Zeitungen lief, dass
2523 2218 3693 2317 der junge Herr Medardus mit Herrn Hartmann
2526 2336 3719 2437 und Frau Witt am Burgtehater in Szene gehen
2529 2410 3699 2525 werde, habe ich an Reinhardt telegraphiert
2526 2506 3619 2619 dass eine Annahme am Burgtheater bisher
2517 2584 3049 2719 nicht erfolgt sei.
