4172 3575
3205 537 3461 637 s rar
2425 856 3731 1048 Er frägt wann und wie lange ich daran geschrie¬
2327 1018 2465 1126 ben.
2439 1023 3747 1215 Ich u.a.: "Ich musste es so schreiben wie ich es
2329 1152 3682 1310 schrieb, habe auch ursprünglich an etne Aufführung
2329 1291 2724 1415 nicht gedacht.
2434 1324 3771 1478 Schlenther: “Ja, man merkt es, es hat mich an “Götz
2338 1455 3783 1549 von Berlichtingen“ erinnert. Ich habe noch keines Ihrer
2334 1542 3319 1669 Werke mit so warmen Anteil gelesen.“
2407 1618 3735 1750 Die Schwierigkeit einiger Dekorationen kommt zur
2332 1736 2577 1830 Sprache.
2436 1801 3637 1906 Schlenther berichtet, dass man schon einiges
2340 1894 3671 2010 auf der Bühne versucht hat und dass er für heute
2332 1966 3735 2075 Herrn Frank hergebeten habe, damit ich ihm meine Ab¬
2342 2077 3013 2198 sichten nüher erläutere.
1932 2100 2015 2198 G.F.P.
2443 2108 3754 2274 Schlenther: "Haben Sie schon über die Besetzung
2343 2269 2712 2369 nachgedach t?“
2447 2342 2886 2456 Ich: “Zum Teil.“
2454 2380 3673 2547 Schlenther: "Frau Klaere natürlich Bleibtreu.
2342 2496 3798 2628 Etzelt Tresiler, Medardus Gerasch. Und Eschenbacher?“
2439 2599 2902 2733 Ich: “Hartmann.”
