4175 3594
3634 769 3757 911 -7-
2319 889 3713 1045 den Napeleen zu ermerden. Dieser Gedanke, der unter
2324 1025 3695 1135 andern auch in Heinrrich von Kleist lebte, ist der
2311 1116 3678 1230 Mühe eines grossen Dramas wert, weil aus edelsten
2315 1219 3777 1318 Motiven etwas entsteht, was die landläuftge Moral und
2319 1288 3730 1394 Gerechtigkeit ein Verbrechen nennt. Woher kommt dem
2320 1402 3664 1499 Geliebten der Valets, dem Neffen des Eschenbacher
2319 1482 3631 1581 dieserGedanke, was fördert ihn, was hindert thn.
2306 1559 3618 1669 Fördernissd und Hindernisse um Medardus sind in
2302 1660 3746 1759 Medardus. Das müsste klar entwickelt sein. Alles was
2309 1755 3770 1863 dazu dtset ist gut. Alles, was davon ablenkt ist auf-
2309 1835 3741 1934 haltend, verwirrend, Iockernd, verstimmend, ermüdend
2309 1934 3658 2053 auch wenn es im einzelnen wundervoll peetisch und
2308 2011 3058 2123 historisch anschaulich ist.
2297 2106 3735 2220 Mit den bisherigen Kürzungen ist dem Stück als Stücke
2300 2201 3614 2317 nicht geholfen werden. Nur eine ganz energische
2300 2277 3605 2384 Verringerung der Szenen und des Personales kann
2300 2366 3585 2476 hier helfen. Doppelte und dreifache Belastung
3254 2450 3373 2491 not
2300 2465 3768 2593 einzelner Darsteller wäre üusserst nütel ich und würde
