4172 3575
3283 516 3367 645 me
2417 861 3568 1031 Schlnther: "Den wird man eher das Spinett¬
2293 973 3432 1154 spielen glauben, als das Sattlerhandwerk.“
2422 1043 3648 1194 Die grösste Schuierigkeit ist die Besetzung
2305 1149 3711 1327 der Helene. Für die haben wir überhaupt keine. Amm
2312 1224 3650 1425 ehesten liesse sich an Kallina denken. Natürlich
2316 1297 3695 1515 müssten einige Darsteller ein und zweimal beschäf¬
2333 1405 3517 1629 tigt sein bei der grossen Menge der Rollen.
2450 1501 3641 1683 Schlenther: "Sie wünschen wohl, dass es noch
2372 1589 3231 1747 im Jahre 1909 aufgeführt wird?“
2474 1657 3660 1847 Ich: "Darauf würde ich kein Gewicht legen.“
2469 1763 3585 1943 Schlenther?" Dasx müsste aber doch wohl
2483 1925 3718 2113 Franck kommt. Die Arbeiter sind schon wegge¬
2351 1943 2534 2045 sein."
2373 2117 2574 2213 gangen.
2499 2110 3709 2295 Schlenther empfiehlt sich nachdem noch eine
2378 2183 3728 2391 Bühnenprobe für den 30. bestimmt worden ist. Man
2380 2291 3547 2443 muss Prof. Löffler vom Land herein bitten.
2516 2370 3714 2556 Kurzes Gespräch mit Franck über dekorative
2387 2544 2778 2664 Einzelheiten.
