4157 3593
3538 812 3652 882 8 -
2296 996 3609 1117 Summa Summarum: ein höchst anheimelndes, höcht t
2305 1101 3637 1211 liebensürdiges, aber leider kaum aufzuführen des
2305 1174 3618 1295 Werk, zumal da dereinheimelnde, im besten Sinn
2308 1259 3689 1388 realettische Charakter des Ganzen durch eine einer
2308 1361 3739 1482 neuerdings angestrebten Stilisierungen nur zu leiden
2308 1429 3716 1553 hätte. Wenn Wien nicht Wien, die Bastei, die Bastel,
2307 1525 3726 1641 die Denauschänke die Donauschünke ist, so fehlt der
2301 1616 3669 1731 Dichtung die Wahrheit durch die allein sie inter-
2310 1724 2690 1847 sessant wird.
2314 1865 3632 1986 Ueber den Kostenpunkt der Kostüme und die Tages-
2317 1983 3534 2102 kosten sei in diesem Zusammenhange nicht ge-
2319 2052 3710 2178 sprochen. Das dürfte nicht entscheidend sein, wenn
2326 2178 3707 2275 im Drama selbst alles klappte und dann ein nobile
2330 2253 3532 2383 offtetum gegen den Dichter und se nen Stoff
