4146 3607
2279 514 2539 658 1er
2376 911 3565 1017 streichen lässt, ist zweifellos. Gleich nach
2431 1001 2612 1056 Mais Monsieur
2376 1001 3571 1097 Eintreffen Ihres Briefes habe ich das Stück
2386 1097 3596 1184 wieder vorgenommen, glaube in etva 2 -3 Tagen
3377 1147 3589 1197 G.C.H.F.M
2383 1187 3526 1284 alle nur möglichen Kürzungen vollführt zu
2743 1258 3117 1326 du moins ou trois ou moins de
2386 1262 3570 1360 haben, darunter auch die Zusammenziehung der
2387 1346 3609 1451 vorletzten und letzten Szene des 4. Aktes in
3499 1412 3601 1465 G.F.P
2421 1435 3023 1514 ouvertimme et son ami-
2392 1456 3654 1543 eine und glaube alles in allem,wenn es einmal
3301 1533 3631 1609 unden erspart
2404 1538 2517 1595 G.C.P.
3170 1551 3256 1634 e e
3301 1590 3406 1635 G.M.
2396 1535 3122 1647 so peit ist, dem Publikum I,
3051 1618 3654 1700 er Pausen steht ja lei-
2394 1635 2858 1739 zu haben. Die Kölz
3055 1685 3272 1732 G.C.H.S.
2399 1711 3636 1813 der nicht in meiner Hand. Aber. längere Unter¬
2766 1802 3654 1880 (Minuten) sind ja doch nur wei¬
2399 1805 2772 1922 brechungen (1
2766 1868 2983 1922 ou les mêmes.
2400 1873 3664 1991 mal vor der Basteien-und vor. der Schönbrunnor-
3300 1949 3392 1993 .8
2779 1965 2963 2011 G.C.F.P.
2399 1985 3672 2080 Szene begründet. Vielleicht lässt sich auch da
2417 2075 2522 2127 ouvrage
2400 2053 3615 2161 noch manches vereinfachen. Dass es an Entge¬
2408 2153 3618 2255 genkommen von meiner Seite nicht fehlen wür¬
2415 2226 3622 2347 de, brauche ich Sie nicht erst zu verstehern.
2573 2319 3562 2434 Es freut mich sehr, dass Sie auf die
2417 2423 3625 2538 Idee der "Le endigen Stunden" wieder zurück-
2711 2494 3136 2564 -   ̃ M. r
2415 2512 3636 2603 kommen. Ich kann mir denken, dass ein Erfolg
2421 2577 3651 2696 dieses Einakter-Zyklus die Sache des Medardus
2413 2683 3714 2798 bei allen Instanzen „auch beim Publikum, zu för¬
