4163 3577
3171 624 3521 720 mit den Burft
3143 678 3517 810 18/5 très. 905
2675 710 3015 862 Aleuthes
3637 789 3799 868 - 1 -
2352 962 3145 1090 1.) Wehnzimmer bei Klaehrs.
2435 1030 3825 1174 Stud. med wird für den Krieg ausgerüstet von Mutte
2354 1123 3748 1272 Schwester und dem Mädchen, das ihn liebt. Das Ver-
2369 1210 3827 1347 hältnis zwischen seiner Schwester Agathe und dem Jung
2363 1293 3774 1450 gen Valets bringt ein Schicksal ins Haus. Sie gehen
2365 1437 3427 1533 heimlich in des Tod wie zu einem Fest.
2360 1456 3844 1601 2.) In der Denauschenhe, wo Medardus mit seinen Comil
2365 1561 3791 1712 tonen den Abschied feiert, entdeckt er den Doppelsel
2369 1683 3786 1783 mord der Liebenden. Ueber der Privatmissien den Tod
2375 1777 3774 1894 der Schwester zu rüchen, stellt er die patriotische
2358 1839 3729 1978 Missten gegen Napeleen zu ziehen hindan. In senem
2369 1916 3758 2061 Gemüt bekämpft sich fortan seine Haltung gegen das
2365 2052 3821 2155 Haus Valete mit seiner Haltung gegen Napolson. Dieser
2363 2132 3754 2238 Dualismus führt zu dem tragtschem Kenflikt. Er ver
2375 2187 3881 2335 führt ihn zunüchst daheim zu bleiben und sein Kriegspa
2373 2324 3265 2422 tent einem Kameraden abzutreten.
2371 2352 3814 2491 3). Auf dem Friedhof we sich die Särge der Liebenden
2363 2456 3784 2596 begegnen, begenet sich zum ersten Mal das Paar, das
2384 2544 3835 2643 den Tsten geschwisterlich verbunden ist. Statt in den
2350 2638 3848 2750 Krieg geht Medardus in den Zwethampf mit dem Freter in
