4184 3576
3186 532 3395 649 le mois
3569 759 3678 868 6
2352 895 3674 1017 Basett als von Schönbunn da. Mit geringen Aende-
2360 985 3705 1124 rungen erweist sich alles als ezenisch durchführ¬
2360 1119 2487 1196 bar.
2494 1172 3654 1295 Franck: Wenn sie uns nur das Geld bewilli-
2370 1241 3680 1366 gen. Hütten wir jetzt die achtzigtausend Kronen,
2377 1355 3690 1465 die uns das dumme Feststitel von der Gräfin Thun
2373 1468 2743 1572 gekostet hat.
2500 1509 3651 1664 Leffler: Ich höre ja, man will Ihr Stück
2382 1622 3698 1748 en suite geben. Anfang um halb sieben. Flüchtige
2378 1691 3723 1828 Bemerkung, ob man es an xxxet Abenden geben könnte.
2380 1785 3638 1910 Es soll ja noch 1909 kommen, der Direktor sigt,
2390 1887 3633 1997 dasd sei die Conditio sine qua non. Da müssen
2387 1937 3728 2086 wir aber bald anfangen. Wir werden sohen fertig.
2510 2052 3668 2166 Abschied von den Malern in der Empfindung
2390 2121 3380 2270 als wäre es eine beschlossene Sache.
