4175 3594
3538 705 3700 807 - 8 -
2333 905 3636 973 Summa Summarum: ein höchst anheimelndes, höschst
2328 984 3659 1089 liebenswürdiges, aber leider haum aufzuführendes
2333 1069 3643 1175 Werk, zumal da dereinheimelnde, im besten Sinn
2338 1160 3711 1271 realsitische Charakter des Ganzen durch eine ###ner
2338 1255 3775 1351 neuerdings angestrebten Stilisterungen nur zu leiden
2337 1337 3741 1444 hätte. Wenn Wien nicht Wien, die Bastei, die Bastet,
2338 1440 3741 1555 die Donauschänke die Donaufchünke ist, so fehlt der
2328 1532 3681 1658 Dichtung die Wahrheit durch die allein sie inter¬
2338 1608 2713 1728 sessant wird.
2333 1783 3663 1889 Ueber den Kostenpunkt der Kostüme und die Tages-
2342 1867 3563 1964 kosten sei in diesem Zusammenhange nicht ge¬
2342 1964 3724 2060 sprochen. Das dürfte nicht entscheidend sein, wenn
2345 2065 3725 2146 im Drama selbst alles klappte, und dann ein nobile
2338 2154 3547 2247 officium gegen den Dichter und se nen Stoff
