4126 3623
2341 752 3713 851 Am 21. 12. Nachmittag 16 bei Sektionschef Jettel.
2351 908 3639 1036 Freundlicher Empfang.Er kommt eben vom -inster.
2353 1019 3554 1141 “Ich bin wie eine Kerze, die an xxxet Seiten
2356 1119 2585 1227 brennt."
2351 1165 3621 1319 Beginnt vom Kakdu zu reden.Er denkt noch gerne
2341 1292 3704 1401 daran, das war eine schöne Zeit.Wie,schon mehr als
2344 1389 3687 1493 zehn Jahre? Ueber das Plagiat "Die schwarze Malt“
2341 1474 3656 1589 und über die Erfolge des Kahadu im Ausland.Dann
2351 1561 3697 1682 fragt er:“Was ist eigentlich mit dem Schleter der
2344 1650 2633 1752 Beatrice?"
2344 1699 3665 1836 Ich: Herr Sektionschef erinnern sich vielleicht,
2344 1826 3708 1931 es war vor etwa zehn Jahren am Burgtheater einge¬
2351 1913 2524 2022 reich.
2339 2005 3540 2083 J.: Und es hat sich ein bischen hingezogen?
2344 2083 3692 2186 Ich: Ja,wie das am Burgtheater manchmal vorkommt.
2339 2172 3397 2297 J.: Haben Sie vielleicht ein Exemplar?
2341 2252 3645 2379 Ich: Es wird mir ein Vergnügen sein Ihnen eines
2344 2351 2681 2472 zu schicken.
2341 2438 3708 2575 J.: (wie eine gesellschaftliche Mitteilung) Jetzt
2344 2549 3070 2675 les ich grad den Medardus
