4139 3592
2543 889 3608 1041 Zum Sekretär Rosenbaum. Ich frage ihn,
2315 1028 2711 1134 was er glaube.
2440 1098 3467 1241 Rosenbaum: Es wird sicher aufgeführt.
2453 1191 3291 1305 Ich: Woran also hängt es noch?
2455 1284 3516 1382 R. : Nur an der Bewilligung der Kosten.
2461 1355 3319 1491 Ich: Ich höre 60-80.000 Kronen.
2461 1448 3220 1555 R. : Das br in en wir herein.
2476 1536 3411 1667 Ich: Was geschteht also zunächst?
2471 1604 3609 1741 R.: Wir reichen beim Obersthofmeisteramt
2347 1704 3633 1822 um die Bewilligung der Kosten ein, die Direktion
2349 1769 3571 1957 befürwortet.Es ist uns noch nie abgeschlagen
2341 1925 2562 2013 worden.
