4126 3623
2241 800 3611 986 worauf Jettel sofort von dem Stück entzückt war.)
2250 896 3664 1052 Wir verbleiben, dass ich Dienstag nach Jettel in die
2247 1028 3258 1147 Direktion komme Weiteres besprechen.
2248 1121 3551 1254 Ich erwähne, dass mich Auernheimer für die Weih-
2252 1217 3634 1333 nachtsnummer der Neuen Freten Presse um die Ueber-
2261 1310 3616 1442 lassung der Basteienszene gebeten und ich es ver¬
2257 1399 3650 1512 weigert habe mit der Begründung, dass die Intendanz
2290 1480 3593 1601 oder die Zensur es gegen mich ausspielen könne,
2268 1577 3632 1692 erklären, es habe böses Blut gemacht oder derglei-
2273 1726 2425 1787 chen.
2259 1741 3078 1877 R. gibt mir vollkommen recht.
