4120 3576
2832 536 3385 681 Wien, 5. August 1909.
2633 952 3353 1048 Sehr geehrter Herr Doktor,
2318 1034 3584 1158 Auf Ihren freundlichen Brief vom 27.Juli erwi-
2325 1140 3590 1234 dere ich von Wien aus, wo ich vorübergehend an-
2334 1232 3611 1347 wesend bin. Sollten Sie das freundlichst in Aus-
2326 1331 3585 1434 sicht gestellte Manuskript noch nicht abgesen-
2334 1391 3601 1507 det haben, so bitte ich Sie es mir nach Marien-
2329 1483 3605 1638 bad Villa Habermann zu senden, da ich morgen wieder
2339 1580 3576 1689 dort bin. Ich werde mich nach erneuter Lektüre
2333 1666 3488 1787 so bald wie möglich ausführlicher äussern.
2787 1749 3593 1870 Mit vorzüglicher Hochachtung
3013 1862 3426 1967 ganz ergebenst
2994 1957 3694 2174 Dr. Schlenk
3756 2166 3849 2275 spa
2431 2355 3390 2480 Herrn Dr. Arthur Schnitzler' Edlach.
