4157 3593
366 1729 493 1866 G.C.F.P.
459 1851 538 1978 G.C.
2625 847 3866 1003 gende: Sie sagen, das Stück darf nicht länger
2628 981 3799 1094 spiälen als vier Stunden. Dann blieben für
2623 1066 3833 1166 jede Szene nur zehn Minuten. Wären aber wie-
2633 1103 2724 1156 G.C.F.P.
2617 1154 3833 1259 der die Szenen so kurz sagen Sie weiter - so
2622 1247 3764 1361 würden Sie bei den Verwandlungen noch zer
2923 1287 3020 1340 G.C.F.P
2611 1333 3651 1431 streuender und zerstückelnder wirken.
2747 1421 3784 1523 Wie kommt man aus diesem Dilemna? Das
2611 1508 3846 1618 Stück darf nicht länger währen als vier Stun-
2614 1598 3801 1692 den, dauert es aber nicht länger so muss es
2614 1692 3822 1798 verwirrend wirken. Zwei Uebel, die natürlich
2600 1791 3784 1896 nicht beide zu vermeiden sind. Welches soll
2597 1859 2923 1976 man wählen?
2733 1948 3778 2052 Auf zehn Minuten lässt sich natürlich
2596 2046 3799 2148 keine von den siebzehn Szenen bringen, selbst
2596 2126 3734 2231 durch die grausamsten Streichungen nicht,
2597 2226 3767 2325 selbst durch solche nicht unter denen Sinn
2586 2310 3671 2421 und Handlung des Stückes leiden müsste.
2719 2413 3833 2512 Sie schlagen vor, verherter Herr Hofrat,
2591 2494 3782 2596 eine oder die andere Szene ganz zu streichen.
2594 2568 3699 2687 andere zusammenzuziehen. Darf ich Sie in
