<?xml version="1.0" encoding="UTF-8" standalone="yes"?>
<PcGts xmlns="http://schema.primaresearch.org/PAGE/gts/pagecontent/2013-07-15" xmlns:xsi="http://www.w3.org/2001/XMLSchema-instance" xsi:schemaLocation="http://schema.primaresearch.org/PAGE/gts/pagecontent/2013-07-15 http://schema.primaresearch.org/PAGE/gts/pagecontent/2013-07-15/pagecontent.xsd">
    <Metadata>
        <Creator>prov=READ-COOP:name=TrHtr:version=2.1.0:model_id=51170:date=26_07_2023_01:35</Creator>
        <Created>2023-05-02T07:50:36.702+02:00</Created>
        <LastChange>2023-07-26T01:35:37.564+02:00</LastChange>
        <TranskribusMetadata docId="1416714" pageId="54951312" pageNr="61" tsid="130867778" status="IN_PROGRESS" userId="64420" imgUrl="https://files.transkribus.eu/Get?id=CZGGUPOEXJPBMVRVYAKZDSYF&amp;fileType=view" xmlUrl="https://files.transkribus.eu/Get?id=HGTMHXRUBSUODQNJKOTFLJSY" imageId="44455038"/>
    </Metadata>
    <Page imageFilename="1416714_0061.jpg" imageWidth="4146" imageHeight="3607">
        <ReadingOrder>
            <OrderedGroup id="ro_1711828575910" caption="Regions reading order">
                <RegionRefIndexed index="0" regionRef="tr_1"/>
            </OrderedGroup>
        </ReadingOrder>
        <TextRegion id="tr_1" custom="readingOrder {index:0;}">
            <Coords points="2320,535 3720,535 3720,2745 2320,2745"/>
            <TextLine id="tr_1_tl_1" custom="readingOrder {index:0;}">
                <Coords points="2316,648 2367,648 2383,660 2427,652 2469,656 2473,649 2488,659 2516,656 2510,533 2494,535 2464,522 2407,527 2369,514 2340,545 2335,540 2310,549"/>
                <Baseline points="2320,585 2364,588 2409,591 2454,591 2499,597 2517,597"/>
                <TextEquiv>
                    <Unicode>1er</Unicode>
                </TextEquiv>
            </TextLine>
            <TextLine id="tr_1_tl_2" custom="readingOrder {index:1;}">
                <Coords points="3535,797 3546,795 3548,799 3556,800 3572,791 3586,789 3594,789 3600,795 3615,794 3618,703 3594,706 3567,729 3559,722 3553,727 3548,722 3539,722"/>
                <Baseline points="3544,785 3577,782 3621,782"/>
                <TextEquiv>
                    <Unicode>to</Unicode>
                </TextEquiv>
            </TextLine>
            <TextLine id="tr_1_tl_3" custom="readingOrder {index:2;}">
                <Coords points="2437,964 3350,1005 3451,970 3554,989 3556,913 3099,895 2926,927 2738,891 2438,930"/>
                <Baseline points="2445,961 2481,961 2526,961 2570,961 2615,961 2660,958 2705,958 2750,958 2794,958 2839,958 2884,958 2929,958 2973,958 3018,958 3063,955 3108,958 3153,955 3197,955 3242,955 3287,955 3332,955 3377,955 3421,955 3466,952 3511,952 3556,952"/>
                <TextEquiv>
                    <Unicode>nen, einen umso bequemeren, als er für die</Unicode>
                </TextEquiv>
            </TextLine>
            <TextLine id="tr_1_tl_4" custom="readingOrder {index:3;}">
                <Coords points="2442,1065 2519,1095 2627,1057 2877,1089 3069,1049 3550,1060 3620,1053 3620,1006 2753,994 2442,1026"/>
                <Baseline points="2451,1048 2460,1048 2505,1048 2549,1048 2594,1048 2639,1048 2684,1048 2729,1048 2773,1048 2818,1048 2863,1045 2908,1045 2953,1045 2997,1045 3042,1045 3087,1045 3132,1045 3177,1045 3221,1045 3266,1045 3311,1045 3356,1042 3400,1042 3445,1042 3490,1042 3535,1045 3580,1042 3624,1042"/>
                <TextEquiv>
                    <Unicode>kleinen Stüche überall nur wenig Proben und</Unicode>
                </TextEquiv>
            </TextLine>
            <TextLine id="tr_1_tl_5" custom="readingOrder {index:4;}">
                <Coords points="3234,1100 3256,1106 3291,1087 3334,1095 3343,1087 3369,1099 3402,1087 3426,1099 3439,1091 3462,1095 3462,1054 3434,1046 3419,1057 3404,1048 3375,1057 3345,1046 3315,1059 3297,1053 3234,1057"/>
                <Baseline points="3242,1080 3287,1077 3332,1077 3377,1077 3421,1080 3466,1083"/>
                <TextEquiv>
                    <Unicode>vermeinte</Unicode>
                </TextEquiv>
            </TextLine>
            <TextLine id="tr_1_tl_6" custom="readingOrder {index:5;}">
                <Coords points="2472,1157 2896,1143 2988,1175 3270,1137 3332,1165 3583,1132 3602,1097 2473,1102"/>
                <Baseline points="2481,1134 2484,1134 2529,1137 2573,1137 2618,1137 2663,1134 2708,1134 2753,1134 2797,1134 2842,1134 2887,1134 2932,1134 2976,1131 3021,1131 3066,1131 3111,1131 3156,1131 3200,1134 3245,1134 3290,1131 3335,1128 3380,1128 3424,1125 3469,1125 3514,1125 3559,1125 3604,1122"/>
                <TextEquiv>
                    <Unicode>wenig Schauspieler brauchte. (was man et-</Unicode>
                </TextEquiv>
            </TextLine>
            <TextLine id="tr_1_tl_7" custom="readingOrder {index:6;}">
                <Coords points="2502,1187 2550,1199 2700,1181 2711,1194 2796,1187 2811,1199 2835,1183 2881,1189 2883,1153 2764,1141 2748,1154 2719,1145 2630,1164 2503,1164"/>
                <Baseline points="2511,1185 2529,1185 2573,1182 2618,1182 2663,1179 2708,1176 2753,1173 2797,1173 2842,1173 2887,1176"/>
                <TextEquiv>
                    <Unicode>lʼhonneur à lʼautre et très de même</Unicode>
                </TextEquiv>
            </TextLine>
            <TextLine id="tr_1_tl_8" custom="readingOrder {index:7;}">
                <Coords points="2437,1253 3627,1238 3677,1230 3677,1181 2437,1186"/>
                <Baseline points="2445,1224 2472,1227 2517,1227 2561,1227 2606,1227 2651,1224 2696,1224 2741,1221 2785,1224 2830,1224 2875,1221 2920,1221 2965,1221 3009,1221 3054,1221 3099,1218 3144,1221 3188,1221 3233,1221 3278,1221 3323,1221 3368,1218 3412,1218 3457,1221 3502,1218 3547,1221 3592,1218 3636,1218 3681,1221"/>
                <TextEquiv>
                    <Unicode>weigenen Zögern gegenüber ihm zu bedenken geben</Unicode>
                </TextEquiv>
            </TextLine>
            <TextLine id="tr_1_tl_9" custom="readingOrder {index:8;}">
                <Coords points="2443,1318 3645,1337 3646,1260 2445,1281"/>
                <Baseline points="2454,1316 2487,1316 2532,1313 2576,1313 2621,1313 2666,1313 2711,1310 2756,1310 2800,1310 2845,1310 2890,1307 2935,1304 2979,1307 3024,1307 3069,1307 3114,1307 3159,1307 3203,1307 3248,1307 3293,1307 3338,1307 3383,1307 3427,1307 3472,1307 3517,1304 3562,1304 3607,1304 3651,1304"/>
                <TextEquiv>
                    <Unicode>könnte). Ich lege Ihrer freundlichen Erlaub¬</Unicode>
                </TextEquiv>
            </TextLine>
            <TextLine id="tr_1_tl_10" custom="readingOrder {index:9;}">
                <Coords points="2442,1416 3623,1416 3645,1349 2443,1365"/>
                <Baseline points="2451,1403 2484,1403 2529,1403 2573,1403 2618,1403 2663,1403 2708,1400 2753,1400 2797,1400 2842,1400 2887,1400 2932,1400 2976,1397 3021,1400 3066,1397 3111,1397 3156,1397 3200,1397 3245,1397 3290,1397 3335,1397 3380,1397 3424,1397 3469,1397 3514,1397 3559,1397 3604,1397 3648,1394"/>
                <TextEquiv>
                    <Unicode>nis folgend einen Besetzungsvorschlag bei, in</Unicode>
                </TextEquiv>
            </TextLine>
            <TextLine id="tr_1_tl_11" custom="readingOrder {index:10;}">
                <Coords points="3058,1453 3537,1453 3580,1446 3580,1405 3223,1427 3058,1414"/>
                <Baseline points="3066,1439 3090,1442 3135,1445 3180,1448 3224,1448 3269,1445 3314,1445 3359,1442 3403,1442 3448,1439 3493,1436 3538,1436 3583,1436"/>
                <TextEquiv>
                    <Unicode>cʼest eu une autre vos ai-</Unicode>
                </TextEquiv>
            </TextLine>
            <TextLine id="tr_1_tl_12" custom="readingOrder {index:11;}">
                <Coords points="2445,1516 3600,1516 3618,1451 2445,1467"/>
                <Baseline points="2454,1489 2457,1489 2502,1489 2546,1489 2591,1489 2636,1489 2681,1486 2726,1486 2770,1486 2815,1486 2860,1486 2905,1486 2950,1486 2994,1486 3039,1486 3084,1486 3129,1486 3174,1486 3218,1484 3263,1484 3308,1481 3353,1481 3397,1481 3442,1481 3487,1484 3532,1481 3577,1481 3621,1481"/>
                <TextEquiv>
                    <Unicode>dem auch einem eventuellen unüberwindlichen</Unicode>
                </TextEquiv>
            </TextLine>
            <TextLine id="tr_1_tl_13" custom="readingOrder {index:12;}">
                <Coords points="2442,1610 3353,1580 3620,1608 3696,1602 3696,1527 2442,1556"/>
                <Baseline points="2451,1579 2490,1579 2535,1579 2579,1579 2624,1579 2669,1579 2714,1576 2758,1579 2803,1579 2848,1579 2893,1576 2938,1576 2982,1576 3027,1579 3072,1576 3117,1576 3162,1576 3206,1582 3251,1579 3296,1576 3341,1576 3386,1576 3430,1576 3475,1576 3520,1576 3565,1576 3609,1573 3654,1573 3699,1570"/>
                <TextEquiv>
                    <Unicode>Widerstond Kainzens Rechnung getragen ist. Er¬</Unicode>
                </TextEquiv>
            </TextLine>
            <TextLine id="tr_1_tl_14" custom="readingOrder {index:13;}">
                <Coords points="2667,1629 2945,1622 2980,1638 3027,1624 3064,1643 3104,1630 3199,1649 3213,1646 3213,1603 3086,1586 3054,1602 2943,1586 2665,1594"/>
                <Baseline points="2675,1612 2720,1612 2764,1615 2809,1615 2854,1615 2899,1612 2944,1612 2988,1615 3033,1618 3078,1618 3123,1621 3168,1624 3212,1627 3215,1627"/>
                <TextEquiv>
                    <Unicode>a-</Unicode>
                </TextEquiv>
            </TextLine>
            <TextLine id="tr_1_tl_15" custom="readingOrder {index:14;}">
                <Coords points="2442,1680 3137,1700 3192,1675 3292,1719 3543,1683 3508,1626 2442,1637"/>
                <Baseline points="2451,1675 2472,1675 2517,1672 2561,1672 2606,1672 2651,1672 2696,1669 2741,1672 2785,1672 2830,1669 2875,1669 2920,1669 2965,1669 3009,1669 3054,1669 3099,1669 3144,1669 3188,1669 3233,1669 3278,1666 3323,1669 3368,1669 3412,1669 3457,1666 3502,1666 3547,1672"/>
                <TextEquiv>
                    <Unicode>wähnen möchte ich noch, dass Tressler die</Unicode>
                </TextEquiv>
            </TextLine>
            <TextLine id="tr_1_tl_16" custom="readingOrder {index:15;}">
                <Coords points="2434,1772 3478,1783 3646,1767 3646,1721 2434,1729"/>
                <Baseline points="2442,1761 2487,1761 2532,1761 2576,1758 2621,1758 2666,1758 2711,1758 2756,1758 2800,1758 2845,1755 2890,1752 2935,1752 2979,1755 3024,1755 3069,1752 3114,1752 3159,1752 3203,1752 3248,1752 3293,1752 3338,1752 3383,1749 3427,1749 3472,1749 3517,1749 3562,1749 3607,1749 3651,1752"/>
                <TextEquiv>
                    <Unicode>Bollen des Jackwerth (Letzte Masken) und des</Unicode>
                </TextEquiv>
            </TextLine>
            <TextLine id="tr_1_tl_17" custom="readingOrder {index:16;}">
                <Coords points="2475,1797 2543,1818 2581,1797 2596,1810 2688,1795 2792,1813 3029,1807 3027,1775 2994,1762 2473,1767"/>
                <Baseline points="2484,1797 2529,1794 2573,1791 2618,1785 2663,1785 2708,1788 2753,1794 2797,1794 2842,1794 2887,1794 2932,1794 2976,1794 3021,1797 3033,1797"/>
                <TextEquiv>
                    <Unicode>ilmoit ou ilmoit 2 rt.</Unicode>
                </TextEquiv>
            </TextLine>
            <TextLine id="tr_1_tl_18" custom="readingOrder {index:17;}">
                <Coords points="2442,1883 3612,1862 3612,1813 3502,1789 3461,1816 3397,1786 2442,1805"/>
                <Baseline points="2451,1845 2496,1848 2541,1848 2585,1845 2630,1845 2675,1848 2720,1845 2764,1848 2809,1845 2854,1845 2899,1845 2944,1845 2988,1845 3033,1845 3078,1845 3123,1842 3168,1842 3212,1842 3257,1842 3302,1842 3347,1842 3392,1842 3436,1842 3481,1842 3526,1842 3571,1842 3615,1848"/>
                <TextEquiv>
                    <Unicode>Clemens (Literatur) beide vorzüglich,sowie,</Unicode>
                </TextEquiv>
            </TextLine>
            <TextLine id="tr_1_tl_19" custom="readingOrder {index:18;}">
                <Coords points="2467,1957 3288,1934 3593,1965 3593,1891 2467,1900"/>
                <Baseline points="2475,1934 2520,1934 2564,1934 2609,1934 2654,1934 2699,1934 2744,1937 2788,1934 2833,1934 2878,1934 2923,1934 2968,1934 3012,1931 3057,1931 3102,1934 3147,1931 3191,1931 3236,1931 3281,1934 3326,1931 3371,1931 3415,1931 3460,1931 3505,1931 3550,1931 3595,1937"/>
                <TextEquiv>
                    <Unicode>dass Frau Retty die Margarete (literatur)</Unicode>
                </TextEquiv>
            </TextLine>
            <TextLine id="tr_1_tl_20" custom="readingOrder {index:19;}">
                <Coords points="2935,1978 2959,1970 2994,1981 3104,1975 3123,1989 3143,1976 3185,1988 3218,1976 3248,1980 3246,1946 3227,1940 3169,1953 3138,1943 3099,1953 3064,1940 3032,1949 3010,1935 2997,1945 2935,1945"/>
                <Baseline points="2944,1961 2988,1961 3033,1961 3078,1964 3123,1967 3168,1970 3212,1970 3251,1970"/>
                <TextEquiv>
                    <Unicode>A.M.</Unicode>
                </TextEquiv>
            </TextLine>
            <TextLine id="tr_1_tl_21" custom="readingOrder {index:20;}">
                <Coords points="2445,2043 3197,2049 3299,2021 3564,2067 3564,1988 3489,1970 2445,1991"/>
                <Baseline points="2454,2024 2493,2021 2538,2021 2582,2021 2627,2021 2672,2021 2717,2021 2761,2018 2806,2021 2851,2018 2896,2018 2941,2018 2985,2021 3030,2021 3075,2021 3120,2021 3165,2021 3209,2018 3254,2018 3299,2018 3344,2018 3389,2018 3433,2015 3478,2015 3523,2018 3568,2021"/>
                <TextEquiv>
                    <Unicode>anlässlich einer Woltätigkeitsvorstellung</Unicode>
                </TextEquiv>
            </TextLine>
            <TextLine id="tr_1_tl_22" custom="readingOrder {index:21;}">
                <Coords points="2469,2119 3475,2142 3570,2124 3570,2061 2469,2083"/>
                <Baseline points="2478,2111 2499,2111 2544,2111 2588,2108 2633,2111 2678,2111 2723,2111 2767,2111 2812,2111 2857,2108 2902,2108 2947,2108 2991,2108 3036,2108 3081,2108 3126,2108 3171,2108 3215,2108 3260,2108 3305,2108 3350,2108 3394,2108 3439,2108 3484,2108 3529,2108 3574,2105"/>
                <TextEquiv>
                    <Unicode>vor ungefähr fünf Jahren sehr hübsch ge¬</Unicode>
                </TextEquiv>
            </TextLine>
            <TextLine id="tr_1_tl_23" custom="readingOrder {index:22;}">
                <Coords points="2445,2211 2492,2227 2575,2215 2618,2232 2656,2215 2677,2229 2734,2202 2754,2208 2754,2165 2580,2151 2535,2157 2524,2169 2470,2162 2445,2178"/>
                <Baseline points="2454,2203 2490,2200 2535,2200 2579,2200 2624,2200 2669,2200 2714,2197 2758,2200"/>
                <TextEquiv>
                    <Unicode>spielt hat.</Unicode>
                </TextEquiv>
            </TextLine>
            <TextLine id="tr_1_tl_24" custom="readingOrder {index:23;}">
                <Coords points="2573,2305 3578,2303 3591,2219 3283,2254 3162,2221 3059,2259 2802,2222 2769,2249 2573,2242"/>
                <Baseline points="2582,2287 2609,2287 2654,2287 2699,2287 2744,2287 2788,2287 2833,2284 2878,2284 2923,2284 2968,2284 3012,2284 3057,2284 3102,2284 3147,2284 3191,2284 3236,2284 3281,2284 3326,2281 3371,2281 3415,2281 3460,2281 3505,2281 3550,2284 3595,2284"/>
                <TextEquiv>
                    <Unicode>Sie gestatten mir wohl verehrter Herr</Unicode>
                </TextEquiv>
            </TextLine>
            <TextLine id="tr_1_tl_25" custom="readingOrder {index:24;}">
                <Coords points="2437,2405 3594,2427 3594,2337 3558,2334 2437,2342"/>
                <Baseline points="2445,2376 2490,2376 2535,2376 2579,2376 2624,2376 2669,2376 2714,2376 2758,2376 2803,2373 2848,2373 2893,2373 2938,2373 2982,2373 3027,2373 3072,2373 3117,2373 3162,2373 3206,2373 3251,2373 3296,2373 3341,2370 3386,2373 3430,2373 3475,2373 3520,2373 3565,2373 3598,2376"/>
                <TextEquiv>
                    <Unicode>Hofrat,Ihnen das neue gestrichene Exemplar</Unicode>
                </TextEquiv>
            </TextLine>
            <TextLine id="tr_1_tl_26" custom="readingOrder {index:25;}">
                <Coords points="2442,2494 3718,2484 3720,2419 2443,2424"/>
                <Baseline points="2451,2463 2466,2463 2511,2463 2555,2463 2600,2463 2645,2463 2690,2463 2735,2463 2779,2463 2824,2463 2869,2463 2914,2463 2959,2460 3003,2460 3048,2463 3093,2463 3138,2460 3182,2460 3227,2460 3272,2460 3317,2460 3362,2460 3406,2460 3451,2460 3496,2457 3541,2460 3586,2460 3630,2460 3675,2457 3720,2454"/>
                <TextEquiv>
                    <Unicode>des Medardus in wenigen Tagen einzusenden. Viel-</Unicode>
                </TextEquiv>
            </TextLine>
            <TextLine id="tr_1_tl_27" custom="readingOrder {index:26;}">
                <Coords points="2440,2578 3413,2557 3507,2594 3561,2589 3561,2510 2530,2497 2440,2527"/>
                <Baseline points="2448,2558 2490,2555 2535,2555 2579,2552 2624,2552 2669,2552 2714,2552 2758,2552 2803,2552 2848,2552 2893,2552 2938,2552 2982,2552 3027,2549 3072,2552 3117,2552 3162,2552 3206,2549 3251,2549 3296,2549 3341,2549 3386,2549 3430,2549 3475,2549 3520,2552 3565,2552"/>
                <TextEquiv>
                    <Unicode>leicht empfiehlt es sich auch Herrn Prof.</Unicode>
                </TextEquiv>
            </TextLine>
            <TextLine id="tr_1_tl_28" custom="readingOrder {index:27;}">
                <Coords points="3569,2599 3580,2599 3593,2591 3618,2591 3629,2584 3639,2584 3650,2591 3662,2586 3673,2588 3669,2526 3651,2523 3608,2529 3600,2523 3585,2538 3564,2538"/>
                <Baseline points="3574,2570 3618,2573 3663,2576 3678,2579"/>
                <TextEquiv>
                    <Unicode>a</Unicode>
                </TextEquiv>
            </TextLine>
            <TextLine id="tr_1_tl_29" custom="readingOrder {index:28;}">
                <Coords points="2434,2686 3196,2638 3654,2683 3672,2586 2770,2580 2642,2624 2580,2588 2435,2619"/>
                <Baseline points="2442,2648 2466,2645 2511,2648 2555,2645 2600,2642 2645,2642 2690,2642 2735,2642 2779,2639 2824,2639 2869,2639 2914,2639 2959,2639 3003,2639 3048,2639 3093,2639 3138,2636 3182,2636 3227,2636 3272,2636 3317,2636 3362,2636 3406,2636 3451,2636 3496,2636 3541,2636 3586,2636 3630,2636 3675,2636"/>
                <TextEquiv>
                    <Unicode>Lefler zur Klärung des Eindrucks dies gekürz-</Unicode>
                </TextEquiv>
            </TextLine>
            <TextLine id="tr_1_tl_30" custom="readingOrder {index:29;}">
                <Coords points="2442,2756 2565,2740 2711,2770 2897,2734 3081,2753 3137,2732 3177,2750 3226,2742 3226,2694 2745,2696 2702,2673 2604,2705 2570,2683 2442,2700"/>
                <Baseline points="2451,2732 2496,2735 2541,2732 2585,2732 2630,2732 2675,2732 2720,2732 2764,2732 2809,2732 2854,2732 2899,2729 2944,2729 2988,2729 3033,2729 3078,2729 3123,2729 3168,2729 3212,2732 3230,2735"/>
                <TextEquiv>
                    <Unicode>te Exemplar lesen zu lassen.</Unicode>
                </TextEquiv>
            </TextLine>
        </TextRegion>
    </Page>
</PcGts>
