4157 3607
2969 452 3580 582 Wien, 6. Dezember 1909.
2472 862 3206 1080 Sehr geehrter Herr Doktor,
1967 1044 3788 1170 Seien Sie versichert, dass ich die Angelegenheit Medardus so
1982 1101 3783 1252 viel wie möglich betreibe. Die Hoffnung, das Stück auf die Drehbühne
1970 1226 3793 1319 zu bringen, ist durchaus befestigt. Professor Lefler hofft sogar die
1977 1316 3790 1451 lange Pause zwischen den beiden letzten Akten vermeiden zu können.
1974 1390 3795 1510 Bei Herrn Sektionschef von Jettel habe ich schon einige Male ange-
1977 1482 3831 1610 klopft und er versprach mir sein Möglichstes. Er ist ein sehr pünkt-
1974 1567 3800 1724 licher und akkurater Arbeiter und wird sein Votum gewiss nicht un-
1974 1653 3800 1809 nötiger Weise vertrödeln. Dass sich die ganze Sache schon über ein
1984 1761 3885 1946 halbes Jahr hinzieht, liegt wohl in der Natur der Sache und war schwer
1979 1882 2360 1967 zu vermeiden.
2933 1896 3743 2031 Mit vorzüglicher Hochachtung
3080 2022 3502 2119 ganz ergebenst
3333 2128 3580 2280 p. S
1996 2368 2744 2533 Herrn Dr.Arthur Schnitzler,
2796 2401 2924 2555 Wien
