4126 3623
2334 741 3647 853 Ich: Ja deswegen bin ich hier.Ich habe ja Herrn
2329 839 3281 953 Sektionschof telephonieren lassen.
2333 925 3617 1037 J.: (etwas verlegen) Ich hab’s noch nicht ganz
2341 1021 3712 1139 zu Ende gelesen.Es fehlen mir noch etwa 30 Seiten.
2338 1109 3111 1225 Ich hab es erst seit "Fürzem.
2338 1197 3687 1315 Ich: Ich erlaube mir zu bemerken nach einem Brief
2334 1270 3635 1401 von Hofrat Schlenther an mich, hat er es Ihnen
2343 1365 3465 1483 schon am 17. November gegeben: geschickt.
2329 1458 3644 1558 J.: Ja, es ist vielleicht schon 14 Tage oder 3
2338 1556 3678 1642 Wochen. Er hat mir's übrigens persönlich gegeben.
2341 1642 3338 1758 nicht offiziell, sondern vertraulich.
2340 1664 3637 1832 Ich: Darf ich bet dieser Gelegenheit vielleicht
2345 1812 3658 1894 um Aufklärung bitten was dieses vertraulich hier
2347 1903 3592 2023 bedeutet.Die Zensur ist ja meines Wissens ein
2345 1986 3057 2087 ganz offizielles Institut.
2333 2070 3701 2197 J.: Ja gewiss, aber das ist immer so, bevor tüh ein
2345 2180 3610 2261 Werk offiziell bekomme gibt mir's der Direktor
2345 2238 3561 2336 immer privat, so dass es der Zensur überhaupt
2341 2325 3776 2451 nicht eingereicht wird, wenn Bedenken bestehen.Uebri¬
2350 2426 3724 2549 gens liegt gegen Ihr Werk so weit ich es bis jetzt
2345 2517 3674 2644 beurteilen kann, nichts vor.Ich finde nur die Ge¬
