4152 3608
3165 699 3468 848 21.9.1909.
2562 926 3303 1088 Sehr geehrter Herr Hofrat!
2377 1134 3580 1219 Insbesondere mit Rücksicht auf Ihre seiner¬
2271 1192 3592 1307 zeitige Bemerkung, dass die eventuelle Aufführung
2271 1309 3494 1414 des "Medardus" noch im Laufe des Jahres 1909
3097 1382 3505 1445 G.C.H.S.
2263 1397 3544 1506 wünschenswert erschtene, halte ich es nicht für
2263 1476 3596 1605 verführt heute mein Ersuchen vom 22. August eine
2254 1579 3624 1690 persönliche Unterredung betreffend in freundliche
2251 1673 2875 1799 Brimnerung zu bringen.
2462 1836 3262 1979 Mit vorzüglicher Hochachtung
2630 1964 3142 2081 Ihr sehr ergebener
2237 2377 3482 2553 Herrn Hofrat Dr. Paul Schlenüber Direktor des
2242 2492 2961 2626 kats. kön. Hofburgtheaters.
