4157 3593
3452 853 3597 968 6
3220 932 3327 1102 P.P.
2542 948 2635 1082 G.F.P.
2240 1066 3098 1179 aber es kommt nicht zur Abrede.
3159 1089 3302 1159 G.C.F.P.
2238 1152 3601 1275 15.) Bei Valets (Kuchtelmuchtel? P.T.) Man kennt
2231 1222 3649 1370 sich in Helenens Beziehungen zu Napeleen nicht aus.
2245 1327 3180 1460 (unklarheiten( Nicht interessant.
2247 1433 3653 1529 16.) Schönbrunn. Medardus den Delch im Gewande lau-
2256 1513 3662 1626 ert auf Napeison, ersticht aber Helene, weil er ete
2252 1612 3579 1696 für Napoleons Geliebte hält. Dies Motiv ist ganz
2259 1685 3520 1816 oberfl chlich behandelt und doch müsste es der
2266 1789 2976 1901 Ternpunkt des Dranns sein.
2284 1871 3721 1989 7.) Medardus im Gefängnts soll von Napelsen als sein
2302 1971 3531 2066 etter begnadigt werden, bekennt seinen wahren
2306 2052 3617 2152 an, soll ihn abschwören, weigert sich, wird mit
2313 2141 3567 2241 ächs ten Ehren erschossen. Ausge eichnete Szene,
2316 2240 3209 2361 ider viel zu s püt um zu wirken.
2363 2481 3690 2599 Gräte im Fisch. das was man auch den roten Faden
2392 2574 3452 2719 nnen pflegt tat der Trieb des Medardus
