4126 3623
2469 795 3757 910 schichte der Valois ist mit der Geschichte des
2466 872 3440 1004 Medardus nicht organisch verbunden.
2483 976 3776 1093 Ich: Da Herr Sektionschef es noch nicht zu Ende
2478 1065 3878 1164 gelesen haben kann ich hierauf schwer erwidern.Aber
2485 1154 3778 1260 der Sinn des Stückes ist, dass ein junger Mensch
2481 1235 3797 1359 über einem persönlichen Abenteuer seine grössere
2481 1324 3256 1429 politische Mission vergisst.
2478 1413 3800 1512 Dies wird etwas ausführlicher behandelt.Etne Be¬
2480 1512 3825 1608 merkung Jettels ungefähr!" Sie haben dieses Atten¬
2485 1597 3825 1700 tat auf Napoleon hineingebracht?" lässt mich ver¬
2478 1703 3725 1803 muten, dass er das Stück schon zu Ende gelesen
2481 1777 3778 1884 hat. Er spricht dann von den vielen Verwandlun-
2481 1902 2608 1964 gen.
2493 1956 3816 2062 Ich: Das ist eine Sache, deren Schwierigkeit nach
2488 2032 3866 2151 den letzten Briefen Hofrat Schlenthers schon voll¬
2490 2121 3790 2220 kommen erledigt ist, es handelt sich also nur um
2485 2224 3774 2342 Zensurschwierigkeiten und ich komme Sie fragen,
2493 2302 3033 2417 ob solche bestehen?
2486 2389 3701 2492 J.: Nein.Zuerst dacht ich die Franzosen, aber
2499 2474 3877 2594 schliesslich, dass sind doch lauter Leute, die schon
2499 2554 3847 2664 seit hundert Jahren tot sind. Dann vielleicht der
2488 2657 3024 2744 bayrische Leutnant.
