4175 3594
3434 784 3547 928 4
2109 984 3446 1104 sterischen Schauplatz we das Dramk zur Histerte
2092 1081 3556 1181 rd. Das ergret jendste ist der uralte Herr neben dem
2112 1168 3527 1279 zt Büdinger die beste Figur des Stückes: also zwei
2123 1270 3547 1376 eine Episoden. Dazu die international kohettierende
2136 1369 2630 1442 au des Eleganten.
2145 1429 3474 1551 Misson Raps an die Valefs, denen etoh NapeLeon
2156 1529 3523 1655 sch Helehene nähern will. Das Wesen um den blinden
2165 1609 3514 1748 zog entbehrt nicht des operettenhaften Zuges,eet-
2160 1691 3519 1815 Parttsane werden so wenig lebendig wie er und dte
2183 1793 3481 1884 nen. Helene geht statt in die Hochzeitsnacht mit
2202 1872 3158 1985 Vetter zu Napeison nach Schönbrunn.
2207 1957 3545 2067 Der allgemeine Zustand wirft eine Schicksalewelk
2211 2059 3539 2171 Die Familie des Medardus' Sein Onkel wird Sachen-
2253 2149 3528 2243 wird im Sinne Napeleons totfällig. (die Atlas-
2243 2243 3523 2340 1) Helene lüsst Medardus zu sich rufen, um ihn
2243 2329 3485 2451 peleen zuhhetzen. Allee was in dieser Buchla-
2289 2429 3505 2513 ge geschieht, ist nur neue Einfädelung. Etwas
2285 2522 2477 2652 Abend.
