3938 3608
2328 1264 2837 1353 volle Tätigkeit im Lehroerufe
2326 1316 2482 1374 gesprochen.
2387 1326 3252 1424 [Burgtheater.] Wie seinerzeit berichtet, wurde das
2321 1388 3246 1459 Schauspiel „Medardus" von Artur Schnitzler im Hof¬
2326 1427 3248 1503 burgtheater zur Aufführung angenommen. Das Stück, in dem
2322 1465 3240 1532 eine große Anzahl von szenischen Verwandlungen vorkommt,
2319 1499 3247 1558 spielt im Ansang des neunzehnten Jahrhunderts. In Künstler¬
2303 1531 3240 1599 kreisen verlautet nun, daß die Aufführung, die für Anfang
2300 1566 3238 1657 Januar in Aussicht genommen war, wegen technischer
2299 1608 2917 1674 Schwierigkeiten zurückgestellt worden sei.
2351 1641 2576 1732 Hofoper.
2569 1643 3243 1712 Der Bassist der Frankfurter Oper, Herr
2569 1690 2932 1767 Ist nach seinem Gastst
2926 1704 3249 1751 piele an der Wiener
2927 1733 3170 1800 : sechs Jahre
3164 1738 3257 1783 von
3163 1772 3274 1817 mets i
