4146 3607
2283 515 2497 648 1.
2233 629 2760 777 Schreuht
2554 752 2788 834 G.C.H.F.P.
3090 804 3395 908 29.9.1909.
2691 1052 3429 1129 Sehr geehrter Herr Hofrät!
2564 1155 3702 1267 Ich danke Ihnen bestens für Ihr freundli¬
2334 1248 3726 1363 ehes Schreiben. Es ist ganz richtig, dass ich selbst
2327 1352 3646 1439 auf die Einhaltung des Jahres 1909 für eine Auf¬
3504 1404 3634 1449 G.H.
2722 1425 2916 1484 G.C.H.F.P.S
2334 1446 3622 1543 führung des "Medardus" nur wenig Gewicht gelegt
3119 1505 3403 1559 3 rue ou 4 1/2 rue 4
2339 1540 3651 1645 habe Freilich wäre es mir recht wertvoll,dass die
3256 1593 3365 1649 ouvrai
2327 1619 3648 1711 Aufführung,wenn sie überhaupt zustande kommt,we-
2339 1713 3695 1834 nigstens in der Saison 1909/10 stattfinden könnte.
2800 1784 2986 1834 G.C.F.P.
2334 1807 3630 1904 Jedenfalls darf ich nunndie Hoffnung hegen, dass
2346 1888 3684 1997 die endgiltige Entscheidung nichtmehr allzu lange
3119 1952 3232 1999 .4.
2344 1978 3696 2089 auf sich warten lassen wird, was mir abgesehen von
2344 2072 3698 2160 allem andern wegen meines wahrscheinlich bald zu
2351 2141 3700 2245 erwartenden Vertragsabschlusses mit Reinhardt und
2354 2242 3691 2342 wegen der eventuellen Veröffentlichung des Buches
2354 2332 3636 2419 (die ich hinausschieben würde,nenn eine Auffüh¬
2358 2405 3646 2514 rung für das Frühjahr 10.10 in Aussteht stünde)
2944 2479 3135 2530 nur sovän
2360 2514 3682 2601 recht angenehm wäre. Noch einmal möchte ich beto-
2356 2594 3625 2698 nen, dass ich mich zu den ausgedehntesten Stri¬
3441 2641 3604 2693 Monsieur le
2365 2687 3636 2814 ehen entschliessen würde, so wett der Sinn und
2514 2779 3625 2857 einer nur in ihrer Plantasie bestehenden
