4175 3594
2295 929 2394 993 det
2215 951 3635 1047 er ganz unter der Fülle der übrigen hier durehe man-
2204 1081 3633 1181 der wegenden, den allgemeinen Zustand darstellenden
2208 1166 3661 1271 Menschen und mit dem Allgemeinzus tand steht der Held
2213 1248 3664 1358 Nederdus in einem viel zu le hern, losen, zufälligen
2228 1344 3666 1444 usammenhang. Dass er seinem Hauptmann blos eine Mel-
2233 1415 3646 1538 ung bringt (Seite 136) genügt nicht, wirkt vielmeh
2259 1516 3606 1617 ein und kümmerlich. Wir verlieren alles Interesse
2288 1607 3586 1708 hm. Der Riesenapparat dieser Szene déckt se ne
2277 1695 3545 1782 stalt und schn eigenes Leben. Wohl sagt er was
2297 1782 3671 1884 ihm vorgeht. Er fühlt sich nicht mehr als Soldaten
2291 1867 3581 1978 ht mehr als Helden, er will die Tere frethaben.
2300 1947 3517 2063 u Helene zu können. Was ihm früher pross war
2309 2056 3559 2152 and ihm schon zwischen Hass und L###be. An Na-
2309 2137 3454 2233 en denkt er nicht, er denkt nur an Helene
542 2132 656 2239 G.F.P.
2324 2230 3563 2320 s. Leider erfahren wir alles das nurv en ihm
2333 2326 3595 2422 t im Gespräch mit dem Konfident, darum hat er
2364 2396 3679 2516 drumatische Wirkungs- und Ueberzeugungskraft.
2385 2476 3516 2606 und Bargettis deminteren hier auf diesem
