4152 3608
2018 418 2376 574 " " "    "
1409 789 3380 935 ten Lesung wiederum anderthalb Monate vergangen sind, trete ich (und viel-
1419 917 3338 1031 leicht geht es Herrn Professor Lefler ebenso) wieder ganz neu und unbe¬
1417 1031 2299 1127 fangen an das grosse Werk heran.
1738 1098 3335 1216 Bei dieser Gelegenheit möchte ich fragen, ob Sie auch unter
1422 1202 3343 1296 den neuerlich veränderten Umständen, unter denen Herr Kainz am Hofburg-
1422 1281 3360 1402 theater mitwirkt, Gewicht auf die fünffache Personalunion in Ihren "Le-
1427 1377 3370 1466 bendigen Stunden" legen.Sollte dies der Fall sein,so er-
1432 1427 3365 1575 wäge ich,wenn “Der junge Medardus“ nicht zustande kommen sollte, den Ge-
1441 1526 3303 1657 danken, diese fünf Einakter im Dezember mit Herrn Kainz zu bringen, da
1434 1592 3368 1746 Herr Kainz mir seinerzeit versprochen hat,zu etwaigen neuen Rollen vor-
1444 1696 3365 1835 bereitet am 1.Dezember einzutreten. Nachdem inzwischen mancher Personal-
1444 1812 3395 1924 wechsel bei uns vor sich gegangen ist, wäre ich Ihnen für einen erneuten
1444 1894 3427 2042 Besetzungsvorschlag in bezug auf die anderen Rollen der fünf Stücke dank-
1449 1993 3397 2119 bar. Ich möchte diese fünf kleinen Eisen ins Feuer legen, ohne das grosse
1444 2092 2277 2213 Medardus-Eisen herauszunehmen.
2388 2134 3192 2265 Mit vorzüglicher Hochachtung
2527 2262 2940 2366 ganz ergebenst
2549 2349 3415 2544 P. Schlenthig.
1518 2777 2665 2957 Herrn Dr. Arthur Schnitzler, wien.
