4152 3608
2803 529 3381 645 Wien, 31. August 1909.
2623 917 3361 1039 Sehr geehrter Herr Doktor,
2192 1010 3462 1137 Natürlich ist auch mir eine persönliche Unter-
2197 1113 3509 1229 redung sehr erwünscht, ich möchte aber doch noch
2199 1202 3521 1314 einmal das Stück in den gedruckten Fahnen lesen,
2204 1287 3540 1419 wozu ich begreiflicherweise bis jetzt noch nicht
2195 1408 3459 1508 gekommen bin, da ich erst gestern früh von der
2199 1471 3521 1586 Reise kam. Sobald ich damit fertig bin, melde ich
2207 1564 3563 1675 mich und lasse Ihnen anbei das Maschinenexemplar,
2219 1657 3516 1787 das jetzt für uns belanglos geworden ist,wieder
2207 1773 2462 1891 zugehen
2646 1827 3447 1951 Mit vorzüglicher Hochachtung
2792 1942 3207 2018 ganz ergebenst
2989 1988 3509 2214 P. Schenk,
2310 2292 3251 2472 Herrn Dr. Arthur SCHNITZLE
3241 2314 3479 2509 Wien.
