4147 3608
546 398 681 532 1/1
2884 415 2968 541 14
3760 406 3953 557 17, 11
2280 483 2599 664 (Nuen in)
2247 651 2695 732 Dr. Arthur Schnitzler
2277 722 2679 814 Wien XVIII. Spoettelgasse 7.
2996 708 3320 806 10.11.1909.
2504 928 3266 1040 Sehr verehrter Herr Hofrat!
2422 1102 3587 1203 Sie haben wohl auch im heutigen Abendblatt
2271 1196 3559 1319 der Neuen Freien Presse die Notiz gelesen, nach
2240 1313 3517 1390 der die Aufführung des Medardus wegen techni¬
2242 1376 3566 1503 scher Schwierigkeiten zurückgestellt worden sei.
2233 1490 3583 1578 Diese Notiz, die von jedem Aussenstehenden nur als
2242 1567 3620 1658 eine endgiltige negative Erledigung der Angelegen¬
2236 1674 3566 1739 heit gedeutet werden kann, ist mir begreiflicher¬
2233 1751 3622 1834 weise aus den verschiedensten Gründen höchst unan¬
2240 1820 3534 1937 genehm. Ich möchte es Ihrem werten Ermessen an¬
2240 1933 3571 2030 heimstellen, verehrter Herr Direktor, ob Sie nicht
2240 2017 3616 2103 ein ausdrückliches Dementi der Direktion für ange¬
2238 2096 3644 2191 zeigt hielten, in dem der Sachlage gemäss aus gespro-
2240 2182 3644 2284 chen würde, dass nun nachdem die technischen Schwie¬
2242 2275 3580 2352 rigkeiten sich durchaus als überwindbar erweisen,
2245 2364 3611 2450 die definitive Annahme,die mir aus Ihrem heutigen
2242 2459 3571 2539 ausführlichen Schreiben ganz unbezweifelbar her-
2240 2545 3564 2636 vorzugehen scheint, nur mehr von der Entscheidung
