4147 3608
2690 404 2825 532 i.
1566 400 1894 544 V. F. P.
3573 700 3660 816 2
2358 833 3036 943 der Zensur abhängig sei.
2495 926 3700 1032 Um in diesem Zusammenhange die einzige noch
2362 1020 3585 1114 übrige s###enische Schwierigkeit auszuschalten
2365 1112 3691 1198 (Glacis), so möchte ich hier vorschlagen zwischen
2370 1210 3746 1299 einer schmalen Strassendekoratien (Kaserne im Hin-
2370 1299 3645 1407 tergrund) oder einem perspektivischen Prospekt
2368 1402 3698 1494 des Glaats (Kaserne seitlich oder und tohtbar) zu
2358 1480 2570 1578 wählen.
2490 1544 3686 1641 Auf die übrigen Einzelheiten Ihres Briefes,
2365 1639 3684 1727 für den ich verbindlichst danke, erlauben Sie mir
2365 1725 3464 1846 zu gelegener Zeit persönlich einzugehen.
2661 1845 3452 1973 Mit vorzüglicher Hochachtung
2849 1935 3233 2043 Ihr ergebener
2365 2380 3452 2502 Herrn Hofrat Dr. Paul Schlenther, Wien.
