4126 3623
2339 854 3465 967 Aus einem Brief von Brahm vom 16.12.09.:
2349 944 3640 1037 "Schlenther hat mir in der Tat damals bei Meisl
2344 1052 3694 1137 und Schaden den Eindruck best채tigt, den sein Brief
2342 1133 3702 1228 an Sie erweckte. Wenn Zensur und Drehb체hse stimmen.
2341 1202 3656 1321 dann sei's so weit. Und auf meine Frage,was bei
2334 1307 3587 1395 einem Wechsel der Direktion Ihnen die Annahme
2331 1392 3597 1519 n체tze erwiderte er: Er werde Ihnen,wenn Zensur
2331 1497 3601 1576 und Drehbihne stimmen, die Annahme ausser durch
2322 1583 3643 1666 den Kontrakt noch in Briefjorm mit einer Termin-
2319 1668 3594 1754 angebe anzeigen und an die m체sse sich auch der
2317 1744 3634 1864 eventuelle Nachfolger gebunden halten,meinte er.
