4147 3608
3044 341 3152 463 II
1277 422 1841 569 '̃̃ ̃:̃
2856 434 3118 591 V. F.C.F.
951 461 1042 581 11
1321 821 3265 939 Fügt es sich so, dann hätten wir sowol Frl.else Wohlgemuth als auch Frl,
1321 939 3162 1064 Erika v.Wagner zur Verfügung. Ich kenne beide Damen noch nicht genau
1331 1012 3177 1135 genug um beurteilen zu können, welche von ihnen die geeignetere wäre.
1329 1098 3204 1206 Frl.Wolgemuth bringt die hohe, feine, interessante Erscheinung und den
1331 1196 3233 1319 natürlichen Konversationston mit.Frl.v.Wagner ist hingegen das leiden-
1336 1289 3248 1414 schaftlichere und feurigere Temperament. Jene mehr die Prinzessin, diese
1329 1375 3172 1481 mehr die Liebhaberin.Wir gewännen dadurch den Vorteil, dass uns Frau
1329 1473 3199 1591 Römpler-Bleibtreu für Mutter Klähr erhalten bleibt, was ich für einen
1336 1537 3228 1664 ganz beträchtlichen Vorteil halte, besonders auch in der Schlussszene.
1341 1642 3255 1750 Frl.v.Wagner tritt am 16.April, Frl.Wohlgemuth am 26.Mai in den Verband
1336 1735 3214 1836 dess Hofburgtheaters ein, aber es ist Hoffnung, dass Frl.v.Wagner schon
1341 1799 3277 1941 am 1. März sich von ihren Verpflichtungen gegen das Meininger Hoftheater
1346 1912 3282 2012 frei machen kann.Da der Ostersonntag heuer schon auf den 27.März fällt,
1338 1993 3206 2084 so könnte man wohl eine Nachosterpremièreirkieren.Denn gerade weil
1338 2091 3255 2191 Ihr Werk so aussergewöhnliche Zeit zur Vorbereitung in Anspruch nimmt,
1351 2184 3263 2260 wird es nicht möglich sein, es so früh herauszubringen, dass der etwaige
1343 2245 3182 2358 Erfolg noch vor dem 20. März (Palmsonntag) genügend ausgenützt werden
1348 2385 1554 2468 könnte.
1547 2451 3294 2549 Was nun die übrige Besetzung betrifft, so glaube ich unter aller-
1348 2517 3143 2652 hand Resignationen es doch zuwege zu bringen, dass nur ganz wenige
1353 2620 3297 2706 Schauspieler doppelt beschäftigt sind. Darüber wäre ja noch zu sprechen.
1510 2716 3280 2821 Sobald ich von Herrn Sektionschef von Jettel Bescheid habe, werde
1353 2802 3324 2895 ich Sie zu einer persönlichen Unterredung bitten und kann Ihnen bei die-
1356 2892 3218 3010 ser Gelegenheit vielleicht schon Bestimmteres über die richtige Aus-
