4175 3594
3333 852 3475 966 2 -
2343 1024 3110 1151 tter der Prinzessin Helene.
2331 1135 3646 1231 arlegung der Situatien im Hause Valets. Der Zwei
2360 1223 3618 1346 verlief nicht tötlich. Medardus ist verwundet.
2336 1308 3398 1433 e sende t e tn Liebeszeichen an Medardus.
2319 1418 3639 1524 ledardus kehrt verwundet heim (die schöne Arztep
2336 1498 3637 1587 Die Betin Helenens trifft ihn. Er deutet den Graf
2307 1577 3639 1684 : richtiger als er gemeint war und beschliesst He
2322 1689 3622 1775 aufzusuehen und durch ihre Liebe seinen Hass zu
2303 1773 2392 1854 en.
2291 1857 3446 1960 Medardus heimlich nüchtlich im Garsen bet
2288 1941 3458 2055 ne. Sie verbirgt ihn in threm Schlafzimmer
2295 2028 2892 2134 um nicht bei Nerina?)
2283 2088 3584 2206 Morgen nach der Nacht. Helenens Bild trübt sein
2276 2221 3454 2320 xx er gehört nicht mehr a ich selbst. Sie
2271 2286 3389 2403 ützt sich vor ihm durch Gewaltmassregeln.
2279 2385 3535 2480 Medardus rettet sich in den Dienst des Vater-
2274 2485 3512 2580 des. Er valtet seiner Soldatenpflicht auf der
2262 2572 3634 2669 te i. Die Mutter schöpft neue kriegeris he Hoffnung
2250 2639 3603 2736 werde sich selbst wieder finden. Leider verschwin-
2250 2734 3582 2825 er ganz unter der Fülle der übrigen hier durch-
