4119 3608
2181 515 2650 650 141.00
2341 938 3674 1044 samer ist als der Schluss des zweiten. Vielleicht
2344 1029 3586 1126 also, verehrter Herr Hofrat, ziehen Sie bei er¬
2344 1117 3581 1202 neuter Lektüre auch diese Eventualität in Be¬
2349 1200 3549 1292 tracht. Auch einige andere kleinere Striche
2352 1310 3559 1383 ausser den in Ihrem neuen Exemplar eingetra¬
2349 1385 3234 1476 genen, liessen sich noch erwägen.
2585 1468 3365 1589 Mit vorzüglicher Hochachtung
2731 1569 3106 1666 Ihr ergebener
2407 2071 3456 2178 Herrn Hofrät Dr. Paul Schlenther, Wien.
