4035 3577
2119 897 3468 1024 Medardus wird etwa am 10. Juni 1909 den Burgtkea¬
2133 1000 2586 1130 ter eingereicht.
2284 1060 3476 1194 Am 28. VI. werde ich auf meine Anfrage hin
2139 1165 3428 1295 telegraphisch ins Burgtheater beschieden, gleich
2143 1264 3421 1383 in die Kanzlei von Hofrath Schlenther gelettet.
2293 1351 3514 1476 Er sagt: "Sie haben uns da eine harte Nuss zu
2143 1438 3399 1557 knacken gegeben, ich wollte Sie erst herbitten,
2137 1502 3379 1646 wenn ich Ihnen etwas Näheres sagen könnte, ich
2143 1617 3399 1754 komre eben vom Fürsten Montenuovo. Er hat das
2100 1782 3573 1917 Stück eben zu Ende gelesen und folgende Bedenken aus-
2110 1883 2890 1991 gedrückt: 1. der Name Barry.
2258 1948 3452 2093 Ich: "Lässt sich ändern, indem man den Namen
2117 2027 3558 2187 einer bereits ausgestorbenen bourbonischen Linie dafür
2121 2172 2390 2262 einsetzt.
2199 2241 3578 2348 2. Bedenken: die Szene, die in SSchönbrunn spielt.
2119 2324 2899 2456 (als Restdenz dess Kaisers).
2227 2412 3196 2544 Ich: "Das lässt sich nicht ändern.“
2229 2483 3619 2611 3. Bedenken: die nicht sehr schmeichelhafte Schil-
2130 2573 3576 2697 derung der Wiener, die es sich nicht gerne werden ge¬
2135 2653 2540 2771 fallen lassen.
