4150 3642
2177 654 2812 826 Schlechter
2688 784 2828 859 G.C.F.P.
3234 746 3570 886 22.10.1909.
2694 961 3432 1081 Sehr geehrter Herr Hofrat!
2677 1139 3729 1252 Gestern Nachmittag habe ich Herrn Sek¬
2438 1250 3763 1311 tionschef Jettel in seinem Bureau gesprochen und
2467 1313 2843 1369 eo e ee e e maa e
2440 1323 3815 1445 bin ausdrücklich befugt, dass der Herr Sektionschef
2435 1419 3767 1520 (obwohl er etwa dreissty Seiten des Stüches noch
2440 1504 3734 1588 nicht gelesen habe) von seinem Standpunkt gegen
2440 1591 3808 1699 eine Aufführung des Medardus am Burgtheater nichts
2988 1658 3099 1718 G.F.P.
2442 1675 3733 1783 einzurenden finde, ausser etwa, dass der Leutnant
2442 1748 2701 1815 G.C.H.F.S.
2440 1793 3661 1870 im vierten Akt als ein bayrischer gezeichnet
2440 1870 3705 1952 werde, was natürlich ohneweiters zu eliminieren
2431 1965 2807 2056 möglich wäre.
2640 2032 3784 2133 Da nun keinerlei Zensurbedenken bestehen,
2435 2107 3799 2228 (wie ja wohl schon nach dem Verhalten des Fürsten
2431 2218 3690 2305 Montenuovo im Juni vorherzusehen war)und kein
2430 2305 3733 2394 Zweifel mehr vorliegt, dass das ganze Stück ohne
2435 2394 3736 2505 Schwierigkeit auf die Drehbühne zu bringen ist.
2438 2484 3763 2573 wie aus Ihren letzten Briefen hervorgeht, erhoffe
2438 2561 3786 2688 ich eine endgiltige günstige Erledigung der Ange¬
2435 2672 3716 2793 legenheit innerhalb der allernächs ten Tage und
