4044 3608
2666 400 2757 553 P.M.
1301 717 3131 867 müssen. Nur wird es notwendig sein, alle diese Bilder räumlich klein
1310 865 3176 955 zu machen, auch den Schlossgarten mit den Treppen zum Schloss und dem
1306 941 3145 1051 Friedhof. Diese Probleme sind noch nicht völlig gelöst und werden in
1315 1048 3159 1132 ihrer Lösung möglicherweise von Ihren Vorschriften abweichen müssen.
1308 1136 3114 1215 Nach Bild VII müsste sich der Umbau für den Salon, die Buchhandlung
1315 1217 3116 1310 und das Boudoir vollziehen, ebenso nach Bild X,wo das Glacis in der
1313 1303 3147 1406 Art, wie Sie es vorschreiben, Schwierigkeiten macht. Die grösste Pause
1308 1413 3193 1489 muss leider nach Bild XII wegen des Schönbrunner Schlosshofes eintre-
1315 1484 3209 1575 ten. Und hierin liegt jetzt die grösste Unannehmlichkeit.Für die späte
1313 1546 3154 1670 Stunde wird die Pause auf alle Fälle zu lang, und es wird nicht ganz
1313 1673 3131 1787 leicht sein nach dieser langen Pause die Aufmerksamkeit wieder für
1315 1730 3042 1835 die grossen Vorgänge im Schlosshof und im Gefängnis zu erobern.
1441 1823 3173 1939 Immerhin aber ist das Stück in dieser Fassung bühnendenkbar ge-
1322 1925 3235 2004 worden und ich bedauere, dass Sie sich zur Beseitigung der Bastei nicht
1320 1999 3202 2097 schon im Juni haben entschliessen können. Wir ständen dann jetzt viel-
1313 2070 3197 2190 leicht mitten in der Arbeit.Anderseits begreife ich, dass Sie die Sze-
1320 2190 3207 2275 ne nicht missen wollten, weil sie ja doch vor allen anderen das Wiener
1320 2242 3207 2375 Leben jener Zeit entfaltet.Vielleicht machen Sie daraus noch ein ein-
1327 2387 2716 2461 aktiges Zeitbild ohne die Hauptperson des Medardus.
1458 2475 3209 2564 Nur um auf dem Wege der Erleichterungen noch etwas weiter zu ge-
1327 2549 3150 2656 hen, möchte ich Ihnen zur Erwägung geben, ob Sie nicht doch auch das
1322 2616 3207 2735 Bild VII (Strassenkreuzung) weglassen und für das Glacis, wo besonders
1327 2726 3193 2835 die grosse Baulichkeit Schwierigkeiten macht, eine leichtere Szenerie
1332 2826 3164 2921 erfinden wollten. Dann könnte eventuell auch die Pause zwischen X/XI
1325 2930 1620 3016 wegfallen.
