3065 3559
1544 488 2099 616 Wien, 12. Jänner 1910.
1017 980 1752 1173 Sehr geehrter Herr Doktor,
604 1146 2482 1257 Es dürfte Ihnen bekannt sein, dass zum 1.März in der artistischen Di-
604 1235 2507 1346 rektion des Hofburgtheaters ein Personenwechsel eintreten wird. Da es
611 1366 2596 1458 mir unter diesen Umständen nicht möglich ist, irgend welchen Entschlies-
619 1428 2552 1527 ungen und Entscheidungen meines designierten Nachfolgers vorzugreifen,
614 1525 2512 1653 so habe ich mir erlaubt am 6. d. M. das dem Hofburgtheater eingereichte
606 1624 2562 1740 Exemplar Ihres Dramas “Der junge Medardus“ meinem Nachfolger, dem Herrn
601 1713 2445 1814 Alfred Freiherrn von Berger, persönlich zu überreichen. Wie mir Herr
596 1814 2502 1903 Dr.Rosenbaum mitgeteilt hatte, würde dies Ihren Wünschen entsprechen.
611 1869 2552 2000 Ich gebe daher anheim sich in Bezug auf den Fortgang der Angelegenheit
604 1973 2522 2086 mit Herrn Alfred Freiherrn von Berger direkt in Verbindung zu setzen.
1530 2057 2331 2185 Mit vorzüglicher Hochachtung
1703 2146 2116 2250 ganz ergebenst
1732 2225 2406 2448 P. Sczlenberg
