4184 3576
3457 758 3588 841 - 5-
2273 900 3612 1036 II.) Medardus in den Armen Helenens. Napoleen als
2264 1034 3640 1103 Mhatten zwischen ihnen wird die kurze Szene diese
2258 1088 2988 1209 Josse Stunde ausschöpfent
2258 1152 3663 1307 (2.) Eschenbahcer wird verhaftet. Medardus wird da-
2260 1260 3693 1388 durch in den Bannkreis seiner Familie gezogen. Nape-
2247 1383 3671 1471 bens Faust legtssich auf ihn selbst. Sein Altruts-
2237 1454 3620 1556 mus, sein Patriotismus ervacht wieder und fördert
2218 1556 3190 1652 Helenens Anschlag gegen Napoloon.
2243 1618 3510 1750 13.) Medardus Mutter von Napoieen ingewiesen.
2258 1716 3650 1839 ###ehenbacher wird füsiliert. In Medardus hecht die
2233 1798 3669 1915 Wage eb es der Mlhe wert ist zu leben. Zuletzt be-
2237 1903 3499 2020 ja-ht er sie. denn sein Leben hat einen Zweck.
2243 1992 3590 2090 de Iene und die Mutter (Eschenbachers Schwester)
2247 2086 3639 2179 weisen ihm dasselbe Ziel: die Ermordung Napoleons.
2258 2162 3722 2292 (v..) Eschenbahrers Begräbnis. Medardus und Helene be-
2320 2279 3669 2388 genen sich dort, wo sie sich, das erstemal trafen.
2248 2341 3765 2469 Kr Mordplan wird hier zum erstenmal von ihnen berührt
2305 2733 3142 2860 sincenseres mes wert au rescript. -
