4157 3593
3471 759 3643 892 - 8 -
2192 927 3661 1056 und würde die allgemeine Konfusten nur nach steigern.
2186 1015 3588 1167 Hindestens müsste Szene 7 fallen. Szene 11 und 12,
2204 1107 3537 1211 sowie Szene 13 und 14 zusammengezogen werden. So
2206 1189 3590 1340 bleiben also dann immer noch 14 Szenen, also immer
2201 1290 2544 1435 noch zuviel.
2194 1345 3665 1510 Wie das Stück jetzt verliegt hätte es 16 Verwandlungen
2206 1471 2699 1580 Leffler berechnet
2237 1547 2758 1669 4 à 3 Minuten - 42
2250 1649 2756 1803 à le Minuten - 20
2604 1732 2925 1845 Minuten 62.
2258 1831 3429 1941 nger als höchstens vier Stunden dürfte der
2278 1908 3650 2007 und nicht dauern. Bleiben also für das Spiel selbst
2274 1997 3630 2113 ###pe drei Stunden, käme also auf Jede der 17 Sæne
2214 2085 3561 2195 sch u über sehn Minuten. Damit ist aber die Zeit-
2201 2170 3570 2269 dauer der einzelnen Szenen viel zu knapp bemessen.
2228 2261 3566 2399 Es würden bei den vielen Verwandlungen so kurze
2188 2358 3540 2496 ### nur noch zerstreuender und zerstückeinder
