4126 3623
2198 802 3704 959 manche Autoren z.B. Kadelburg für "Den dunklen Punkt“,
2206 915 3619 1038 den er übrigens jetzt trotzdem hinausschieben will,
2206 1007 3729 1136 bekommen oder schreiben auf den Tantiemenrevers selbst:
2204 1082 3740 1218 Akzeptiert unter der Bedingung eines bestimmten Termins,
2206 1189 3617 1304 z.B. 1.Dezember. Geht Schl. darauf nicht ein,so ist
2208 1281 3621 1390 daraus zu ersehen, dass er überhaupt nicht ernstlich
2210 1377 3570 1515 an die Aufführung denkt und Sie fordern das Stück
2210 1480 2413 1578 zuttück.
2212 1647 3049 1775 Nun telephontert R. an Jettel.
2210 1718 3619 1842 H.: Habe die Ehre Herr Sektionschef, der Herr Direk¬
2221 1800 3631 1919 tor hat Ihnen schon gesagt, dass Dr. Schnitzler per¬
2221 1898 3683 2001 sönlich zu Ihnen kommen möchte.- Könnte er vielleicht
2216 1984 3516 2124 jetzt gleich zu Ihnen kommen? - - - Also schön,
2216 2080 3257 2210 Dienstag zwischen 5 und 6 Uhr. Danke.
2218 2256 3610 2386 R.: Er war offeniar nicht angenehm berührt, fragte:
2225 2355 2966 2476 muss denn das gleich sein?
2225 2426 3554 2566 Ich: Er will sich offenbar noch einmal mit Schl.
2233 2547 2472 2643 bera ten.
2231 2614 2763 2721 h.: Wahrscheinlich.
2231 2624 3298 2790 Ich: Sind sie denn so gut miteinander!
