3885 3552
646 493 1346 684 Schlentner
1700 607 2013 719 14.1.1910.
1276 641 1492 751 G.C.F.P
1111 842 1835 988 Verehrtester Herr Hofrat!
1032 972 2134 1079 Mit bestem Dank bestätige ich Ihnen den
769 1054 2138 1182 Empfang Ihrergeschätzten Mitteilung, nach der Sie
771 1127 2198 1282 so freundlich waren mein Drame "Der junge Medardus"
1833 1203 2307 1269 l'a eu de la rivreur de la nouvelle.
769 1262 2200 1367 persönlich dem Baron Berger zu überreichen. Erlauben
1369 1312 1575 1376 G.C.H.F.P.
776 1339 2120 1463 Sie mir bei dieser Gelegenheit Ihnen auch meinen
780 1429 2175 1536 aufrichtigen Dank für das teilnahmsvolle Interesse
787 1527 2164 1645 auszudrücken, das Sie, verehrter Herr Hofrat.diecom
776 1616 1632 1773 Stüche entgegengebracht haben.
1073 1787 1876 1914 Mit vorzüglicher Hochachtung
1223 1880 1752 2002 Ihr sehr ergebener
897 2136 2131 2271 Herrn Hofrat Dr. Paul Schlnther, Direktor des
813 2280 1508 2408 k.k.Hofburgtheater. Wien.
