4100 3625
2367 766 3728 877 meine Ansicht nicht geändert. Schnittler als tiro¬
2367 877 3757 1002 ler Dichter kann ich mir allerdings nicht vorstel-
2356 960 2526 1063 I en."
2370 1139 3558 1238 Während ich in der Kanzlei bin telephoniert
2363 1212 3724 1340 Schlenther von unten aus seinem Verschlag und be¬
2367 1306 3696 1429 spricht eine Zusammenkunft mit Rosenbaum zur Er¬
2368 1390 3712 1512 ledigung der dringenden Angelegenheiten für Frei¬
2367 1468 3634 1569 tag den 24. Vormittag.Es wird beschlossen, dass
2358 1567 3270 1682 mein Brief schon vorliegen solle.
2349 1751 3686 1838 Zu den "Lebendigen Stunden" erzählte mir R. noch
2349 1820 3734 1935 Folgendes. Rosenbaum teilte an Schlenther mit, dass
2360 1909 3708 2058 ich eintge von den Zensurstrichen für "literatur"
2358 2006 3748 2127 akzerziert, andere mit Jettel noch besprechen wolle.
2351 2126 3736 2207 Darauf Schlenther: Wenn die Literatur so bestriert
2354 2200 3688 2306 ist will ich sie gar nicht spielen.Die Literatur
2347 2283 3653 2382 ist das Beste von dem Zyklus und ohne Literatur
2344 2379 3715 2491 will ich den Zyklus nicht spielen. Ich gehe an den
2341 2464 2604 2561 Medardus
