4163 3577
3448 841 3557 943 2
2297 969 3207 1106 und Vetter der Prinzessin Melene.
1567 1013 1682 1093 G.H.F.P.
1326 1019 1436 1121 G.C.F.P.
2301 1069 3746 1217 4.) Darlegung der Situatien im Hause Valeis. Der Zuer
1827 1102 1917 1163 str.
1734 1169 1995 1287 Te xxxde2
2292 1158 3724 1291 kampf verlief nicht tötlich. Medardus ist verwundet.
2277 1256 3499 1388 Helene sende  in Liebeszeichen an Medardus.
3568 1293 3686 1369 G.C.F.P.
2292 1363 3740 1484 5.) Medardus kehrt verwundet heim (die schöne Arztep
2258 1428 3746 1560 Äse de) Die Botin Helenens trifft ihn. Er deutet den Gr
2279 1528 3742 1669 Gruss richtiger als er gemeint war und beschliesst Me
2279 1638 3727 1767 lehe aufzusuchen und durch ihre Liebe seinen Mass zu
2286 1706 2499 1806 kühlen.
2277 1765 3536 1930 6.) Medardus heimlich nüchtlich im Garten bei
2271 1878 3561 2027 Helene. Sie verbirgt ihn in ihrem Schlafzimmer
2282 1964 2977 2079 (warum nicht bei Nerinat)
2277 2073 3670 2197 7.) Morgen nach der Nacht. Helenens Bild trübt sein
2277 2134 3546 2280 Inneres: er gehört nicht mehr sich selbst. Sie
2277 2234 3488 2375 schützt sich vor ihm durch Gewaltmassregeln.
2275 2323 3636 2455 8.) Medardus rettet sich in den Dienst des Vater-
2269 2405 3607 2551 landes. Er waltet seiner Soldatenpflicht auf der
2258 2499 3731 2631 bastet. Die Mutter schöpft neue kürgerte he Hoffnung
2256 2610 3709 2740 er werde sich selbst wiederfinden. Leider verschwin-
861 2695 941 2795 ab.
2264 2766 2757 2881 det er ganz unt.
