4157 3607
2391 798 3601 933 immer bedenklich; jetzt, da die Basteienszene
2371 914 3761 1027 fortfällt, scheint es mir vollkommen unmöglich auf
2368 992 3729 1109 jene Szene zu verzichten, die für den Zusammenhang
818 1033 987 1154 J
2357 1072 3573 1234 der ganzen Geschichte unerlässlich ist.
2508 1171 3667 1299 Ihr Bedauern, dass ich mich zur Besettigung
2371 1262 3708 1390 der Bastei nicht schon im Juni entschlossen habe,
2373 1363 3637 1468 teile ich natürlich, doch erlauben Sie mir, ver-
2364 1433 3655 1591 ehrter Herr Hofrat, daran zuberinnern,dass davon
2352 1514 3637 1650 zu jener Zeit überhaupt nicht die Rede war; im
2353 1605 3735 1740 Gegenteil,Sie stimmten der von mir aus gesprochenen
2341 1703 3671 1847 Ansicht zu (die sich nun freilich als unhaltbar er¬
2341 1797 3637 1943 wiesen), dass keine Szene des Stücks vollständig
2343 1866 3660 1985 zu entbehren sei.Auch in Ihrem Schreiben vom 18.
2332 1971 3589 2094 August war von einer Streichung der Basteien-
2334 2055 3637 2170 szene noch nicht im entferntesten die Rede Auch
2334 2145 3660 2273 die Reinhardtleute in Berlin hatten ursprünglich
2325 2243 3653 2378 die Möglichkeit dieser Streichung gar nicht ins
2318 2323 3631 2432 Auge gefasst und erst vor Kurzem (ohne Kenntnis
2325 2400 3612 2531 des Resultats meiner Wiener Vorlesung) fragten
2320 2519 3713 2648 sie bei mir an, ob ich egentuell in eine Streichung
2309 2632 3736 2743 der Basteienszene willigen würde, (was ich natürlich
