4157 3607
2152 591 2757 770 Schleucher
3083 648 3415 763 18.11.1909.
2540 907 3329 1056 Sehr verehrter Herr Hofrat!
2526 1104 3648 1219 Erlauben Sie mir meinen gestrigen Briefe
2313 1193 3625 1319 noch einiges beizufügenMit meinem Vorschlag tat
2323 1285 3625 1418 Glacis-Dekoration zu vereinfachen, gelaube werden
2320 1396 3702 1534 Sie schwerstanden sein. Es wäre also möglich schon
2327 1481 3705 1593 während dieser letzten Szene des 4. Aktes die ers-
2332 1569 3606 1696 te des 5. (Schönbrunn) aufzubauen, so dass auch
2323 1638 3629 1774 zuischen dem 4. und 5. Akt keine grössere Pause
2334 1729 3636 1857 notwendig wäre. Und zwischen der vorletzten und
2330 1822 3658 1938 letzten Szene brauchte gewiss keine einzutreten.
2337 1916 3681 2016 da ja auch für das Gefängnis ein Prospekt genügt.
2550 1996 3717 2113 Wenn Sie, verehrter Herr Hofrat,es für vor-
2351 2089 3655 2223 teilhafter halten von der Bezeichnung „Vorspiel“
2346 2174 3572 2294 ganz abzusehen, und also auch die zwei Szenen
2349 2257 3662 2372 des Vorspiels zum ersten Akt zu schlagen, so habe
2353 2367 3651 2510 ich natürlich nichts dagegen. Aber wird dann der
2358 2455 3031 2566 erste Akt nicht zu lang?
2483 2547 3676 2642 Etne eventuelle Weglassung der letzten Sze-
2354 2611 3747 2757 ne des zweiten Aktes (Strassenkreuzung),sehten mir
