<?xml version="1.0" encoding="UTF-8" standalone="yes"?>
<PcGts xmlns="http://schema.primaresearch.org/PAGE/gts/pagecontent/2013-07-15" xmlns:xsi="http://www.w3.org/2001/XMLSchema-instance" xsi:schemaLocation="http://schema.primaresearch.org/PAGE/gts/pagecontent/2013-07-15 http://schema.primaresearch.org/PAGE/gts/pagecontent/2013-07-15/pagecontent.xsd">
    <Metadata>
        <Creator>prov=READ-COOP:name=TrHtr:version=2.1.0:model_id=51170:date=26_07_2023_01:34</Creator>
        <Created>2023-05-02T07:50:32.299+02:00</Created>
        <LastChange>2023-07-26T01:34:45.867+02:00</LastChange>
        <TranskribusMetadata docId="1416714" pageId="54951187" pageNr="24" tsid="130867635" status="IN_PROGRESS" userId="64420" imgUrl="https://files.transkribus.eu/Get?id=AIKLEWMGLNYMAORCLWZMRHIF&amp;fileType=view" xmlUrl="https://files.transkribus.eu/Get?id=BZZFOSIXKMXYDIKLUXOLMABJ" imageId="44454913"/>
    </Metadata>
    <Page imageFilename="1416714_0024.jpg" imageWidth="4151" imageHeight="3576">
        <ReadingOrder>
            <OrderedGroup id="ro_1711828547984" caption="Regions reading order">
                <RegionRefIndexed index="0" regionRef="tr_1"/>
            </OrderedGroup>
        </ReadingOrder>
        <TextRegion id="tr_1" custom="readingOrder {index:0;}">
            <Coords points="2447,496 3859,496 3859,2478 2447,2478"/>
            <TextLine id="tr_1_tl_1" custom="readingOrder {index:0;}">
                <Coords points="3226,560 3277,553 3366,578 3399,559 3520,587 3686,580 3683,510 3622,527 3553,508 3524,529 3446,494 3422,510 3350,497 3329,511 3313,497 3224,518"/>
                <Baseline points="3235,546 3280,549 3325,552 3370,555 3414,555 3459,558 3504,558 3549,561 3593,561 3638,561 3683,561 3689,564"/>
                <TextEquiv>
                    <Unicode>Marienbad</Unicode>
                </TextEquiv>
            </TextLine>
            <TextLine id="tr_1_tl_2" custom="readingOrder {index:1;}">
                <Coords points="3077,674 3327,665 3373,702 3483,722 3562,692 3657,722 3777,683 3776,629 3676,648 3567,622 3306,627 3170,585 3075,604"/>
                <Baseline points="3086,650 3128,659 3173,659 3217,662 3262,662 3307,662 3352,662 3396,665 3441,665 3486,668 3531,668 3576,668 3620,665 3665,668 3710,668 3755,671 3781,674"/>
                <TextEquiv>
                    <Unicode>Villa Hebermann</Unicode>
                </TextEquiv>
            </TextLine>
            <TextLine id="tr_1_tl_3" custom="readingOrder {index:2;}">
                <Coords points="3294,804 3331,821 3355,804 3406,797 3438,816 3483,811 3510,790 3581,813 3611,792 3627,797 3629,744 3534,765 3488,744 3429,778 3408,778 3354,746 3326,767 3296,765"/>
                <Baseline points="3304,802 3319,802 3364,796 3408,794 3453,791 3498,791 3543,791 3587,788 3632,791"/>
                <TextEquiv>
                    <Unicode>7.8.9.</Unicode>
                </TextEquiv>
            </TextLine>
            <TextLine id="tr_1_tl_4" custom="readingOrder {index:3;}">
                <Coords points="2797,949 2996,958 3079,918 3275,902 3728,930 3730,830 3597,863 3420,839 3354,877 3266,851 2974,881 2886,837 2798,853"/>
                <Baseline points="2808,904 2838,904 2883,904 2928,910 2973,910 3017,907 3062,907 3107,904 3152,907 3196,901 3241,901 3286,901 3331,901 3376,901 3420,901 3465,904 3510,904 3555,901 3599,901 3644,901 3689,898 3734,898"/>
                <TextEquiv>
                    <Unicode>Sehr geehrter Herr Dr.!</Unicode>
                </TextEquiv>
            </TextLine>
            <TextLine id="tr_1_tl_5" custom="readingOrder {index:4;}">
                <Coords points="2695,1030 3229,1017 3341,1079 3487,1021 3855,1026 3835,975 3495,921 3189,998 3082,960 2907,1002 2695,965"/>
                <Baseline points="2704,1020 2740,1023 2784,1023 2829,1023 2874,1023 2919,1023 2964,1023 3008,1023 3053,1023 3098,1023 3143,1020 3187,1017 3232,1017 3277,1017 3322,1017 3367,1017 3411,1017 3456,1020 3501,1020 3546,1020 3590,1023 3635,1020 3680,1020 3725,1017 3770,1017 3814,1014 3859,1014"/>
                <TextEquiv>
                    <Unicode>Soeben erhalte ich das neue Mani¬</Unicode>
                </TextEquiv>
            </TextLine>
            <TextLine id="tr_1_tl_6" custom="readingOrder {index:5;}">
                <Coords points="2450,1154 3054,1205 3217,1152 3735,1173 3837,1149 3837,1091 3280,1067 3103,1107 3012,1060 2902,1109 2450,1110"/>
                <Baseline points="2459,1137 2504,1140 2549,1143 2593,1146 2638,1146 2683,1146 2728,1143 2773,1140 2817,1140 2862,1140 2907,1140 2952,1143 2996,1143 3041,1143 3086,1143 3131,1140 3176,1140 3220,1137 3265,1137 3310,1140 3355,1140 3399,1140 3444,1140 3489,1140 3534,1140 3578,1140 3623,1143 3668,1143 3713,1143 3758,1143 3802,1146 3841,1149"/>
                <TextEquiv>
                    <Unicode>script, dem Empfang ich hiernach bestätige.</Unicode>
                </TextEquiv>
            </TextLine>
            <TextLine id="tr_1_tl_7" custom="readingOrder {index:6;}">
                <Coords points="2459,1285 3849,1294 3837,1196 3495,1245 3159,1196 3058,1231 2457,1215"/>
                <Baseline points="2468,1256 2513,1259 2558,1262 2602,1262 2647,1262 2692,1262 2737,1262 2781,1262 2826,1259 2871,1259 2916,1259 2961,1259 3005,1262 3050,1262 3095,1262 3140,1265 3184,1265 3229,1265 3274,1265 3319,1262 3364,1265 3408,1262 3453,1262 3498,1262 3543,1262 3587,1262 3632,1265 3677,1268 3722,1268 3767,1265 3811,1268 3853,1271"/>
                <TextEquiv>
                    <Unicode>Die Dauer Wollgemüth ich v. Wagner wurden</Unicode>
                </TextEquiv>
            </TextLine>
            <TextLine id="tr_1_tl_8" custom="readingOrder {index:7;}">
                <Coords points="2461,1408 2660,1383 2870,1441 2984,1397 3299,1440 3625,1396 3812,1431 3812,1312 3000,1362 2461,1331"/>
                <Baseline points="2471,1367 2516,1376 2561,1379 2605,1379 2650,1382 2695,1382 2740,1382 2784,1385 2829,1388 2874,1385 2919,1388 2964,1388 3008,1385 3053,1385 3098,1385 3143,1382 3187,1385 3232,1382 3277,1382 3322,1382 3367,1385 3411,1388 3456,1385 3501,1385 3546,1385 3590,1382 3635,1385 3680,1385 3725,1385 3770,1388 3814,1388 3817,1388"/>
                <TextEquiv>
                    <Unicode>sich beide außerstentlich für die Helene</Unicode>
                </TextEquiv>
            </TextLine>
            <TextLine id="tr_1_tl_9" custom="readingOrder {index:8;}">
                <Coords points="2441,1543 3504,1494 3814,1546 3837,1450 2441,1459"/>
                <Baseline points="2450,1498 2495,1501 2540,1504 2584,1504 2629,1504 2674,1501 2719,1501 2764,1504 2808,1504 2853,1504 2898,1504 2943,1504 2987,1504 3032,1501 3077,1501 3122,1498 3167,1495 3211,1495 3256,1495 3301,1495 3346,1495 3390,1495 3435,1495 3480,1495 3525,1492 3570,1492 3614,1492 3659,1495 3704,1495 3749,1498 3793,1501 3838,1504 3841,1504"/>
                <TextEquiv>
                    <Unicode>eignen, denn sie sich neben allein andern wirk¬</Unicode>
                </TextEquiv>
            </TextLine>
            <TextLine id="tr_1_tl_10" custom="readingOrder {index:9;}">
                <Coords points="2461,1641 2935,1620 3100,1672 3271,1623 3389,1671 3487,1630 3748,1625 3748,1553 3350,1602 3278,1564 2461,1569"/>
                <Baseline points="2471,1614 2516,1614 2561,1617 2605,1617 2650,1617 2695,1617 2740,1620 2784,1617 2829,1617 2874,1620 2919,1620 2964,1620 3008,1617 3053,1617 3098,1614 3143,1614 3187,1617 3232,1614 3277,1614 3322,1617 3367,1617 3411,1617 3456,1617 3501,1617 3546,1614 3590,1614 3635,1614 3680,1614 3725,1614 3752,1617"/>
                <TextEquiv>
                    <Unicode>liche Damen, währe sie geniele M.</Unicode>
                </TextEquiv>
            </TextLine>
            <TextLine id="tr_1_tl_11" custom="readingOrder {index:10;}">
                <Coords points="2468,1744 3229,1735 3485,1785 3627,1735 3855,1795 3855,1678 3611,1639 3376,1713 2972,1655 2468,1700"/>
                <Baseline points="2477,1725 2522,1728 2567,1728 2611,1731 2656,1728 2701,1731 2746,1731 2790,1731 2835,1731 2880,1731 2925,1731 2970,1731 3014,1731 3059,1731 3104,1734 3149,1734 3193,1731 3238,1734 3283,1731 3328,1731 3373,1731 3417,1731 3462,1734 3507,1734 3552,1731 3596,1734 3641,1734 3686,1734 3731,1737 3775,1737 3820,1740 3859,1746"/>
                <TextEquiv>
                    <Unicode>immer Weibchen oder Mädchen ist. Sie fällen</Unicode>
                </TextEquiv>
            </TextLine>
            <TextLine id="tr_1_tl_12" custom="readingOrder {index:11;}">
                <Coords points="2461,1879 3748,1884 3837,1863 3837,1804 3023,1786 2820,1844 2699,1802 2461,1828"/>
                <Baseline points="2471,1853 2516,1856 2561,1856 2605,1856 2650,1859 2695,1859 2740,1859 2784,1856 2829,1856 2874,1853 2919,1856 2964,1856 3008,1859 3053,1856 3098,1856 3143,1856 3187,1859 3232,1859 3277,1859 3322,1856 3367,1856 3411,1856 3456,1856 3501,1856 3546,1853 3590,1853 3635,1853 3680,1850 3725,1850 3770,1850 3814,1850 3841,1853"/>
                <TextEquiv>
                    <Unicode>eins seit der jungen Gabikon im Berg.</Unicode>
                </TextEquiv>
            </TextLine>
            <TextLine id="tr_1_tl_13" custom="readingOrder {index:12;}">
                <Coords points="2438,1984 2739,2023 2842,1982 3748,1991 3842,1972 3844,1919 3438,1921 3340,1961 3100,1911 2632,1956 2439,1919"/>
                <Baseline points="2447,1970 2492,1976 2537,1979 2582,1979 2626,1979 2671,1979 2716,1979 2761,1979 2805,1979 2850,1976 2895,1979 2940,1979 2984,1982 3029,1982 3074,1979 3119,1979 3164,1976 3208,1976 3253,1976 3298,1973 3343,1973 3387,1973 3432,1973 3477,1973 3522,1973 3567,1973 3611,1970 3656,1967 3701,1967 3746,1967 3790,1967 3835,1970 3847,1970"/>
                <TextEquiv>
                    <Unicode>theater empfindene Läsns aus, aber sie treten</Unicode>
                </TextEquiv>
            </TextLine>
            <TextLine id="tr_1_tl_14" custom="readingOrder {index:13;}">
                <Coords points="2455,2124 2813,2123 2872,2086 3786,2105 3821,2102 3821,2033 3634,2012 3345,2058 3238,2010 2455,2065"/>
                <Baseline points="2465,2089 2483,2089 2528,2089 2573,2089 2617,2089 2662,2089 2707,2089 2752,2089 2796,2083 2841,2083 2886,2086 2931,2086 2976,2086 3020,2083 3065,2083 3110,2083 3155,2083 3199,2080 3244,2080 3289,2080 3334,2080 3378,2083 3423,2086 3468,2086 3513,2086 3558,2086 3602,2086 3647,2086 3692,2086 3737,2086 3781,2086 3826,2086"/>
                <TextEquiv>
                    <Unicode>erst am 15 Mai 1910 ein, Fl. v. W.</Unicode>
                </TextEquiv>
            </TextLine>
            <TextLine id="tr_1_tl_15" custom="readingOrder {index:14;}">
                <Coords points="2450,2212 2813,2252 3303,2208 3459,2289 3557,2231 3779,2235 3779,2175 3462,2128 3219,2186 2921,2135 2450,2165"/>
                <Baseline points="2459,2199 2504,2196 2549,2199 2593,2199 2638,2199 2683,2202 2728,2202 2773,2205 2817,2208 2862,2208 2907,2205 2952,2211 2996,2208 3041,2208 3086,2208 3131,2208 3176,2208 3220,2205 3265,2208 3310,2205 3355,2208 3399,2208 3444,2211 3489,2208 3534,2208 3578,2205 3623,2205 3668,2205 3713,2208 3758,2208 3784,2211"/>
                <TextEquiv>
                    <Unicode>vielleicht (?) von am 1. März 1810.</Unicode>
                </TextEquiv>
            </TextLine>
            <TextLine id="tr_1_tl_16" custom="readingOrder {index:15;}">
                <Coords points="2623,2413 2786,2424 2865,2376 2946,2375 3044,2336 3112,2359 3138,2347 3140,2271 3110,2266 3033,2298 2974,2298 2902,2270 2779,2277 2737,2254 2625,2271"/>
                <Baseline points="2635,2340 2650,2337 2695,2334 2740,2331 2784,2334 2829,2331 2874,2331 2919,2331 2964,2334 3008,2331 3053,2331 3098,2331 3143,2331"/>
                <TextEquiv>
                    <Unicode>Ganz ergebenst.</Unicode>
                </TextEquiv>
            </TextLine>
            <TextLine id="tr_1_tl_17" custom="readingOrder {index:16;}">
                <Coords points="3175,2464 3277,2450 3361,2457 3394,2482 3581,2461 3690,2529 3777,2504 3777,2338 3664,2366 3608,2341 3527,2362 3175,2359"/>
                <Baseline points="3184,2456 3229,2456 3274,2462 3319,2456 3364,2453 3408,2456 3453,2456 3498,2456 3543,2456 3587,2456 3632,2456 3677,2456 3722,2456 3767,2459 3781,2468"/>
                <TextEquiv>
                    <Unicode>P. Schlenk</Unicode>
                </TextEquiv>
            </TextLine>
        </TextRegion>
    </Page>
</PcGts>
