<?xml version="1.0" encoding="UTF-8" standalone="yes"?>
<PcGts xmlns="http://schema.primaresearch.org/PAGE/gts/pagecontent/2013-07-15" xmlns:xsi="http://www.w3.org/2001/XMLSchema-instance" xsi:schemaLocation="http://schema.primaresearch.org/PAGE/gts/pagecontent/2013-07-15 http://schema.primaresearch.org/PAGE/gts/pagecontent/2013-07-15/pagecontent.xsd">
    <Metadata>
        <Creator>prov=READ-COOP:name=TrHtr:version=2.1.0:model_id=51170:date=26_07_2023_01:36</Creator>
        <Created>2023-05-02T07:50:40.277+02:00</Created>
        <LastChange>2023-07-26T01:36:05.624+02:00</LastChange>
        <TranskribusMetadata docId="1416714" pageId="54951406" pageNr="90" tsid="130867862" status="IN_PROGRESS" userId="64420" imgUrl="https://files.transkribus.eu/Get?id=VGLYGRSZYIOASQYCVDHSMWHQ&amp;fileType=view" xmlUrl="https://files.transkribus.eu/Get?id=TXMGYCUSIDPWUCIASHXRPWNS" imageId="44455132"/>
    </Metadata>
    <Page imageFilename="1416714_0090.jpg" imageWidth="4126" imageHeight="3623">
        <ReadingOrder>
            <OrderedGroup id="ro_1711828599471" caption="Regions reading order">
                <RegionRefIndexed index="0" regionRef="tr_1"/>
            </OrderedGroup>
        </ReadingOrder>
        <TextRegion id="tr_1" custom="readingOrder {index:0;}">
            <Coords points="2244,854 3766,854 3766,2731 2244,2731"/>
            <TextLine id="tr_1_tl_1" custom="readingOrder {index:0;}">
                <Coords points="2232,975 3570,905 3713,962 3715,872 3470,826 2975,865 2782,819 2662,865 2501,845 2416,896 2236,856"/>
                <Baseline points="2244,937 2283,937 2327,937 2372,937 2417,937 2462,937 2506,934 2551,934 2596,934 2641,931 2685,931 2730,928 2775,928 2820,925 2864,925 2909,925 2954,925 2999,922 3044,922 3088,919 3133,919 3178,919 3223,916 3267,916 3312,916 3357,916 3402,916 3446,913 3491,913 3536,913 3581,910 3625,907 3670,907 3715,904"/>
                <TextEquiv>
                    <Unicode>R.: Sie stnd Alle von Schlenther belämmert, auch Mon¬</Unicode>
                </TextEquiv>
            </TextLine>
            <TextLine id="tr_1_tl_2" custom="readingOrder {index:1;}">
                <Coords points="2248,1047 2276,1040 2298,1051 2318,1036 2339,1034 2388,1045 2416,1036 2449,1054 2486,1049 2488,979 2455,995 2431,981 2398,977 2348,995 2309,979 2293,986 2250,981"/>
                <Baseline points="2259,1026 2268,1029 2312,1029 2357,1029 2402,1026 2447,1026 2491,1023"/>
                <TextEquiv>
                    <Unicode>tenuovo.</Unicode>
                </TextEquiv>
            </TextLine>
            <TextLine id="tr_1_tl_3" custom="readingOrder {index:2;}">
                <Coords points="2254,1146 2385,1133 2497,1163 2565,1119 2786,1144 2861,1111 3168,1124 3231,1113 3233,1016 2916,1058 2828,1019 2745,1058 2697,1030 2447,1076 2256,1065"/>
                <Baseline points="2265,1116 2294,1116 2339,1116 2384,1116 2429,1113 2474,1113 2518,1116 2563,1113 2608,1113 2653,1110 2697,1107 2742,1107 2787,1104 2832,1104 2876,1104 2921,1101 2966,1101 3011,1098 3055,1098 3100,1098 3145,1098 3190,1095 3235,1098"/>
                <TextEquiv>
                    <Unicode>Ich: Wie ist das Ganze zu erklären?</Unicode>
                </TextEquiv>
            </TextLine>
            <TextLine id="tr_1_tl_4" custom="readingOrder {index:3;}">
                <Coords points="2247,1235 3007,1225 3132,1187 3500,1216 3606,1207 3608,1146 3205,1111 2248,1170"/>
                <Baseline points="2256,1202 2268,1202 2312,1205 2357,1205 2402,1202 2447,1202 2491,1202 2536,1202 2581,1202 2626,1199 2670,1196 2715,1196 2760,1193 2805,1193 2850,1193 2894,1190 2939,1187 2984,1187 3029,1184 3073,1184 3118,1184 3163,1184 3208,1184 3252,1184 3297,1181 3342,1181 3387,1178 3432,1178 3476,1175 3521,1175 3566,1175 3611,1178"/>
                <TextEquiv>
                    <Unicode>R.: Sehr einfach. Ihr Stück hat nur einen Fehler:</Unicode>
                </TextEquiv>
            </TextLine>
            <TextLine id="tr_1_tl_5" custom="readingOrder {index:4;}">
                <Coords points="2252,1319 3614,1292 3632,1205 3362,1200 3205,1249 2992,1218 2872,1255 2254,1246"/>
                <Baseline points="2262,1292 2294,1292 2339,1292 2384,1292 2429,1289 2474,1292 2518,1289 2563,1289 2608,1289 2653,1286 2697,1283 2742,1283 2787,1280 2832,1283 2876,1283 2921,1283 2966,1280 3011,1277 3055,1277 3100,1274 3145,1274 3190,1274 3235,1271 3279,1271 3324,1271 3369,1271 3414,1268 3458,1268 3503,1268 3548,1268 3593,1265 3637,1268"/>
                <TextEquiv>
                    <Unicode>Dass es von Ihnen ist. Sehlen the will Ihren nicht</Unicode>
                </TextEquiv>
            </TextLine>
            <TextLine id="tr_1_tl_6" custom="readingOrder {index:5;}">
                <Coords points="2260,1402 3400,1362 3686,1404 3687,1316 2830,1308 2261,1358"/>
                <Baseline points="2271,1384 2303,1381 2348,1381 2393,1381 2438,1378 2482,1378 2527,1378 2572,1378 2617,1375 2662,1375 2706,1372 2751,1372 2796,1369 2841,1369 2885,1366 2930,1366 2975,1363 3020,1363 3064,1363 3109,1363 3154,1360 3199,1360 3243,1360 3288,1360 3333,1357 3378,1357 3423,1357 3467,1357 3512,1354 3557,1354 3602,1354 3646,1354 3691,1357"/>
                <TextEquiv>
                    <Unicode>wohl. Er hat Ihnen die Beatrice-Sache nie vergessen.</Unicode>
                </TextEquiv>
            </TextLine>
            <TextLine id="tr_1_tl_7" custom="readingOrder {index:6;}">
                <Coords points="2282,1501 2651,1511 2846,1465 2981,1507 3299,1455 3546,1481 3588,1476 3590,1384 2692,1439 2283,1419"/>
                <Baseline points="2291,1471 2336,1471 2381,1471 2426,1471 2471,1468 2515,1468 2560,1468 2605,1465 2650,1465 2694,1462 2739,1462 2784,1462 2829,1459 2873,1459 2918,1459 2963,1456 3008,1456 3052,1456 3097,1456 3142,1453 3187,1453 3232,1450 3276,1450 3321,1450 3366,1450 3411,1447 3455,1447 3500,1447 3545,1444 3590,1441"/>
                <TextEquiv>
                    <Unicode>Er will Ihnen seine Macht zeigen. Oh,er ist ein</Unicode>
                </TextEquiv>
            </TextLine>
            <TextLine id="tr_1_tl_8" custom="readingOrder {index:7;}">
                <Coords points="2282,1599 2328,1590 2357,1601 2399,1570 2475,1590 2521,1571 2537,1584 2569,1570 2629,1584 2685,1570 2686,1527 2594,1492 2530,1531 2504,1518 2469,1525 2427,1498 2398,1498 2368,1522 2283,1535"/>
                <Baseline points="2294,1557 2333,1557 2378,1557 2423,1557 2468,1557 2512,1554 2557,1554 2602,1554 2647,1554 2691,1554"/>
                <TextEquiv>
                    <Unicode>widriger Kerl.</Unicode>
                </TextEquiv>
            </TextLine>
            <TextLine id="tr_1_tl_9" custom="readingOrder {index:8;}">
                <Coords points="2296,1685 3594,1649 3595,1573 2298,1595"/>
                <Baseline points="2306,1647 2345,1647 2390,1647 2435,1647 2479,1647 2524,1644 2569,1641 2614,1641 2659,1641 2703,1641 2748,1638 2793,1638 2838,1635 2882,1638 2927,1635 2972,1632 3017,1632 3061,1632 3106,1629 3151,1629 3196,1629 3241,1629 3285,1626 3330,1626 3375,1626 3420,1623 3464,1623 3509,1620 3554,1620 3599,1620"/>
                <TextEquiv>
                    <Unicode>Ich: Warum hat er das Stück nicht einfach refu¬</Unicode>
                </TextEquiv>
            </TextLine>
            <TextLine id="tr_1_tl_10" custom="readingOrder {index:9;}">
                <Coords points="2271,1770 3693,1724 3693,1643 3299,1691 2272,1691"/>
                <Baseline points="2280,1736 2309,1736 2354,1736 2399,1736 2444,1736 2488,1736 2533,1733 2578,1733 2623,1730 2668,1730 2712,1727 2757,1727 2802,1724 2847,1724 2891,1724 2936,1721 2981,1721 3026,1721 3070,1721 3115,1721 3160,1718 3205,1718 3249,1718 3294,1718 3339,1716 3384,1716 3429,1713 3473,1713 3518,1713 3563,1713 3608,1710 3652,1710 3697,1713"/>
                <TextEquiv>
                    <Unicode>siert. Gerade in diesen Fall lagen ja die Gründe auf</Unicode>
                </TextEquiv>
            </TextLine>
            <TextLine id="tr_1_tl_11" custom="readingOrder {index:10;}">
                <Coords points="2272,1873 2307,1877 2331,1869 2344,1880 2403,1862 2414,1873 2436,1875 2464,1858 2523,1871 2524,1787 2458,1783 2444,1794 2421,1777 2390,1787 2368,1783 2348,1800 2274,1783"/>
                <Baseline points="2283,1826 2303,1826 2348,1826 2393,1826 2438,1826 2482,1826 2527,1823"/>
                <TextEquiv>
                    <Unicode>der Hand.</Unicode>
                </TextEquiv>
            </TextLine>
            <TextLine id="tr_1_tl_12" custom="readingOrder {index:11;}">
                <Coords points="2260,1934 2486,1963 2574,1919 3597,1919 3671,1908 3673,1814 3542,1857 2261,1869"/>
                <Baseline points="2271,1912 2288,1915 2333,1918 2378,1915 2423,1915 2468,1915 2512,1912 2557,1912 2602,1912 2647,1912 2691,1909 2736,1906 2781,1906 2826,1904 2870,1904 2915,1901 2960,1904 3005,1901 3050,1901 3094,1898 3139,1898 3184,1898 3229,1898 3273,1895 3318,1895 3363,1895 3408,1892 3452,1892 3497,1889 3542,1889 3587,1886 3631,1886 3676,1889"/>
                <TextEquiv>
                    <Unicode>R.: Ja, das wollte er nicht, denn er will sich wieder</Unicode>
                </TextEquiv>
            </TextLine>
            <TextLine id="tr_1_tl_13" custom="readingOrder {index:12;}">
                <Coords points="2263,2022 3643,2006 3645,1938 2263,1969"/>
                <Baseline points="2274,2008 2306,2008 2351,2008 2396,2008 2441,2008 2485,2005 2530,2005 2575,2002 2620,1999 2665,1999 2709,1999 2754,1996 2799,1996 2844,1996 2888,1996 2933,1993 2978,1993 3023,1990 3067,1990 3112,1987 3157,1987 3202,1987 3246,1984 3291,1984 3336,1984 3381,1984 3426,1981 3470,1981 3515,1981 3560,1978 3605,1978 3649,1978"/>
                <TextEquiv>
                    <Unicode>nicht nachsagen lassen,dass er ein Stück von Ihnen</Unicode>
                </TextEquiv>
            </TextLine>
            <TextLine id="tr_1_tl_14" custom="readingOrder {index:13;}">
                <Coords points="2261,2140 3008,2085 3518,2112 3636,2081 3638,2022 2263,2055"/>
                <Baseline points="2274,2100 2297,2100 2342,2097 2387,2097 2432,2097 2477,2095 2521,2095 2566,2092 2611,2092 2656,2092 2700,2092 2745,2092 2790,2089 2835,2086 2879,2086 2924,2086 2969,2083 3014,2083 3058,2083 3103,2080 3148,2080 3193,2080 3238,2080 3282,2077 3327,2077 3372,2074 3417,2074 3461,2071 3506,2071 3551,2071 3596,2068 3640,2068"/>
                <TextEquiv>
                    <Unicode>nicht annimmt. Es ist auch nicht so dezidiert. Im</Unicode>
                </TextEquiv>
            </TextLine>
            <TextLine id="tr_1_tl_15" custom="readingOrder {index:14;}">
                <Coords points="2271,2221 3266,2168 3686,2212 3704,2101 2274,2138"/>
                <Baseline points="2283,2190 2321,2187 2366,2187 2411,2187 2456,2187 2500,2184 2545,2184 2590,2181 2635,2181 2679,2178 2724,2178 2769,2178 2814,2175 2859,2175 2903,2175 2948,2172 2993,2172 3038,2172 3082,2169 3127,2169 3172,2166 3217,2166 3261,2163 3306,2163 3351,2163 3396,2160 3440,2160 3485,2160 3530,2157 3575,2157 3620,2154 3664,2154 3709,2154"/>
                <TextEquiv>
                    <Unicode>übrigen steht die Sache so: Er wünscht Schönherr zum</Unicode>
                </TextEquiv>
            </TextLine>
            <TextLine id="tr_1_tl_16" custom="readingOrder {index:15;}">
                <Coords points="2271,2304 3656,2272 3743,2258 3744,2206 2272,2226"/>
                <Baseline points="2283,2274 2315,2277 2360,2274 2405,2274 2450,2274 2494,2271 2539,2271 2584,2268 2629,2268 2673,2265 2718,2265 2763,2265 2808,2262 2853,2262 2897,2259 2942,2259 2987,2259 3032,2256 3076,2256 3121,2256 3166,2256 3211,2253 3255,2253 3300,2250 3345,2250 3390,2250 3434,2250 3479,2247 3524,2247 3569,2244 3614,2247 3658,2244 3703,2241 3748,2241"/>
                <TextEquiv>
                    <Unicode>ersten österreichischen Dichter zu machen. Da das dem</Unicode>
                </TextEquiv>
            </TextLine>
            <TextLine id="tr_1_tl_17" custom="readingOrder {index:16;}">
                <Coords points="2271,2381 3047,2346 3579,2352 3652,2392 3678,2261 3299,2309 2272,2311"/>
                <Baseline points="2280,2363 2294,2360 2339,2360 2384,2357 2429,2357 2474,2357 2518,2357 2563,2354 2608,2354 2653,2351 2697,2351 2742,2351 2787,2348 2832,2348 2876,2348 2921,2345 2966,2342 3011,2342 3055,2342 3100,2342 3145,2342 3190,2342 3235,2339 3279,2339 3324,2336 3369,2333 3414,2333 3458,2333 3503,2330 3548,2330 3593,2330 3637,2327 3682,2324"/>
                <TextEquiv>
                    <Unicode>Schönherr nicht aus eigener Kraft gelingt, so ist es</Unicode>
                </TextEquiv>
            </TextLine>
            <TextLine id="tr_1_tl_18" custom="readingOrder {index:17;}">
                <Coords points="2269,2466 3610,2445 3628,2386 3248,2363 3191,2403 3007,2405 2837,2368 2609,2416 2271,2409"/>
                <Baseline points="2280,2450 2288,2450 2333,2450 2378,2450 2423,2447 2468,2447 2512,2447 2557,2444 2602,2441 2647,2444 2691,2441 2736,2441 2781,2438 2826,2435 2870,2435 2915,2435 2960,2432 3005,2432 3050,2429 3094,2429 3139,2429 3184,2429 3229,2426 3273,2426 3318,2423 3363,2423 3408,2420 3452,2420 3497,2417 3542,2417 3587,2414 3631,2414"/>
                <TextEquiv>
                    <Unicode>nötig seinen gefährlichsten Konkurrenten niederzu¬</Unicode>
                </TextEquiv>
            </TextLine>
            <TextLine id="tr_1_tl_19" custom="readingOrder {index:18;}">
                <Coords points="2282,2572 3387,2517 3605,2556 3680,2537 3682,2451 2938,2495 2580,2466 2283,2515"/>
                <Baseline points="2291,2536 2297,2536 2342,2539 2387,2536 2432,2536 2477,2533 2521,2533 2566,2533 2611,2530 2656,2530 2700,2527 2745,2524 2790,2524 2835,2524 2879,2521 2924,2521 2969,2521 3014,2518 3058,2518 3103,2518 3148,2515 3193,2515 3238,2512 3282,2512 3327,2512 3372,2509 3417,2509 3461,2509 3506,2506 3551,2503 3596,2503 3640,2500 3685,2497"/>
                <TextEquiv>
                    <Unicode>drücken. (Folgt Bericht eines absprechenden Urteils</Unicode>
                </TextEquiv>
            </TextLine>
            <TextLine id="tr_1_tl_20" custom="readingOrder {index:19;}">
                <Coords points="2298,2635 3362,2596 3695,2639 3735,2628 3737,2539 3557,2578 3437,2526 2300,2574"/>
                <Baseline points="2309,2623 2354,2620 2399,2620 2444,2620 2488,2617 2533,2617 2578,2617 2623,2614 2668,2614 2712,2611 2757,2611 2802,2608 2847,2608 2891,2605 2936,2605 2981,2605 3026,2605 3070,2605 3115,2602 3160,2602 3205,2599 3249,2599 3294,2599 3339,2596 3384,2596 3429,2596 3473,2593 3518,2593 3563,2593 3608,2590 3652,2590 3697,2587 3742,2587"/>
                <TextEquiv>
                    <Unicode>Jettels hinsichtlich "Ueber die Brücke".Schl. reich-</Unicode>
                </TextEquiv>
            </TextLine>
            <TextLine id="tr_1_tl_21" custom="readingOrder {index:20;}">
                <Coords points="2307,2732 2455,2764 2659,2712 2850,2760 3518,2685 3627,2718 3761,2703 3763,2639 3242,2624 2309,2686"/>
                <Baseline points="2318,2721 2333,2721 2378,2718 2423,2718 2468,2718 2512,2715 2557,2712 2602,2709 2647,2709 2691,2706 2736,2706 2781,2703 2826,2703 2870,2703 2915,2700 2960,2700 3005,2697 3050,2694 3094,2694 3139,2694 3184,2691 3229,2691 3273,2691 3318,2688 3363,2688 3408,2685 3452,2685 3497,2682 3542,2682 3587,2682 3631,2682 3676,2679 3721,2679 3766,2682"/>
                <TextEquiv>
                    <Unicode>te es dann der Zensur ein mit enthustastischem Brief.</Unicode>
                </TextEquiv>
            </TextLine>
        </TextRegion>
    </Page>
</PcGts>
