4175 3594
3535 860 3658 1022 6
2324 1092 3177 1214 aber es kommt nicht zur Abrede.
2324 1123 3681 1297 15.) Bet Valois (Kuchtelmuchtel22??)  Man kennt
2326 1275 3731 1386 sich in Helenens Beziehungen zu Napeleen nicht aus.
1990 1311 2081 1383 .S.
2335 1364 3262 1452 (unklarheiten( Nicht interessant.
2330 1441 3742 1582 16.) Schönbrunn. Medardus den Delch im Gewande lau-
2341 1549 3749 1670 ert auf Napeleon, ersticht aber Helene, weil er sie
2341 1640 3674 1761 für Napoleons Geliebte hält. Dies Motiv ist ganz
2348 1725 3621 1849 oberfl ehlich behandelt und doch müsste es der
2335 1816 3070 1935 Kerrpunkt des Dramas sein.
2344 1904 3815 2013 17.) Medardus im Gefängnts soll von Napeleen als sein
2343 2008 3636 2114 Retter begnadigt werden, bekennt seinen wahren
2344 2066 3701 2187 Plan, soll ihn abschwören, weigert sich, wird mit
2352 2182 3679 2297 höchs ten Ehren erschossen. Ausge eichnete Szene,
2357 2266 3301 2394 leider viel zu spät um zu wirken.
2354 2447 3798 2664 Die Grüte im Fisch, das was man auch den roten Faden
2363 2619 3577 2719 zu nennen pflegt ist der Trieb des Medardus
2315 2734 3155 2888 unleserliche Wort im Mscrpt. -
