4157 3607
2110 600 2739 800 Schlenther
3299 702 3630 811 20.11.1909.
2658 771 2791 911 G.
2592 872 3374 1029 Sehr verehrter Herr Hofrat!
2499 1026 3707 1185 Für die freundl. Verständigung bestens dan¬
2334 1151 3723 1273 kend bitte ich zur Kenntnis zu nehmen, dass ich un-
2341 1235 3739 1355 ter diesen Umständen auch von einem Dementi absehe.
2499 1332 3675 1439 Die Einteilung in 5 Akte betreffend möchte
2350 1427 3704 1529 ich ergänzend bemerken, dass es vielleicht richti-
2345 1504 3653 1616 ger wäre dann das Vorspiel als 1.Akt und den 1.
2350 1593 3695 1706 und 2. Akt zusammen als 2. zu bezeichnen; sowohl
2348 1686 3723 1799 der Lauf der Handlung als die Grössenverhältnisse
2359 1772 3797 1912 der Szenen und auch die Relavität der Wirksamkeits
2356 1881 3115 1989 scheinen dafür zu sprechen.
2710 1899 3512 2075 Mit vorzüglicher Hochachtung
2819 2055 3342 2177 Ihr sehr ergebener
