3448 4248
2774 548 2919 735 21
1171 725 2139 938 das verdriesst mich.
888 860 2904 1076 Bernh, Wie wollen Sie das ändern. / In Aus¬
1138 1001 3089 1243 Übung seine Amts muss jeder Mensch den An-
1103 1163 2896 1393 schein erwecken, als habe er sich über
1198 1336 2999 1546 sich selbst erhoben. Rufen sie es doch
1243 1486 2954 1658 in den Strassen aus, dass es Richter
1258 1626 3024 1828 gibt, die in ihren freien Stunden jun-
1213 1788 3059 1953 ge Mädchen schänden, - Pfaffen, die an
1308 1896 3154 2116 Gott nicht glauben, — Kadetten, die den
1213 2044 2994 2254 Tod fürchten, — und Arzte, denen ihre
1266 2214 3037 2439 Bequemlichkeit wichtiger ist, als die
1266 2386 3112 2586 Gesundhett und das Leben ihrer Kranken.
1221 2521 3094 2719 Man wirdste einsprerren und mit vollem
1271 2674 3029 2874 Recht. Das ist die grosse Berufskomö-
1203 2804 2956 3057 die, auf deren korrekter Durchführung
1243 3009 2996 3207 unsere ganze Gesellschaftsordnung und
1256 3157 2999 3359 unser gegenseitiges Vertrauen beruht.
1246 3314 3179 3522 Und so lange der Pfarrer den Fromnen, der
1296 3489 3034 3692 Soldat den Tapfern., der Richter den
