3336 4120
2334 73 3122 279 Können.
2673 166 3062 359 turen,
1546 200 2374 456 Karl h. für?
492 256 954 482 in folie
349 359 3026 708 ist herumgehehrt. - Der Tod der Frai B. Aufs. seh er — 12
279 638 898 891 schüttert.
346 698 2743 998 Sala. betrift fr. in der unserm Edler. 7 kst etc..
256 904 1942 1140 dilu legt: Karl geht mit viel i. s.
299 1114 1420 1307 der doch nicht sein....
409 1204 1603 1393 Er ist einen Sohn!...
342 1230 2743 1546 m da mach in Ihr Rechte mit selbst jemand.
309 1480 1383 1676 gef der amzegs!...
326 1503 2753 1776 Ich will ihn dies alle B. wegenschen: al¬
479 1653 2710 1975 -pere. - Die Seren, aus den allen Teilung
299 1835 2726 2115 Uren: xxx ein toh hat! Holft die
389 2175 1709 2457 Jule for auf the Alla
509 2460 1396 2736 den Tage mit:
