3304 4248
2701 468 2810 755 37
769 750 2884 1092 Frau Pflugf. Man hätte ihr schwer “netn“ sagen
1059 941 2920 1207 können. — Sie sass mit Ihnen vorn in der
1075 1073 2955 1343 ersen Rethe, Herr von Sala. Sie trug ein
1084 1198 2857 1499 weisses Kleid und eine Schnur rosa Ko¬
1089 1341 3048 1639 rallen um den Hals; und ich sehe noch,
832 1387 963 1549 G.C.F.P.
1092 1516 2911 1811 ste mir zunickte und lächelte, als ich
1097 1669 3010 1945 herausham, die weissen Rosen in der Hand,
1116 1828 2961 2101 die sie mir geschickt hatte. Den ganzen
1114 1973 2988 2222 Saal seh ich vor mir, hell und festlich,
1141 2132 2627 2400 und alle Leute, die vorn sassen:
1133 2285 2931 2553 Billroth, Bernhardt, den Grafen Lansky
1152 2446 2528 2682 und seine Frau, Julian Werber
1155 2586 3037 2832 Ja das sind nun zwölf Jahre...Sagen Sie
876 2660 1116 2816 Sala.
1174 2728 2952 2999 übrigens. gnädige Frau, haben Sie gar
1177 2868 3095 3108 keine Nachricht von unserm Freund Julian###
895 2999 3106 3314 Frau Pflugf. Das fragen Sie uns? Ich dachte Sie
1196 3204 2523 3431 wären so intim mit einandert
1193 3259 2952 3582 Ja das ist wie mans nimmt...... Intim.
914 3418 1171 3639 Sala.
1229 3491 2961 3765 Er ist es eigentlich mehr mit mir als
