3400 4248
2691 557 2790 690 2
738 788 1239 935 Es klopft.
738 909 2939 1070 Johanna hält inne, wendet thren Blick der Türe
763 1064 1914 1244 zu ohne herein zu rufen.
763 1171 2978 1433 Stefan von Sala tritt ein. Er ist 45 Jahre alt,
777 1303 2877 1571 steht Jünger aus. Er tst schlank, betnahe ma-
783 1472 2860 1712 ger glatt rasiert, hat dunkelblondes, rechts
791 1616 2784 1855 geschetteltes, nicht kurzes Haupthaar, das
791 1731 3051 2013 kaum zu ergrauen beginnt. Seine Züge sind scharf
797 1976 2736 2148 und energisch, die Augen grau und klar,.
814 2108 2238 2328 „Guten Tag, Fräulein Johanna.2
794 2258 2677 2500 Johanna (reicht ihm die Hand) “Guten Tag.
805 2427 3066 2607 Warum sagen Sie mir nicht "Johanna" wie früher.
805 2570 2508 2787 Sala lächelnd. "Geht denn das nocht"
811 2747 2787 2928 Johanna ihn zum Sitzen einladend. "Bitte."
816 2832 2894 3099 Sala bleibt stehen. "Danke schön. Wie befin-
830 3035 2387 3246 det sich heute Ihre Frau Mama.!
825 3246 1785 3420 Joh. Etwas besser..
819 3347 2840 3581 Sala. So das wäre ja sehr erfreulich. Kann
828 3496 2092 3750 ma n sie schon sprechen.!
