3432 4232
2866 646 3035 818 137.
1090 801 3000 1019 Professor Bernhardt war durch aus nicht
1105 958 3010 1160 überrascht..... überrascht war auch ich
1105 1163 3147 1312 nicht. Es war nur meine Hoffnung, dass noch
1105 1287 2947 1475 Jahre, noch Monate vor uns lägen — oder
1115 1467 3058 1617 wenigstens noch Tage.... Auch ein Tag ist
1130 1637 2285 1774 lang — auch eine Stunde.
1102 1769 2141 1921 1 Pause. Blicke /
1125 1890 2926 2068 Und überdies : es -war vollkommen unmög
1160 2078 2926 2217 lich, wie kannst Du nur einen solchen
1122 2235 2942 2384 Verdacht aussprechen, Hans..... gerade
1115 2379 3030 2551 Du? Wie denn?.... den Schlüssel zu dem
1130 2536 2987 2701 Schrank, we sie etwas von der Art hätte
1140 2660 2929 2883 finden können habe ich aufbewahrt. Der
1186 2863 3134 3058 ist fest verschlossen...... nun ja, warum
1135 2997 3035 3155 seht Ihr mich so an?... hab ich viel xxx
1133 3137 2997 3334 leicht ein Unrecht begangen?.... Jauch 1
1148 3314 3081 3454 Ich gestehe es : ich habe alles getan, um
1153 3459 3028 3654 es zu verhindern.... auch mein Schretb
1209 3628 3005 3760 tisch war versperrt...... und wenn sie
