3416 4200
2628 602 2808 742 184
822 779 2212 986 Hans. Nehmen Sie nicht Platz?
833 871 2763 1094 Jul. / setzt sich / Danke — Aus allem was
1024 1054 2881 1242 Du bet Sala vorbrachtest, war zu entneh
1029 1239 2868 1403 men, dass es Dir in erster Linie darauf
1080 1424 2860 1535 ankommt die nächste Zeit fern von hier
1035 1529 2816 1712 zu verbringen. Ich setze nun den Fall,
1080 1658 2822 1868 Salas Verwendung hätte keinen Erfolg.
1142 1841 2075 2002 Ich sagte ja schon —
860 1887 1107 2040 Hans.
860 1978 2943 2161 Jul. Nun, ich komme Dir mit einem bestimmten
1107 2193 2857 2295 Vorschlag. Ich lade Dich ein, mich zu
1110 2344 1604 2478 begleiten.
871 2499 1376 2653 Hans. Wie?
873 2596 2868 2822 Jul. Nimm an ich engagiere Dich als meinen
1105 2784 2349 2954 Arzt für die nächste Zeit.
882 2857 2924 3093 Hans. Ich danke Ihnen sehr, aber Sie werden
1086 3005 2946 3244 begreifen, dass ich Ihnen " nein” sage.
884 3201 2943 3410 Jul. Warum? - es ist ein Antrag wie ein an -
1086 3370 2779 3537 derer, eine Stellung wie eine andre.
887 3548 3048 3711 Hans. Es widerstrebt mir Wohltaten anzunehmen.
