3400 4152
2695 469 2830 680 83
1108 673 3085 904 Freilich am nächsten Morgen bin ich wieder
1123 872 3024 1037 vor Deiner Tür gewesen und hab Dich ange¬
1115 978 3063 1179 sammert und die Geschichte hat wieder von
1135 1162 1931 1334 vorn angefangen.
1113 1312 2031 1486 / es wird dunkler /
1073 1442 2532 1643 Das Du noch immer daran denkst.
840 1496 997 1619 Jul
1167 1601 3115 1835 Du doch auch... na ver ist schliesslich
842 1626 1137 1823 Irene.
1130 1776 2916 1965 der Dumme von uns weien gewesen, wer!
1127 1921 2869 2130 Prag Dich nur aufs Gewissen? Wert Hat
1120 2093 2918 2272 Dich eine ande so geliebt wie ich? Hat
1140 2252 2918 2434 eine so an Dir gehangen, wie ich? Bist
1127 2380 3009 2589 Du mit einer glücklicher gewesen! Meiner
1123 2540 2795 2690 Seel, die dumme Geschichte, die mir
1135 2677 2820 2889 draussen im Engagement passiert ist,
1123 2820 3053 3048 hättest Du mir schon verzethen dürfen. Es
1145 2972 3009 3178 ist wirklich nicht so viel dran, wie ihr
1118 3124 2871 3336 Männer drauss macht, wenns einmal uns
1167 3291 2933 3517 passiert. Na, jetzt ist es eigentlich
1140 3414 1508 3581 vorbei.
