3448 4200
2806 341 2939 566 82
1101 582 2915 806 / er entnimmt der Reisetasche ein klei-
1104 785 1786 977 nes Päckchen
825 907 2130 1112 Irene. Gut. So - ich danke.
836 999 2733 1256 Jul. Das ist übrigens eine ziemlich neue
1120 1210 2089 1402 Schwärmeret von Diri
847 1380 1694 1562 Irene. D te Cakes?
852 1502 1865 1705 Jul. Nein, die Natur.
874 1613 3055 1878 Irene. Wie kannst Du das sagen. Ich hab die a-
1156 1770 2969 1995 tur immer unendlich geliebt. Denkst Du
1158 1940 3091 2124 nicht mehr an unsre Ausflüge von dazumalt
1153 2127 2812 2322 Rechawinkel - Wetdling am Baog....
1183 2225 3063 2446 erinnerstm Du Dich nicht, nach wie wir an
1185 2406 2980 2579 einem heissen Sommernachmittag im Wald
1185 2584 2652 2777 bet Würnitz eingeschlafen sind!
1188 2698 3096 2885 Und denkst Du nimmer an das Muttergottes-
1199 2850 3077 3053 bild bet Christofen, oben auf dem Hügel,
1191 2990 3188 3201 wie das Gewitter gekommen ist? Ach Gott...
1196 3161 3134 3377 kann man den eigentlich glücklicher sein,
1199 3326 3050 3507 als wir damals wzren! Kein leerer Wahn-
1193 3453 3001 3678 Sie hat schon was für stch, die Natur.
