3336 4232
2766 538 2948 757 116
1099 805 2789 928 schweren Tagen Menschen beizustehen.
800 991 2462 1076 Hans. Da magst Du wohl recht haben.
802 1094 2761 1222 Joh. / steht auf / Ja, irgend etwas Feld¬
1102 1270 3056 1406 seliges erhebt sich in mir gegen Menschen.
1102 1423 3073 1552 die meines Mitleids bedürfen. Warum steht
1134 1549 3005 1683 Du mich so an, Hans,? Nein Hans, ich we¬
1094 1725 2927 1828 de naimals auf die Teilnahme andrer An¬
1094 1901 2965 2032 spruch machen nie! Ich würde mich schä¬
1086 2047 2852 2150 men: Und darum eigne ich mich wohl so
1086 2193 2882 2294 wenig zur Gesellschaft von Traurigen,
1094 2349 1662 2440 von Kranken.
1094 2424 3111 2621 Wozu nur magst Du geschaffen sein, Hoham a.
805 2487 1046 2590 Hans.
1089 2663 2935 2744 Ich frage Dich nicht zum erstenmale....
1079 2736 2968 2905 Mir ist zuweilen ein wenig banq um Dich.
1086 2925 3008 3086 / zärtlicher / Wenn es doch noch zwischen
1086 3101 2995 3264 uns wäre, wie einstmals. Fühlst Du nicht
1084 3209 2849 3370 Johanna, dass wir einander entfremdet
1089 3390 2953 3539 sind, dass wir nicht mehr so mit einand¬
