3368 4216
2776 468 2923 695 44
1104 663 2921 868 habe einen andern Grund, der mich dazu
1122 806 2948 1016 veranlassen wird, Sie zu fragen, xx es
1122 986 3101 1193 mit mir steht und der Sie veranlassen muss
1117 1102 2960 1329 Doktor Hans, mir die Wahrheit zu sagen.
1129 1267 2640 1496 Lassen Sie hören, Herr von Sala.
845 1363 1094 1526 Hans.
1139 1420 3022 1649 Ich verspreche mir nämlich ziemlich viel
858 1533 1099 1669 Sala.
1151 1624 3111 1812 von meinen letzten Tagen.. ja, es ist eine
1151 1703 3022 1928 seltsame Hoffnung, die sich für mich da¬
1154 1876 3062 2108 ran knüpft. Von füher Jugend an, von et¬
1163 2046 2921 2265 ner Zeit her, da es noch gar nicht se
1181 2194 3020 2418 entschieden war, was ich eigentlich wer-
1191 2357 2968 2578 den wollte - ein grosser Dichter, oder
2640 2450 3007 2578 du pvecle
1191 2504 3015 2692 ein Feldmarschall..... AlexanderH oder
1139 2655 3089 2874 Sala der erste und einzige.........Ich hatte
1191 2795 2978 3005 nämlich immer eine Ahnung, das mir das
1191 2963 3096 3158 Beste für mein Ende aufbewahrt ist, mein
1205 3128 3079 3345 grösstes Glück — mein herrlichster Sieg,
2056 3239 2398 3367 der twede
1208 3254 2941 3468 wenn ich Alexander H geworden wäre —
1210 3416 2916 3592 oder mein schönstes Gedicht, wie die
