3448 4248
2736 733 2879 873 17
1166 755 3065 1012 deckung wirken, dass wir nicht im Stande
1160 974 2668 1201 sind alle Krankheiten zu heilen.
903 1100 1748 1322 Hans. Nicht alle!
914 1248 2972 1502 Bernh. Wenige. Ja, Sie haben recht. Aber es
1234 1431 2996 1609 kommt ja nicht allein aufs Hetlen an.
1234 1584 2438 1809 Muss ich Ihnen das sagen!
1018 1590 1111 1751 m
911 1735 2925 1973 Hans. Nein, Herr Professor, das müssen Sie
1149 1877 3095 2107 nicht. Ich weiss wohl dass wir auch anders
1231 2028 1921 2222 helfen können.
1278 2208 2958 2419 Gewiss.... Schmerzen Hindern — das
911 2211 1204 2375 Bernh.
1201 2353 3004 2588 ist nicht so wenig. — Krübes vergessen
1226 2512 3073 2742 machen, einschläfern..... ist noch et-
1185 2649 1623 2848 was mehr.
900 2840 1157 2955 Hans.
1185 2799 2605 3021 Ja,.... wenn wir es dürften.
900 2958 3100 3180 Bernh. /versteht/ Ach so. Freilich. Das dürfen
1177 3108 3051 3267 wir nicht.... Und die Leute wilnschen es
1133 3232 2805 3423 auch gar nicht. Sie wollen leben.
1163 3390 3040 3631 Ja, unter Leiden, Qualen, Heffnungslo-
1094 3546 3149 3773 sigkeit. Sich selbst, den andern zum Ekel..
