<?xml version="1.0" encoding="UTF-8" standalone="yes"?>
<PcGts xmlns="http://schema.primaresearch.org/PAGE/gts/pagecontent/2013-07-15" xmlns:xsi="http://www.w3.org/2001/XMLSchema-instance" xsi:schemaLocation="http://schema.primaresearch.org/PAGE/gts/pagecontent/2013-07-15 http://schema.primaresearch.org/PAGE/gts/pagecontent/2013-07-15/pagecontent.xsd">
    <Metadata>
        <Creator>prov=READ-COOP:name=TrHtr:version=2.1.0:model_id=51170:date=28_07_2023_18:34</Creator>
        <Created>2023-05-10T11:41:09.793+02:00</Created>
        <LastChange>2023-07-28T18:34:42.504+02:00</LastChange>
        <TranskribusMetadata docId="1428170" pageId="55390490" pageNr="95" tsid="131370580" status="IN_PROGRESS" userId="64420" imgUrl="https://files.transkribus.eu/Get?id=IYZZYTYDMCZWXRQOMNHIJEIY&amp;fileType=view" xmlUrl="https://files.transkribus.eu/Get?id=BGMPRBVPYDQHERMZHFPHNYVL" imageId="44665376"/>
    </Metadata>
    <Page imageFilename="1428170_0095.jpg" imageWidth="3448" imageHeight="4168">
        <ReadingOrder>
            <OrderedGroup id="ro_1711802968565" caption="Regions reading order">
                <RegionRefIndexed index="0" regionRef="tr_1"/>
                <RegionRefIndexed index="1" regionRef="tr_2"/>
            </OrderedGroup>
        </ReadingOrder>
        <TextRegion id="tr_1" custom="readingOrder {index:0;}">
            <Coords points="764,756 3036,756 3036,2398 764,2398"/>
            <TextLine id="tr_1_tl_1" custom="readingOrder {index:0;}">
                <Coords points="1560,921 1887,935 2108,854 2349,910 2772,812 2876,832 2878,745 2817,736 2058,764 1568,669"/>
                <Baseline points="1579,844 1585,841 1630,844 1674,841 1719,841 1764,841 1809,841 1854,838 1898,838 1943,838 1988,835 2033,835 2078,833 2122,833 2167,833 2212,833 2257,833 2301,830 2346,827 2391,827 2436,821 2481,818 2525,818 2570,818 2615,818 2660,818 2705,818 2749,815 2794,812 2839,809 2884,806"/>
                <TextEquiv>
                    <Unicode>mich nie darum gekümmert. Du</Unicode>
                </TextEquiv>
            </TextLine>
            <TextLine id="tr_1_tl_2" custom="readingOrder {index:1;}">
                <Coords points="1039,918 1196,916 1210,932 1243,935 1322,904 1350,907 1355,762 1296,756 1271,739 1224,742 1179,770 1151,756 1134,762 1112,742 1078,756 1047,745"/>
                <Baseline points="1056,868 1089,859 1134,859 1179,859 1224,856 1268,853 1313,853 1358,850"/>
                <TextEquiv>
                    <Unicode>gehabt</Unicode>
                </TextEquiv>
            </TextLine>
            <TextLine id="tr_1_tl_3" custom="readingOrder {index:2;}">
                <Coords points="1053,1061 1263,1106 1901,1033 2086,1086 2296,997 2562,1067 2887,1014 2890,871 1056,930"/>
                <Baseline points="1068,1015 1074,1015 1119,1009 1164,1006 1209,1006 1253,1006 1298,1006 1343,1003 1388,1000 1433,1000 1477,1000 1522,997 1567,994 1612,991 1657,991 1701,991 1710,991 1728,988 1773,985 1818,985 1863,985 1907,985 1952,982 1997,979 2042,976 2086,979 2131,976 2176,979 2221,979 2266,976 2310,979 2355,976 2400,976 2445,973 2490,970 2534,970 2579,970 2624,967 2669,967 2713,964 2758,964 2803,961 2848,964 2893,958"/>
                <TextEquiv>
                    <Unicode>hast ja recht Irene- der beste von uns</Unicode>
                </TextEquiv>
            </TextLine>
            <TextLine id="tr_1_tl_4" custom="readingOrder {index:3;}">
                <Coords points="1061,1224 2260,1196 2433,1137 2836,1170 2859,1025 1064,1072"/>
                <Baseline points="1077,1161 1116,1164 1161,1161 1206,1161 1250,1158 1295,1158 1340,1155 1385,1155 1430,1152 1474,1152 1519,1155 1564,1152 1609,1152 1654,1152 1698,1149 1743,1149 1788,1146 1833,1143 1877,1143 1922,1140 1967,1140 2012,1140 2057,1140 2101,1137 2146,1134 2191,1137 2236,1131 2281,1131 2325,1128 2370,1128 2415,1125 2460,1125 2504,1125 2549,1128 2594,1128 2639,1128 2684,1128 2728,1128 2773,1125 2818,1128 2863,1128"/>
                <TextEquiv>
                    <Unicode>und ich bin nicht einmal der Beste....</Unicode>
                </TextEquiv>
            </TextLine>
            <TextLine id="tr_1_tl_5" custom="readingOrder {index:4;}">
                <Coords points="759,1361 1151,1420 1246,1366 2677,1364 2716,1224 2433,1137 2016,1226 762,1254"/>
                <Baseline points="773,1322 794,1319 838,1319 883,1319 928,1319 973,1319 1018,1319 1062,1316 1107,1316 1152,1313 1197,1313 1242,1310 1286,1304 1331,1304 1376,1304 1421,1304 1465,1301 1510,1298 1555,1298 1600,1298 1645,1298 1689,1295 1734,1295 1779,1292 1824,1292 1869,1289 1913,1289 1958,1289 2003,1292 2048,1292 2092,1286 2137,1283 2182,1283 2227,1283 2272,1283 2316,1286 2361,1280 2406,1283 2451,1283 2496,1277 2540,1277 2585,1274 2630,1271 2675,1265 2719,1262"/>
                <TextEquiv>
                    <Unicode>Irene. Er hat ein Kind! So hol Dirs doch</Unicode>
                </TextEquiv>
            </TextLine>
            <TextLine id="tr_1_tl_6" custom="readingOrder {index:5;}">
                <Coords points="748,1498 2682,1532 2839,1501 2842,1350 1154,1420 750,1355"/>
                <Baseline points="764,1474 788,1474 833,1474 877,1474 922,1474 967,1477 1012,1474 1056,1471 1101,1471 1146,1477 1191,1474 1236,1471 1280,1468 1325,1465 1370,1465 1415,1462 1459,1462 1504,1462 1549,1459 1594,1459 1639,1462 1683,1459 1728,1454 1773,1454 1818,1457 1863,1462 1907,1457 1952,1454 1997,1451 2042,1454 2086,1448 2131,1448 2176,1445 2221,1442 2266,1442 2310,1439 2355,1439 2400,1439 2445,1436 2490,1436 2534,1439 2579,1433 2624,1433 2669,1430 2713,1430 2758,1430 2803,1430 2848,1427"/>
                <TextEquiv>
                    <Unicode>Jul. Es geht nicht, es ist vollkommen unmög-</Unicode>
                </TextEquiv>
            </TextLine>
            <TextLine id="tr_1_tl_7" custom="readingOrder {index:6;}">
                <Coords points="1036,1658 1828,1711 2268,1607 3002,1632 3004,1498 1039,1548"/>
                <Baseline points="1050,1624 1086,1627 1131,1630 1176,1630 1221,1627 1265,1624 1310,1624 1355,1624 1400,1624 1445,1621 1489,1621 1534,1618 1579,1618 1624,1618 1668,1615 1713,1615 1758,1615 1803,1615 1848,1612 1892,1609 1937,1609 1982,1609 2027,1606 2072,1606 2116,1603 2161,1603 2206,1603 2251,1603 2295,1597 2340,1597 2385,1600 2430,1600 2475,1597 2519,1597 2564,1597 2609,1594 2654,1591 2699,1591 2743,1588 2788,1588 2833,1585 2878,1585 2922,1585 2967,1585 3012,1591"/>
                <TextEquiv>
                    <Unicode>lich. Ich sagte Dir doch: es ist wie wenn</Unicode>
                </TextEquiv>
            </TextLine>
            <TextLine id="tr_1_tl_8" custom="readingOrder {index:7;}">
                <Coords points="874,1686 899,1686 910,1677 927,1694 941,1683 977,1688 980,1604 966,1602 958,1607 938,1602 930,1607 910,1588 904,1590 888,1579 876,1579"/>
                <Baseline points="889,1674 895,1671 940,1668 985,1668"/>
                <TextEquiv>
                    <Unicode>P.S.</Unicode>
                </TextEquiv>
            </TextLine>
            <TextLine id="tr_1_tl_9" custom="readingOrder {index:8;}">
                <Coords points="1053,1828 1103,1845 1190,1820 1226,1845 1420,1870 1459,1845 1506,1868 1554,1834 1610,1848 1702,1812 1792,1851 1798,1697 1582,1686 1495,1719 1434,1683 1316,1722 1058,1677"/>
                <Baseline points="1071,1779 1086,1782 1131,1779 1176,1779 1221,1779 1265,1776 1310,1773 1355,1773 1400,1770 1445,1770 1489,1773 1534,1773 1579,1770 1624,1767 1668,1764 1713,1761 1758,1761 1803,1764"/>
                <TextEquiv>
                    <Unicode>ich keins hätte.</Unicode>
                </TextEquiv>
            </TextLine>
            <TextLine id="tr_1_tl_10" custom="readingOrder {index:9;}">
                <Coords points="1840,1820 1957,1840 2019,1814 2078,1845 2100,1834 2122,1842 2150,1817 2162,1831 2187,1823 2190,1705 2120,1700 2078,1672 2050,1697 2016,1683 1971,1728 1954,1722 1929,1742 1842,1730"/>
                <Baseline points="1854,1800 1877,1803 1922,1800 1967,1797 2012,1797 2057,1797 2101,1794 2146,1794 2191,1794"/>
                <TextEquiv>
                    <Unicode>e e unait</Unicode>
                </TextEquiv>
            </TextLine>
            <TextLine id="tr_1_tl_11" custom="readingOrder {index:10;}">
                <Coords points="762,1994 2954,1980 2957,1795 1075,1890 767,1842"/>
                <Baseline points="779,1934 812,1934 856,1937 901,1937 946,1937 991,1937 1036,1937 1080,1937 1125,1934 1170,1931 1215,1931 1259,1931 1304,1928 1349,1928 1394,1928 1439,1928 1483,1925 1528,1925 1573,1925 1618,1922 1663,1922 1707,1922 1752,1919 1797,1919 1842,1916 1886,1916 1931,1916 1976,1916 2021,1916 2066,1916 2110,1913 2155,1913 2200,1910 2245,1910 2290,1907 2334,1907 2379,1907 2424,1907 2469,1904 2513,1907 2558,1904 2603,1904 2648,1904 2693,1901 2737,1898 2782,1895 2827,1892 2872,1889 2917,1889 2961,1883"/>
                <TextEquiv>
                    <Unicode>Irene. Ah ich begreifel Ja freilich.... Nun da</Unicode>
                </TextEquiv>
            </TextLine>
            <TextLine id="tr_1_tl_12" custom="readingOrder {index:11;}">
                <Coords points="1044,2159 2814,2142 2881,2134 2884,1994 1047,2016"/>
                <Baseline points="1062,2084 1095,2081 1140,2081 1185,2081 1230,2084 1274,2081 1319,2078 1364,2078 1409,2075 1454,2078 1498,2075 1543,2075 1588,2075 1633,2075 1677,2072 1722,2072 1767,2069 1812,2069 1857,2069 1901,2069 1946,2072 1991,2066 2036,2066 2081,2066 2125,2066 2170,2063 2215,2063 2260,2057 2304,2057 2349,2057 2394,2054 2439,2057 2484,2054 2528,2054 2573,2051 2618,2051 2663,2051 2708,2051 2752,2051 2797,2051 2842,2048 2887,2048"/>
                <TextEquiv>
                    <Unicode>darf man sich aber auch nicht beklagen.</Unicode>
                </TextEquiv>
            </TextLine>
            <TextLine id="tr_1_tl_13" custom="readingOrder {index:12;}">
                <Coords points="770,2246 1095,2313 2148,2276 2150,2131 1425,2176 773,2128"/>
                <Baseline points="785,2233 815,2233 859,2233 904,2236 949,2236 994,2236 1039,2230 1083,2230 1128,2233 1173,2230 1218,2230 1262,2230 1307,2230 1352,2227 1397,2224 1442,2224 1486,2224 1531,2224 1576,2221 1621,2221 1666,2218 1710,2218 1755,2218 1800,2218 1845,2218 1889,2218 1934,2221 1979,2215 2024,2212 2069,2209 2113,2209 2158,2206"/>
                <TextEquiv>
                    <Unicode>Jul. Betreten / Tu ichs denn?</Unicode>
                </TextEquiv>
            </TextLine>
            <TextLine id="tr_1_tl_14" custom="readingOrder {index:13;}">
                <Coords points="781,2422 1039,2495 1784,2372 2792,2394 3032,2372 3035,2254 1201,2327 784,2257"/>
                <Baseline points="797,2385 841,2385 886,2385 931,2385 976,2385 1021,2385 1065,2388 1077,2388 1098,2385 1110,2382 1155,2382 1200,2379 1245,2382 1289,2379 1334,2379 1379,2379 1424,2379 1468,2376 1513,2376 1558,2376 1603,2376 1648,2376 1692,2373 1737,2370 1782,2370 1827,2370 1872,2367 1916,2367 1961,2364 2006,2364 2051,2364 2095,2364 2140,2361 2185,2361 2230,2361 2275,2361 2319,2361 2364,2358 2409,2358 2454,2355 2499,2358 2543,2358 2588,2355 2633,2352 2678,2352 2722,2349 2767,2349 2812,2349 2857,2349 2902,2349 2946,2349 2991,2352 3036,2349"/>
                <TextEquiv>
                    <Unicode>Irene. Du sehnst D ich nicht manchmal darnacht...</Unicode>
                </TextEquiv>
            </TextLine>
        </TextRegion>
        <TextRegion id="tr_2" custom="readingOrder {index:1;}">
            <Coords points="1071,2446 3063,2446 3063,3625 1071,3625"/>
            <TextLine id="tr_2_tl_1" custom="readingOrder {index:0;}">
                <Coords points="1070,2604 2229,2612 2624,2509 2951,2565 3004,2422 2167,2380 1940,2461 1719,2411 1072,2458"/>
                <Baseline points="1086,2537 1131,2534 1176,2534 1221,2534 1265,2534 1310,2534 1355,2531 1400,2531 1445,2531 1489,2528 1534,2525 1579,2525 1624,2522 1668,2525 1713,2522 1758,2522 1803,2522 1848,2519 1892,2522 1937,2519 1982,2519 2027,2516 2072,2516 2116,2519 2161,2516 2206,2516 2251,2513 2295,2513 2340,2510 2385,2513 2430,2513 2475,2513 2519,2510 2564,2510 2609,2510 2654,2510 2699,2507 2743,2504 2788,2504 2833,2507 2878,2501 2922,2501 2967,2496 3012,2496"/>
                <TextEquiv>
                    <Unicode>wie lang hast Dus denn schon! wie alt ist</Unicode>
                </TextEquiv>
            </TextLine>
            <TextLine id="tr_2_tl_2" custom="readingOrder {index:1;}">
                <Coords points="1070,2752 2965,2752 3004,2573 1929,2579 1691,2643 1070,2604"/>
                <Baseline points="1086,2690 1128,2684 1173,2684 1218,2687 1262,2684 1307,2684 1352,2684 1397,2684 1442,2684 1486,2684 1531,2681 1576,2681 1621,2678 1666,2678 1710,2678 1755,2678 1800,2675 1845,2675 1889,2672 1934,2675 1979,2672 2024,2666 2069,2666 2113,2666 2158,2666 2203,2666 2248,2663 2292,2663 2337,2666 2382,2663 2427,2666 2472,2666 2516,2669 2561,2666 2606,2669 2651,2663 2696,2660 2740,2660 2785,2660 2830,2657 2875,2654 2919,2654 2964,2651 3009,2648"/>
                <TextEquiv>
                    <Unicode>es! Ein Bub, ein Mädel? Nun ja, toh soll</Unicode>
                </TextEquiv>
            </TextLine>
            <TextLine id="tr_2_tl_3" custom="readingOrder {index:2;}">
                <Coords points="1058,2904 2755,2867 2755,2744 2643,2733 1061,2761"/>
                <Baseline points="1077,2842 1104,2839 1149,2839 1194,2839 1239,2839 1283,2839 1328,2839 1373,2839 1418,2839 1462,2839 1507,2839 1552,2833 1597,2833 1642,2833 1686,2830 1731,2830 1776,2830 1821,2830 1866,2833 1910,2830 1955,2827 2000,2827 2045,2827 2089,2827 2134,2824 2179,2821 2224,2824 2269,2821 2313,2824 2358,2821 2403,2818 2448,2821 2493,2818 2537,2815 2582,2812 2627,2812 2672,2809 2716,2809 2761,2809"/>
                <TextEquiv>
                    <Unicode>nicht fragen.... ich frage ja nicht.</Unicode>
                </TextEquiv>
            </TextLine>
            <TextLine id="tr_2_tl_4" custom="readingOrder {index:3;}">
                <Coords points="1056,3046 2932,3046 2951,2878 1058,2904"/>
                <Baseline points="1071,2991 1077,2988 1122,2988 1167,2988 1212,2988 1256,2985 1301,2985 1346,2982 1391,2982 1436,2985 1480,2982 1525,2982 1570,2982 1615,2982 1660,2982 1704,2976 1749,2979 1794,2979 1839,2976 1883,2979 1928,2976 1973,2976 2018,2973 2063,2970 2107,2973 2152,2970 2197,2967 2242,2967 2287,2970 2331,2970 2376,2967 2421,2967 2466,2967 2510,2967 2555,2961 2600,2961 2645,2964 2690,2964 2734,2961 2779,2955 2824,2955 2869,2955 2914,2952 2958,2949"/>
                <TextEquiv>
                    <Unicode>Es muss halt doch ein sehr tiefer Unter¬</Unicode>
                </TextEquiv>
            </TextLine>
            <TextLine id="tr_2_tl_5" custom="readingOrder {index:4;}">
                <Coords points="1072,3195 2184,3209 2349,3133 2923,3200 2926,3046 1075,3046"/>
                <Baseline points="1089,3149 1098,3146 1143,3146 1188,3143 1233,3143 1277,3143 1322,3143 1367,3143 1412,3140 1457,3140 1501,3137 1546,3137 1591,3137 1636,3137 1680,3137 1725,3134 1770,3137 1815,3134 1860,3134 1904,3131 1949,3131 1994,3131 2039,3131 2084,3128 2128,3128 2173,3128 2218,3128 2263,3128 2307,3128 2352,3128 2397,3128 2442,3126 2487,3123 2531,3123 2576,3123 2621,3123 2666,3123 2710,3120 2755,3120 2800,3117 2845,3117 2890,3114 2934,3117"/>
                <TextEquiv>
                    <Unicode>schied sein mischen uns und euch. Wenn</Unicode>
                </TextEquiv>
            </TextLine>
            <TextLine id="tr_2_tl_6" custom="readingOrder {index:5;}">
                <Coords points="1072,3357 3052,3354 3055,3195 1075,3198"/>
                <Baseline points="1089,3305 1092,3305 1137,3302 1182,3302 1227,3302 1271,3302 1316,3296 1361,3296 1406,3296 1451,3296 1495,3296 1540,3299 1585,3302 1630,3296 1674,3296 1719,3296 1764,3293 1809,3290 1854,3290 1898,3287 1943,3287 1988,3287 2033,3284 2078,3284 2122,3284 2167,3284 2212,3284 2257,3287 2301,3284 2346,3281 2391,3278 2436,3281 2481,3281 2525,3281 2570,3278 2615,3278 2660,3278 2705,3278 2749,3275 2794,3275 2839,3272 2884,3272 2928,3272 2973,3269 3018,3266 3063,3266"/>
                <TextEquiv>
                    <Unicode>Ich denke, irgendwo lebte ein Kind von mir</Unicode>
                </TextEquiv>
            </TextLine>
            <TextLine id="tr_2_tl_7" custom="readingOrder {index:6;}">
                <Coords points="1070,3534 3030,3489 3058,3335 1072,3354"/>
                <Baseline points="1086,3457 1089,3457 1134,3454 1179,3454 1224,3457 1268,3457 1313,3454 1358,3451 1403,3451 1448,3451 1492,3448 1537,3451 1582,3451 1627,3451 1671,3448 1716,3448 1761,3445 1806,3442 1851,3442 1895,3445 1940,3445 1985,3439 2030,3439 2075,3442 2119,3442 2164,3439 2209,3436 2254,3436 2298,3436 2343,3436 2388,3436 2433,3433 2478,3433 2522,3433 2567,3436 2612,3433 2657,3433 2702,3433 2746,3433 2791,3433 2836,3427 2881,3427 2925,3424 2970,3424 3015,3424 3060,3430"/>
                <TextEquiv>
                    <Unicode>und ich wüsste es und ich sollte so in der</Unicode>
                </TextEquiv>
            </TextLine>
            <TextLine id="tr_2_tl_8" custom="readingOrder {index:7;}">
                <Coords points="1067,3674 1644,3609 1786,3679 2232,3606 2596,3606 2685,3671 2853,3620 2822,3475 2657,3539 2486,3480 2142,3542 1070,3536"/>
                <Baseline points="1086,3612 1113,3612 1158,3612 1203,3612 1248,3615 1292,3615 1337,3615 1382,3612 1427,3612 1471,3612 1516,3609 1561,3609 1606,3609 1651,3609 1695,3609 1740,3606 1785,3606 1830,3606 1875,3606 1919,3606 1964,3603 2009,3600 2054,3603 2098,3600 2143,3597 2188,3600 2233,3600 2278,3597 2322,3597 2367,3597 2412,3594 2457,3594 2501,3591 2546,3594 2591,3591 2636,3594 2681,3594 2725,3591 2770,3594 2815,3591 2860,3591"/>
                <TextEquiv>
                    <Unicode>Welt herumlaufen und ich dürfte es ihm</Unicode>
                </TextEquiv>
            </TextLine>
        </TextRegion>
    </Page>
</PcGts>
