3416 4152
820 743 2666 924 Irene. / vor stch hin / Ich pfeif drauf.
798 911 2963 1065 Jul. Eine grosse, eine berühmte — Du hast noch
1056 1015 3051 1211 mancherlei andes, ganz Schönes erlebt nach
1037 1172 2000 1378 mir — ich weiss es
801 1373 3015 1524 Irene. Was hab ich davon? Was will das alles be-
1120 1491 2878 1645 deuten! Eine Frau, die kein Kind hat
1073 1618 2963 1838 ist gar nie eine Frau gewesen. Aber e ine
781 1667 988 1852 Jul.
1092 1813 3024 1992 die einmal eins hätte haben können, haben
1073 1953 2927 2135 müssen und die aus Bequeml tchkett — aus
1087 2063 2974 2286 Feighest - aus Dummhett — aus Nachgiebig
1092 2251 2936 2410 keit nicht Mutter geworden ist, das ist
1109 2372 3021 2575 etne — — — aht über das kann ja k in Mann
1095 2575 3010 2751 verstehen — das kann ja keiner verstehen.
1076 2729 2947 2905 Der beste von euch ist in diesen Dingen
1103 2861 3024 3068 immer noch eine Art von Schuft. Was wiset
1089 3018 2837 3167 denn ihr überhaupt von euern Kindern!
1087 3156 3112 3368 Woiss denn einer von euch, wie viel er hatt.
1092 3343 2944 3516 Ich weiss wenigstens, dass ich keine ge¬
1095 3469 3010 3689 habt habt... weiset Dus denn auch! Weise
