3464 4232
2765 535 2959 695 186
1072 718 2648 899 Du hast ja von Sala selbst gehört
1085 861 2969 1047 wie die Dinge stehen. Nach allem was man
1085 1018 2895 1199 hört spielt Eigensinn, Tollkühnheit in
1146 1151 3010 1357 dieser Unternehmung keine geringe Rolle.
1151 1309 3094 1487 Und es scheint, dass hier mehr aufs Sptel
1125 1495 2928 1673 gesetzt wird, als im besten Fall gewom
1123 1604 3020 1805 nen werden kann. Ich finde, dass Du Dich
1136 1805 2602 1986 für Besseres aufzubewahren hast
950 1971 1864 2131 Hans. / schweigt.
962 2078 3010 2276 Jul. Zum Mindesten lass Dir noch Bedenkzeit.
1138 2223 3063 2424 Auch wenn Sala Dir noch heute eine bejah
1161 2404 3137 2564 ende Entscheidung bringt kannst Du si e ver
1161 2549 2954 2722 langen. Die Sache ist zu wichtig, als
1176 2702 3119 2872 dass mans Dir übel nehmen könnte. Verlang
1181 2824 3063 3030 ge noch dret Tage...... noch vierundman -
1217 2997 2984 3168 zig Stunden, währnd dieser Zeit wirst
1166 3140 3012 3323 Dur ruhiger werden, kannst Du die Sach
1232 3297 3050 3509 lage nach allen Setten erwägen......
1197 3450 2941 3618 Was soll ich noch sagen? Du hörst mir
