<?xml version="1.0" encoding="UTF-8" standalone="yes"?>
<PcGts xmlns="http://schema.primaresearch.org/PAGE/gts/pagecontent/2013-07-15" xmlns:xsi="http://www.w3.org/2001/XMLSchema-instance" xsi:schemaLocation="http://schema.primaresearch.org/PAGE/gts/pagecontent/2013-07-15 http://schema.primaresearch.org/PAGE/gts/pagecontent/2013-07-15/pagecontent.xsd">
    <Metadata>
        <Creator>prov=READ-COOP:name=TrHtr:version=2.1.0:model_id=51170:date=28_07_2023_18:35</Creator>
        <Created>2023-05-10T11:41:24.310+02:00</Created>
        <LastChange>2023-07-28T18:35:13.648+02:00</LastChange>
        <TranskribusMetadata docId="1428170" pageId="55391148" pageNr="207" tsid="131370695" status="IN_PROGRESS" userId="64420" imgUrl="https://files.transkribus.eu/Get?id=ZAXKIJDJRRKOWFZWBLZNQVTR&amp;fileType=view" xmlUrl="https://files.transkribus.eu/Get?id=SZQCMBITVXSSBFWCTLRIZLRP" imageId="44666033"/>
    </Metadata>
    <Page imageFilename="1428170_0207.jpg" imageWidth="3368" imageHeight="4088">
        <ReadingOrder>
            <OrderedGroup id="ro_1711803059456" caption="Regions reading order">
                <RegionRefIndexed index="0" regionRef="tr_1"/>
            </OrderedGroup>
        </ReadingOrder>
        <TextRegion id="tr_1" custom="readingOrder {index:0;}">
            <Coords points="193,188 2885,188 2885,2149 193,2149"/>
            <TextLine id="tr_1_tl_1" custom="readingOrder {index:0;}">
                <Coords points="2533,332 2593,326 2618,342 2647,339 2688,308 2740,316 2764,298 2792,311 2836,275 2880,285 2877,176 2813,181 2774,166 2727,184 2699,176 2686,189 2639,148 2530,161"/>
                <Baseline points="2545,238 2590,247 2634,256 2679,259 2724,259 2769,259 2813,256 2858,247 2885,244"/>
                <TextEquiv>
                    <Unicode>turen.</Unicode>
                </TextEquiv>
            </TextLine>
            <TextLine id="tr_1_tl_2" custom="readingOrder {index:1;}">
                <Coords points="334,458 477,513 635,477 808,502 1233,381 1334,417 1365,401 1373,280 1191,290 1101,228 925,300 746,285 668,347 409,287 342,311"/>
                <Baseline points="352,411 390,411 435,408 480,405 525,405 569,408 614,408 659,411 704,408 748,408 793,411 838,408 883,405 928,396 972,387 1017,381 1062,381 1107,381 1151,378 1196,378 1241,375 1286,375 1330,370 1375,370"/>
                <TextEquiv>
                    <Unicode>ent meulleyer holis.</Unicode>
                </TextEquiv>
            </TextLine>
            <TextLine id="tr_1_tl_3" custom="readingOrder {index:2;}">
                <Coords points="176,632 477,632 798,751 971,694 1101,733 1570,575 1696,648 1971,629 1981,469 1639,355 1235,518 995,438 767,515 611,471 347,544 184,518"/>
                <Baseline points="193,596 238,599 283,608 328,608 372,611 417,608 462,608 507,608 552,605 596,608 641,608 686,608 731,608 775,605 820,596 865,590 910,593 954,590 999,587 1044,581 1089,575 1133,572 1178,569 1223,569 1268,563 1312,560 1357,557 1402,555 1447,552 1491,543 1536,540 1581,531 1626,525 1671,525 1715,519 1760,519 1805,516 1850,513 1894,510 1939,504 1984,501"/>
                <TextEquiv>
                    <Unicode>Erwohlicht von selven gegen der Eltern¬</Unicode>
                </TextEquiv>
            </TextLine>
            <TextLine id="tr_1_tl_4" custom="readingOrder {index:3;}">
                <Coords points="370,1057 484,1075 692,989 1114,992 1450,901 1976,930 1984,785 1753,759 1463,844 1251,777 860,839 798,800 523,873 383,831"/>
                <Baseline points="393,930 420,933 465,928 510,930 555,928 599,930 644,930 689,925 734,919 778,913 823,916 868,919 913,916 957,916 1002,916 1047,916 1092,913 1136,910 1181,907 1226,901 1271,898 1315,895 1360,889 1405,886 1450,883 1494,886 1539,880 1584,877 1629,871 1673,868 1718,865 1763,862 1808,862 1853,859 1897,859 1942,856 1987,847"/>
                <TextEquiv>
                    <Unicode>ein wir Untersuch – mit alhier.</Unicode>
                </TextEquiv>
            </TextLine>
            <TextLine id="tr_1_tl_5" custom="readingOrder {index:4;}">
                <Coords points="448,1279 1999,1160 2204,1210 2530,1134 2536,1070 2222,1000 1658,1028 1461,1140 1243,1067 1023,1124 461,1070"/>
                <Baseline points="468,1214 480,1214 525,1217 569,1217 614,1217 659,1217 704,1220 748,1220 793,1217 838,1217 883,1214 928,1211 972,1208 1017,1208 1062,1211 1107,1211 1151,1208 1196,1202 1241,1199 1286,1196 1330,1193 1375,1190 1420,1187 1465,1181 1509,1178 1554,1172 1599,1169 1644,1163 1688,1157 1733,1151 1778,1148 1823,1145 1867,1145 1912,1145 1957,1139 2002,1136 2046,1130 2091,1130 2136,1127 2181,1127 2226,1124 2270,1121 2315,1118 2360,1115 2405,1113 2449,1113 2494,1110 2539,1107"/>
                <TextEquiv>
                    <Unicode>Zrunkest. Geleh auf der Notar. nichts!</Unicode>
                </TextEquiv>
            </TextLine>
            <TextLine id="tr_1_tl_6" custom="readingOrder {index:5;}">
                <Coords points="238,1450 870,1481 1212,1380 1873,1427 2160,1380 2170,1207 1544,1295 862,1248 717,1318 249,1295"/>
                <Baseline points="256,1414 292,1414 337,1417 381,1417 426,1420 471,1420 516,1420 560,1417 605,1411 650,1405 695,1405 740,1405 784,1405 829,1402 874,1399 919,1396 963,1396 1008,1393 1053,1387 1098,1381 1142,1378 1187,1378 1232,1378 1277,1378 1321,1375 1366,1375 1411,1372 1456,1369 1500,1366 1545,1360 1590,1360 1635,1357 1679,1357 1724,1354 1769,1351 1814,1348 1858,1342 1903,1339 1948,1333 1993,1330 2038,1318 2082,1312 2127,1309 2172,1306"/>
                <TextEquiv>
                    <Unicode>Aber darf Lohn hat in kamen gekannt!</Unicode>
                </TextEquiv>
            </TextLine>
            <TextLine id="tr_1_tl_7" custom="readingOrder {index:6;}">
                <Coords points="269,1606 344,1629 456,1585 611,1601 655,1577 671,1585 676,1531 650,1523 624,1544 598,1536 567,1549 464,1487 417,1500 329,1463 303,1471 277,1458"/>
                <Baseline points="283,1584 322,1581 367,1581 411,1581 456,1578 501,1578 546,1575 590,1572 635,1563 680,1557"/>
                <TextEquiv>
                    <Unicode>Lale</Unicode>
                </TextEquiv>
            </TextLine>
            <TextLine id="tr_1_tl_8" custom="readingOrder {index:7;}">
                <Coords points="1235,1735 1380,1764 1564,1676 1919,1691 2007,1634 2124,1668 2318,1619 2422,1673 2631,1671 2670,1492 2157,1500 1725,1611 1564,1567 1412,1616 1248,1559"/>
                <Baseline points="1256,1691 1300,1688 1345,1685 1390,1679 1390,1679 1417,1679 1462,1676 1506,1673 1551,1671 1596,1668 1641,1665 1685,1662 1730,1653 1775,1650 1820,1650 1864,1650 1909,1647 1954,1635 1999,1632 2044,1629 2088,1623 2133,1620 2178,1620 2223,1617 2267,1614 2312,1611 2357,1608 2402,1602 2446,1599 2491,1599 2536,1596 2581,1593 2625,1587 2670,1584"/>
                <TextEquiv>
                    <Unicode>1/2 zur. M. auf d nach han¬</Unicode>
                </TextEquiv>
            </TextLine>
            <TextLine id="tr_1_tl_9" custom="readingOrder {index:8;}">
                <Coords points="352,1759 591,1785 974,1751 1039,1712 1191,1748 1220,1743 1230,1608 971,1570 886,1632 787,1606 614,1658 471,1627 360,1655"/>
                <Baseline points="367,1757 381,1757 426,1757 471,1754 516,1745 560,1739 605,1733 650,1727 695,1724 740,1721 784,1721 829,1718 874,1715 919,1712 963,1703 1008,1700 1053,1700 1098,1703 1142,1697 1187,1694 1232,1691"/>
                <TextEquiv>
                    <Unicode>&amp; there in the</Unicode>
                </TextEquiv>
            </TextLine>
            <TextLine id="tr_1_tl_10" custom="readingOrder {index:9;}">
                <Coords points="342,1989 717,2005 873,1906 1033,1898 1279,1914 1380,1966 1580,1888 1582,1826 1414,1831 1285,1751 1098,1769 1026,1720 881,1787 746,1759 624,1816 591,1787 352,1831"/>
                <Baseline points="358,1948 372,1951 417,1948 462,1942 507,1939 552,1930 596,1924 641,1918 686,1915 731,1909 775,1906 820,1906 865,1900 910,1897 954,1897 999,1897 1044,1897 1089,1894 1133,1894 1178,1888 1223,1888 1268,1888 1312,1894 1357,1894 1405,1887 1405,1887 1453,1876 1497,1873 1542,1876 1587,1879"/>
                <TextEquiv>
                    <Unicode>11. A tohe Bonfaz -</Unicode>
                </TextEquiv>
            </TextLine>
            <TextLine id="tr_1_tl_11" custom="readingOrder {index:10;}">
                <Coords points="386,2214 663,2113 865,2196 1671,2093 1875,2121 1883,1976 399,1999"/>
                <Baseline points="405,2139 411,2136 456,2130 501,2133 546,2124 590,2121 635,2115 680,2112 725,2109 769,2109 814,2109 859,2109 904,2106 948,2109 993,2106 1038,2094 1083,2094 1127,2091 1172,2094 1217,2094 1262,2091 1306,2088 1351,2085 1396,2082 1441,2082 1486,2082 1530,2079 1575,2073 1620,2070 1665,2067 1709,2061 1754,2055 1799,2049 1844,2044 1888,2035"/>
                <TextEquiv>
                    <Unicode>gave Herren Garten kommt!</Unicode>
                </TextEquiv>
            </TextLine>
        </TextRegion>
    </Page>
</PcGts>
