3400 4232
2662 550 2811 769 30
863 698 2852 1058 Hans alletn., steht still, regungslos da.
1173 1050 2223 1286 6. Auftrtt.
1176 1201 2984 1464 Hans. Aus dem Zimmer rechts tritt Frau
1181 1371 2948 1574 Pflugfelder; sie ist in einen dunkeln
1195 1503 3028 1745 Schlafrock — nicht Nachtgewand — kelet¬
1261 1629 2995 1871 det. Mit ihr kommen Johanna und Sala.
937 1775 3047 2000 Hans / ihr entgegen/ hieher Mama — nicht wahr?
1223 1901 3039 2135 /geleitet sie zu einem Sessel nahe dem
1231 2140 1745 2330 Klavter.
967 2242 3039 2522 Frau Pfl. /setzt sich/ willst Du nicht Licht
1253 2404 3050 2638 machen, Hans. /zu Sala/ es dunkelt se
1275 2627 1528 2791 früh.
1006 2679 3072 2910 Sala. Besonders in Ohrer alten, engen Gasse.
1003 2893 1962 3091 Hans /schaltet ein./
1006 2882 3226 3264 Frau Pflugf. Ja. Ich könnte es übrigens gewöhnt
1305 3223 1550 3382 sein.
1028 3264 3096 3539 Sala. Hier wohnen Sie jetzt, seit Sie verhei-
1327 3467 2412 3668 ratet sind, nicht wahr!
1041 3514 3003 3849 Frau Pflugf. Nicht ganz. Mein Mann ist ja
