3432 4264
2745 534 2896 720 54
874 736 3044 973 belangt, vor dem hab ich hetne Angst, das kann
1141 879 2942 1124 mir nichts anhaben. In den Termen des
1159 1043 3039 1213 Caracalla...... es ist Ihnen doch bekannt
1162 1203 2950 1416 wie versumpft dort der Boden ist!? —
1170 1332 3060 1545 habe ich als ganz junger Mann eine Rethe
1173 1494 3095 1693 der gefährlichsten Sommernächte verbracht
1173 1655 2354 1828 und bin gesund geblieben.
898 1780 2254 1990 Jul Das beweist doch nichts.
1186 1947 3033 2133 Immerhin einiges. Ich traf dort nämlich
901 2025 1159 2187 Sala.
1178 2079 3033 2268 mit einer Römerin zusammen., deren Haus
1205 2238 2812 2448 ganz Nahe am Eingang der appischen
1200 2386 3101 2594 Strasse stand — die bekam das Fteber und
1216 2548 3055 2718 starb sogar daran.... Nun froilich, ich
1216 2677 3049 2861 bin nicht mehr so jung wie damals, aber
1219 2839 2869 3039 ich fühle mich so weit ganz frisch.
941 3001 3022 3160 Jul.,/Ihm Digaretten anbietend / Rauchen Sie
1232 3217 1585 3341 nicht?
949 3298 2974 3502 Sala Danke, ich sollte eigentlich nicht...
1235 3449 3020 3662 na, es wird wohl weiter nicht schaden.
