3448 4232
2771 671 2947 791 136
1090 791 2962 1030 Die Mutter war bereit, so bereit als von
1108 1030 1791 1161 nur sein kann.
920 1143 2854 1359 Pflugf. O kommt Du auch als Tröster.....
1176 1281 2771 1467 jeder hat einen für mich vorrätig.
1126 1435 2930 1605 Erlösung sagt der eine und der andre :
1141 1583 2801 1781 ste ist hinüber ohne es zu wissen -
1153 1806 1548 1937 und...
957 1882 2804 2068 Hans. Und ich sage: sie wollte sterben.
977 2048 2922 2219 Pflguf. Nein, neine, nein,! es ist nicht
1176 2203 2982 2377 wahr! sie wollte nicht... sie konnte
1183 2314 3193 2543 noch gar nicht, sie durfte nicht sterben..
1226 2467 3143 2688 ste hat es nicht getan...... das was sie
1191 2656 3045 2844 alle meinen, hat sie nicht getan......
1209 2804 3231 3012 aber es ist ein Verdacht, der unwürdig ist!
1239 2957 3136 3153 Sie wäre ohne Abschied nicht von mir ge
1239 3093 3048 3314 gangen.... Ihr habt sie nicht gekannt
1266 3266 3244 3442 auch Du nicht, wenn Du so etwas vermutest.
1234 3430 3040 3613 Wir waren ja alle vorbereitet, dass es
1241 3590 3007 3759 auch plötzlich so enden könne. ; auch
