3496 4264
2824 572 2960 724 64
1201 732 3050 969 viel Jahre nichts mehr gemacht haben...
1213 873 3146 1116 immerhin es bleibt seltsam, dass se etwas
1221 1056 2213 1247 ganz aufhören sollte.
1185 1180 3128 1401 Seltsam?... netn... ich hab es doch mein
951 1275 1154 1391 Jul.
1239 1316 3184 1528 ganzes Leben lang gefühlt, dass es so kom-
1229 1551 1718 1718 men würde.
1234 1651 2471 1852 Das glauben Sie nur heute.
958 1687 1203 1842 Sala.
1208 1780 3066 2004 o nein, auch durch meine Sommertage ist
969 1873 1164 1999 Jul.
1249 1930 3140 2141 manchmal so ein Schauer vom nahen Herbst
1262 2076 3156 2311 geweht. Es war eben doch nur e in Licht
1262 2239 3192 2455 das mir die ganze Welt beleuchten musste.
1273 2352 3182 2592 nun ist es herabgebrannt - man muss sich
1280 2579 2370 2741 drein finden. /Pause/
1275 2664 3298 2914 Sie haben gewiss viel Schönes gemacht, seit
1296 2824 2633 3048 wir uns nicht gesehen haben?
1296 2978 3030 3200 Nun ja, bet mir kann es nie aufhören.
1012 3076 1260 3228 Sala.
1270 3120 3104 3370 Vielleicht weil Sie von denen sind, für
1025 3236 1221 3380 Jul.
1324 3259 3215 3501 die manchmal die Welt selbst zu leuchten
1316 3462 2447 3674 beginnt.... von Innen...
1036 3617 3112 3836 Sala. In guten Stunden mag es wohl so sein.
