3480 4232
2825 665 2989 779 164
1119 779 2845 960 gönnt Wesen heranzuziehen und zu be-
1152 912 3001 1142 wahren, bis andere mit besseren Rechten
1121 1101 3014 1273 kommen. Sie sind da, um sich aufzuopfern
1126 1257 3011 1416 und in diesem Opfer ihr armseliges Glück
1131 1399 2858 1570 zu finden. Und ich sage Ihnen, Sala :
1139 1600 2961 1756 dass ich eben jetzt zur Stelle war, das
1131 1719 3024 1890 könnt ich im Lauf der Dinge fast wie den
1139 1850 2958 2041 tiefern Sinn meiner Existenz empfinden.
1139 1973 2974 2160 Ich bin zurecht gekommen, um in Empfang
1144 2160 2356 2334 zu nehmen was mir gebührt.
955 2318 2316 2480 Sala. Was Ihnen gebührt?....
1192 2407 2943 2621 Ihnen klingen noch meine kleinmütigen
965 2510 1154 2651 Jul.
1147 2593 3039 2785 Worte von neulich im Ohr; aber ich fühle
1152 2775 3087 2916 mich nun nicht mehr allein, denn ich habe
1149 2878 2991 3079 nun eine Aufgabe : ich kann meinem Sohn
1154 3029 2759 3241 zur Seite stehen, wie ein Freund.
968 3183 2999 3415 Sala. Was helfen Ihnen dte virtuosen Läufe,
1147 3402 2875 3573 Julian, der Geigenkasten auf dem Sie
1162 3561 2339 3750 spielen hat einen Sprung.
