<?xml version="1.0" encoding="UTF-8" standalone="yes"?>
<PcGts xmlns="http://schema.primaresearch.org/PAGE/gts/pagecontent/2013-07-15" xmlns:xsi="http://www.w3.org/2001/XMLSchema-instance" xsi:schemaLocation="http://schema.primaresearch.org/PAGE/gts/pagecontent/2013-07-15 http://schema.primaresearch.org/PAGE/gts/pagecontent/2013-07-15/pagecontent.xsd">
    <Metadata>
        <Creator>prov=READ-COOP:name=TrHtr:version=2.1.0:model_id=51170:date=28_07_2023_18:34</Creator>
        <Created>2023-05-10T11:41:11.377+02:00</Created>
        <LastChange>2023-07-28T18:34:45.821+02:00</LastChange>
        <TranskribusMetadata docId="1428170" pageId="55390565" pageNr="107" tsid="131370592" status="IN_PROGRESS" userId="64420" imgUrl="https://files.transkribus.eu/Get?id=EEXFLENZCAESKQMASDJTLQLT&amp;fileType=view" xmlUrl="https://files.transkribus.eu/Get?id=SIPYAPJPNJQPUASNWSNTHSAI" imageId="44665451"/>
    </Metadata>
    <Page imageFilename="1428170_0107.jpg" imageWidth="3448" imageHeight="4248">
        <ReadingOrder>
            <OrderedGroup id="ro_1711802977952" caption="Regions reading order">
                <RegionRefIndexed index="0" regionRef="tr_1"/>
                <RegionRefIndexed index="1" regionRef="tr_2"/>
            </OrderedGroup>
        </ReadingOrder>
        <TextRegion id="tr_1" custom="readingOrder {index:0;}">
            <Coords points="1131,726 3107,726 3107,2350 1131,2350"/>
            <TextLine id="tr_1_tl_1" custom="readingOrder {index:0;}">
                <Coords points="2784,804 2806,809 2842,786 2852,799 2892,801 2925,786 2937,801 2965,807 2970,701 2950,696 2925,709 2899,693 2884,709 2867,709 2854,696 2829,701 2811,683 2789,686"/>
                <Baseline points="2800,782 2838,779 2883,779 2928,776 2973,776"/>
                <TextEquiv>
                    <Unicode>103</Unicode>
                </TextEquiv>
            </TextLine>
            <TextLine id="tr_1_tl_2" custom="readingOrder {index:1;}">
                <Coords points="1121,972 1304,1033 1769,962 2769,982 2847,957 2849,832 2565,814 2347,872 1907,814 1392,907 1123,864"/>
                <Baseline points="1134,958 1152,952 1197,952 1241,952 1286,952 1331,952 1376,949 1420,949 1465,949 1510,949 1555,946 1600,946 1644,946 1689,943 1734,943 1779,940 1823,940 1868,937 1913,937 1958,937 2003,934 2047,934 2092,934 2137,934 2182,931 2226,931 2271,928 2316,931 2361,928 2406,928 2450,925 2495,925 2540,925 2585,925 2629,922 2674,922 2719,919 2764,916 2809,916 2853,910"/>
                <TextEquiv>
                    <Unicode>Verbeugung erwiderte, hätten Sie (auch)</Unicode>
                </TextEquiv>
            </TextLine>
            <TextLine id="tr_1_tl_3" custom="readingOrder {index:2;}">
                <Coords points="1118,1128 2935,1126 2952,992 1422,1060 1241,1015 1118,1063"/>
                <Baseline points="1131,1116 1164,1116 1209,1113 1253,1113 1298,1110 1343,1110 1388,1107 1432,1104 1477,1104 1522,1104 1567,1104 1612,1101 1656,1101 1701,1101 1746,1098 1791,1098 1835,1095 1880,1095 1925,1095 1970,1095 2015,1092 2059,1092 2104,1092 2149,1092 2194,1089 2238,1086 2283,1086 2328,1086 2373,1086 2418,1083 2462,1086 2507,1083 2552,1083 2597,1083 2641,1083 2686,1080 2731,1077 2776,1077 2821,1074 2865,1071 2910,1068 2955,1068"/>
                <TextEquiv>
                    <Unicode>nicht dit leiseste Erinnerung aufleuch¬</Unicode>
                </TextEquiv>
            </TextLine>
            <TextLine id="tr_1_tl_4" custom="readingOrder {index:3;}">
                <Coords points="1133,1296 2992,1284 3023,1118 2749,1183 2131,1133 1874,1203 1136,1209"/>
                <Baseline points="1146,1268 1191,1265 1235,1262 1280,1262 1325,1262 1370,1259 1415,1259 1459,1259 1504,1259 1549,1256 1594,1256 1638,1256 1683,1256 1728,1253 1773,1253 1818,1250 1862,1250 1907,1250 1952,1247 1997,1250 2041,1250 2086,1247 2131,1247 2176,1244 2221,1244 2265,1241 2310,1241 2355,1238 2400,1238 2444,1238 2489,1238 2534,1238 2579,1235 2624,1235 2668,1235 2713,1232 2758,1232 2803,1232 2847,1229 2892,1229 2937,1226 2982,1226 3027,1223"/>
                <TextEquiv>
                    <Unicode>ten sehen, so wenig wie ich. Sie forder</Unicode>
                </TextEquiv>
            </TextLine>
            <TextLine id="tr_1_tl_5" custom="readingOrder {index:4;}">
                <Coords points="1138,1437 2884,1460 3068,1427 3070,1296 1141,1352"/>
                <Baseline points="1152,1417 1194,1417 1238,1417 1283,1415 1328,1415 1373,1415 1417,1415 1462,1412 1507,1412 1552,1412 1597,1412 1641,1412 1686,1412 1731,1409 1776,1406 1820,1403 1865,1403 1910,1403 1955,1403 2000,1400 2044,1400 2089,1397 2134,1397 2179,1397 2224,1397 2268,1394 2313,1394 2358,1394 2403,1394 2447,1391 2492,1391 2537,1391 2582,1391 2627,1388 2671,1388 2716,1385 2761,1385 2806,1382 2850,1382 2895,1382 2940,1379 2985,1376 3030,1376 3074,1370"/>
                <TextEquiv>
                    <Unicode>te mich auf sie zu besuchen, und ihre Stim</Unicode>
                </TextEquiv>
            </TextLine>
            <TextLine id="tr_1_tl_6" custom="readingOrder {index:5;}">
                <Coords points="1133,1598 2791,1600 3020,1580 3023,1462 1136,1515"/>
                <Baseline points="1146,1573 1149,1576 1194,1573 1238,1573 1283,1573 1328,1570 1373,1570 1417,1567 1462,1567 1507,1564 1552,1564 1597,1564 1641,1564 1686,1561 1731,1561 1776,1561 1820,1561 1865,1561 1910,1561 1955,1561 2000,1558 2044,1555 2089,1555 2134,1555 2179,1552 2224,1552 2268,1552 2313,1549 2358,1549 2403,1546 2447,1546 2492,1546 2537,1546 2582,1543 2627,1543 2671,1540 2716,1540 2761,1537 2806,1537 2850,1537 2895,1534 2940,1534 2985,1534 3030,1537"/>
                <TextEquiv>
                    <Unicode>me blieb ruhig, ihr Auge klar. Ich hätte</Unicode>
                </TextEquiv>
            </TextLine>
            <TextLine id="tr_1_tl_7" custom="readingOrder {index:6;}">
                <Coords points="1151,1751 1593,1729 1804,1784 2721,1703 2791,1744 2947,1706 2950,1628 1153,1663"/>
                <Baseline points="1164,1740 1209,1728 1253,1728 1298,1725 1343,1722 1388,1722 1432,1722 1477,1719 1522,1719 1567,1716 1612,1716 1656,1716 1701,1713 1746,1713 1791,1713 1835,1713 1880,1710 1925,1710 1970,1707 2015,1707 2059,1707 2104,1707 2149,1704 2194,1704 2238,1704 2283,1704 2328,1701 2373,1704 2418,1701 2462,1701 2507,1701 2552,1698 2597,1698 2641,1698 2686,1692 2731,1692 2776,1692 2821,1689 2865,1689 2910,1689 2955,1689"/>
                <TextEquiv>
                    <Unicode>glauben können, jene Zeit sei wie durch</Unicode>
                </TextEquiv>
            </TextLine>
            <TextLine id="tr_1_tl_8" custom="readingOrder {index:7;}">
                <Coords points="1141,1912 2920,1904 3038,1859 3038,1764 1143,1812"/>
                <Baseline points="1155,1880 1161,1880 1206,1877 1250,1877 1295,1877 1340,1874 1385,1874 1429,1874 1474,1871 1519,1871 1564,1868 1609,1871 1653,1868 1698,1865 1743,1865 1788,1865 1832,1865 1877,1865 1922,1862 1967,1862 2012,1859 2056,1859 2101,1856 2146,1856 2191,1856 2235,1856 2280,1853 2325,1853 2370,1853 2415,1856 2459,1853 2504,1853 2549,1850 2594,1850 2638,1850 2683,1850 2728,1847 2773,1847 2818,1847 2862,1844 2907,1844 2952,1841 2997,1841 3041,1844"/>
                <TextEquiv>
                    <Unicode>ein Wunder aus threm Gedächtnis geschwun¬</Unicode>
                </TextEquiv>
            </TextLine>
            <TextLine id="tr_1_tl_9" custom="readingOrder {index:8;}">
                <Coords points="1153,2045 2168,2073 2480,2013 2656,2063 3023,2013 3025,1935 1653,1947 1372,2005 1156,1957"/>
                <Baseline points="1167,2026 1194,2026 1238,2026 1283,2029 1328,2029 1373,2026 1417,2026 1462,2023 1507,2023 1552,2021 1597,2021 1641,2018 1686,2018 1731,2015 1776,2018 1820,2015 1865,2015 1910,2015 1955,2012 2000,2012 2044,2009 2089,2012 2134,2012 2179,2009 2224,2009 2268,2006 2313,2006 2358,2006 2403,2006 2447,2006 2492,2003 2537,2003 2582,2003 2627,2003 2671,2000 2716,2000 2761,2000 2806,1997 2850,1997 2895,1994 2940,1994 2985,1997 3030,2000"/>
                <TextEquiv>
                    <Unicode>den, wie etwas Geträumtes, nie Erlebtes.</Unicode>
                </TextEquiv>
            </TextLine>
            <TextLine id="tr_1_tl_10" custom="readingOrder {index:9;}">
                <Coords points="1148,2193 1274,2239 1550,2178 2432,2214 2776,2163 2904,2214 2907,2105 1151,2121"/>
                <Baseline points="1161,2179 1167,2182 1212,2182 1256,2182 1301,2182 1346,2182 1391,2182 1435,2179 1480,2179 1525,2179 1570,2176 1615,2173 1659,2173 1704,2173 1749,2170 1794,2170 1838,2170 1883,2170 1928,2167 1973,2167 2018,2164 2062,2164 2107,2164 2152,2164 2197,2164 2241,2167 2286,2164 2331,2161 2376,2161 2421,2161 2465,2158 2510,2158 2555,2158 2600,2155 2644,2155 2689,2152 2734,2152 2779,2152 2824,2152 2868,2152 2913,2155"/>
                <TextEquiv>
                    <Unicode>Und an diesem Abend sah ich auch Hans</Unicode>
                </TextEquiv>
            </TextLine>
            <TextLine id="tr_1_tl_11" custom="readingOrder {index:10;}">
                <Coords points="1148,2369 2930,2384 3100,2309 3100,2224 1148,2309"/>
                <Baseline points="1161,2340 1182,2340 1226,2337 1271,2337 1316,2334 1361,2337 1406,2334 1450,2331 1495,2331 1540,2331 1585,2334 1629,2331 1674,2328 1719,2328 1764,2328 1809,2328 1853,2328 1898,2328 1943,2328 1988,2325 2032,2328 2077,2325 2122,2322 2167,2322 2212,2322 2256,2322 2301,2322 2346,2319 2391,2319 2435,2319 2480,2316 2525,2313 2570,2313 2615,2310 2659,2313 2704,2310 2749,2310 2794,2310 2838,2310 2883,2307 2928,2307 2973,2304 3018,2301 3062,2298 3107,2292"/>
                <TextEquiv>
                    <Unicode>zum erstenmal., Er sass mit seiner Schues¬</Unicode>
                </TextEquiv>
            </TextLine>
        </TextRegion>
        <TextRegion id="tr_2" custom="readingOrder {index:1;}">
            <Coords points="680,2415 3182,2415 3182,3571 680,3571"/>
            <TextLine id="tr_2_tl_1" custom="readingOrder {index:0;}">
                <Coords points="1158,2502 1246,2548 1920,2490 2925,2512 3007,2399 2156,2442 1796,2389 1158,2452"/>
                <Baseline points="1173,2501 1176,2498 1220,2498 1265,2495 1310,2498 1355,2498 1400,2495 1444,2495 1489,2492 1534,2492 1579,2489 1623,2489 1668,2489 1713,2489 1758,2489 1803,2489 1847,2489 1892,2486 1937,2483 1982,2483 2026,2480 2071,2480 2116,2480 2161,2480 2206,2480 2250,2480 2295,2480 2340,2477 2385,2477 2429,2471 2474,2474 2519,2471 2564,2471 2609,2468 2653,2468 2698,2465 2743,2465 2788,2465 2832,2468 2877,2465 2922,2465 2967,2465 3012,2468"/>
                <TextEquiv>
                    <Unicode>ter ganz nahe von uns. Er sah damals in</Unicode>
                </TextEquiv>
            </TextLine>
            <TextLine id="tr_2_tl_2" custom="readingOrder {index:1;}">
                <Coords points="1151,2666 2967,2668 3073,2641 3075,2530 1151,2580"/>
                <Baseline points="1164,2647 1200,2647 1244,2647 1289,2647 1334,2644 1379,2644 1423,2641 1468,2641 1513,2638 1558,2638 1603,2635 1647,2635 1692,2635 1737,2635 1782,2632 1826,2632 1871,2632 1916,2632 1961,2632 2006,2629 2050,2632 2095,2632 2140,2632 2185,2629 2229,2629 2274,2629 2319,2627 2364,2627 2409,2627 2453,2624 2498,2621 2543,2621 2588,2621 2632,2621 2677,2621 2722,2621 2767,2621 2812,2621 2856,2621 2901,2621 2946,2618 2991,2615 3035,2612 3080,2609"/>
                <TextEquiv>
                    <Unicode>seinem braunen Sammtanzug mit dem offenen</Unicode>
                </TextEquiv>
            </TextLine>
            <TextLine id="tr_2_tl_3" custom="readingOrder {index:2;}">
                <Coords points="1138,2809 2771,2796 2980,2847 3065,2834 3068,2698 2706,2641 2369,2731 1138,2746"/>
                <Baseline points="1152,2800 1191,2800 1235,2800 1280,2800 1325,2800 1370,2797 1415,2797 1459,2797 1504,2797 1549,2794 1594,2794 1638,2791 1683,2788 1728,2788 1773,2788 1818,2788 1862,2788 1907,2785 1952,2785 1997,2785 2041,2785 2086,2782 2131,2782 2176,2782 2221,2779 2265,2779 2310,2782 2355,2779 2400,2779 2444,2776 2489,2776 2534,2776 2579,2776 2624,2773 2668,2773 2713,2770 2758,2770 2803,2770 2847,2770 2892,2767 2937,2764 2982,2764 3027,2761 3071,2758"/>
                <TextEquiv>
                    <Unicode>Kragen jünger aus als er war und ich ver¬</Unicode>
                </TextEquiv>
            </TextLine>
            <TextLine id="tr_2_tl_4" custom="readingOrder {index:3;}">
                <Coords points="666,2804 691,2806 726,2839 751,2839 769,2847 784,2834 794,2844 807,2844 807,2746 789,2746 779,2756 754,2734 721,2744 704,2729 663,2729"/>
                <Baseline points="680,2794 725,2794 770,2794 814,2797"/>
                <TextEquiv>
                    <Unicode>o</Unicode>
                </TextEquiv>
            </TextLine>
            <TextLine id="tr_2_tl_5" custom="readingOrder {index:4;}">
                <Coords points="1201,2995 2523,2950 2869,2992 3010,2960 3010,2844 2766,2796 2560,2869 1203,2912"/>
                <Baseline points="1214,2949 1223,2949 1268,2949 1313,2949 1358,2949 1403,2946 1447,2946 1492,2946 1537,2943 1582,2943 1626,2943 1671,2940 1716,2940 1761,2940 1806,2940 1850,2937 1895,2937 1940,2937 1985,2937 2029,2937 2074,2937 2119,2934 2164,2934 2209,2934 2253,2931 2298,2931 2343,2928 2388,2928 2432,2928 2477,2925 2522,2925 2567,2925 2612,2925 2656,2925 2701,2925 2746,2922 2791,2922 2835,2919 2880,2919 2925,2919 2970,2916 3015,2919"/>
                <TextEquiv>
                    <Unicode>sichre Ihnen, dass mir an diesem Abend</Unicode>
                </TextEquiv>
            </TextLine>
            <TextLine id="tr_2_tl_6" custom="readingOrder {index:5;}">
                <Coords points="1153,3148 2854,3131 3050,3088 3053,2995 1156,3020"/>
                <Baseline points="1170,3095 1176,3092 1220,3092 1265,3089 1310,3089 1355,3089 1400,3089 1444,3086 1489,3083 1534,3086 1579,3083 1623,3083 1668,3080 1713,3080 1758,3080 1803,3080 1847,3080 1892,3077 1937,3077 1982,3077 2026,3074 2071,3074 2116,3074 2161,3074 2206,3074 2250,3071 2295,3068 2340,3068 2385,3068 2429,3068 2474,3071 2519,3068 2564,3068 2609,3068 2653,3068 2698,3065 2743,3065 2788,3062 2832,3062 2877,3062 2922,3062 2967,3062 3012,3062 3056,3065"/>
                <TextEquiv>
                    <Unicode>nicht einmal die Ahnung von der Wahrheit</Unicode>
                </TextEquiv>
            </TextLine>
            <TextLine id="tr_2_tl_7" custom="readingOrder {index:6;}">
                <Coords points="1158,3274 2520,3264 2693,3317 3173,3244 3176,3133 2980,3186 2749,3121 2502,3186 1161,3168"/>
                <Baseline points="1173,3250 1212,3253 1256,3250 1301,3250 1346,3250 1391,3250 1435,3250 1480,3247 1525,3247 1570,3247 1615,3247 1659,3244 1704,3244 1749,3241 1794,3241 1838,3241 1883,3241 1928,3241 1973,3238 2018,3238 2062,3238 2107,3238 2152,3238 2197,3236 2241,3236 2286,3236 2331,3236 2376,3233 2421,3233 2465,3236 2510,3233 2555,3236 2600,3236 2644,3233 2689,3233 2734,3233 2779,3230 2824,3230 2868,3230 2913,3233 2958,3233 3003,3227 3047,3227 3092,3224 3137,3224 3182,3218"/>
                <TextEquiv>
                    <Unicode>kam. Und als ich ein paar Tage später, ohne</Unicode>
                </TextEquiv>
            </TextLine>
            <TextLine id="tr_2_tl_8" custom="readingOrder {index:7;}">
                <Coords points="1163,3452 2955,3430 3058,3417 3060,3317 1163,3329"/>
                <Baseline points="1176,3412 1182,3409 1226,3406 1271,3406 1316,3406 1361,3403 1406,3403 1450,3403 1495,3403 1540,3400 1585,3400 1629,3400 1674,3397 1719,3397 1764,3397 1809,3397 1853,3397 1898,3397 1943,3397 1988,3397 2032,3394 2077,3394 2122,3394 2167,3391 2212,3388 2256,3388 2301,3385 2346,3385 2391,3385 2435,3382 2480,3385 2525,3385 2570,3385 2615,3385 2659,3385 2704,3385 2749,3385 2794,3382 2838,3385 2883,3385 2928,3385 2973,3385 3018,3382 3062,3385"/>
                <TextEquiv>
                    <Unicode>sonderliche Erregung das Haus betrat, da</Unicode>
                </TextEquiv>
            </TextLine>
            <TextLine id="tr_2_tl_9" custom="readingOrder {index:8;}">
                <Coords points="1156,3563 2864,3603 3053,3568 3055,3417 1882,3505 1158,3450"/>
                <Baseline points="1170,3558 1179,3558 1223,3561 1268,3561 1313,3558 1358,3558 1403,3558 1447,3555 1492,3555 1537,3555 1582,3555 1626,3552 1671,3552 1716,3549 1761,3549 1806,3549 1850,3549 1895,3549 1940,3549 1985,3549 2029,3549 2074,3549 2119,3546 2164,3546 2209,3543 2253,3543 2298,3543 2343,3540 2388,3540 2432,3540 2477,3540 2522,3540 2567,3540 2612,3540 2656,3540 2701,3540 2746,3540 2791,3537 2835,3537 2880,3534 2925,3534 2970,3534 3015,3534 3059,3540"/>
                <TextEquiv>
                    <Unicode>dollt ich eben eine alte Geliebte wieder</Unicode>
                </TextEquiv>
            </TextLine>
        </TextRegion>
    </Page>
</PcGts>
