3432 4216
2697 603 2894 799 118
773 710 2886 1007 Joh. / lächelnd / Du denkst daran, dass ich
1067 991 2163 1145 Tänzerin werden wollte.
773 1127 1028 1229 Hans.
1059 1117 2946 1237 Ja, auch daran denk ich. Wie Du die gan¬
1054 1311 2896 1405 ze Erde durchreisen wolltest und so be¬
1051 1436 1788 1547 rilhmt werden—
765 1515 2613 1720 Joh. Dass mir Köntge die Füsse küssten.
755 1725 1009 1864 Hans.
1038 1680 2852 1872 / lüchelnd/ Nun ja, ich kann mir wohl
1046 1853 2949 2013 denken, dass Du heute andre Träume hegst
1028 2039 2923 2176 Aber warum willst Du sie mir heute nicht
1035 2131 1754 2338 mehr vertrauen?
747 2328 954 2453 Jon.
983 2294 2941 2477 Es hätte keinen Zweck. So können wir doch
1069 2448 2870 2671 nicht mehr mit einander reden, wie da-
1017 2658 1271 2758 mals.
726 2784 978 2915 Hans.
1020 2768 1324 2933 Warum?
723 2938 936 3072 Joh.
1017 2889 2710 3122 In die Welt wollt ich hinaus und mir
1001 3101 2933 3290 allen Ruhm und alles Glück ertanzen. Ach!
996 3201 2742 3421 was waren das damals für Wunderworte:
991 3384 2894 3591 die wette Welt! Die wette Welt, die für
980 3612 2896 3738 mich doch nichts andres war, als das an-
