3480 4232
2838 570 3018 718 158
938 693 2911 1024 Sala. Nicht so mein ich.... wenn ich Dich
1148 924 3118 1070 bäte zu bleiben — ganz bet mir zu bletben.
951 1072 3115 1338 Joh. Was für ein Einfall, vergtsst Dä jetzt...
965 1156 2682 1414 Sala. Wenn Du mit mir fortgingst -?
978 1422 1828 1561 Joh. Mit Dir?....
989 1440 2967 1715 Sala. Höre nur - Du willst ins Ungewisse
1234 1623 2886 1870 ins Unbekannte.... nun ja, aber der
1185 1782 3171 2010 erste Schritt, der erste Tag muss Dir doch
1199 2051 1768 2150 gewiss sein.
1002 2091 2341 2341 Joh. Ich versteh Dich nicht.
1013 2255 3096 2472 Sala. Denke drüber nach, Johanna. Ich will
1193 2408 2443 2599 Dich morgen wieder fragen.
1019 2580 1712 2763 Joh. Was? Was?
1032 2690 3155 2919 Sala. Ob Du mit mir die Ret e nach den Königs
1228 2838 3174 3107 gräbern wagen willst. Es gehört etwas Mut
1234 3002 2980 3206 dazu ; aber Du wärst nicht einmal die
1244 3158 2994 3378 einzige Frau — die Gräfin Linsky geht
1244 3408 1690 3556 auch mit.
1054 3513 2059 3744 Joh. Ich sollte — —:
