3480 4232
2869 563 3012 698 98
1213 708 3139 1008 volle Unbekümmertheit, seine Fülle, alle
1218 833 3237 1156 Hoffnungen künftiger wocheselvoller Freuden
1231 1018 3117 1283 einer Leidenschaft — nein einer Wallung
1243 1148 3089 1438 zum Opfer bringen, die,se stürmisch sie
1213 1296 3112 1588 war, begonnen hatte, wie manche andre vor¬
1271 1431 3279 1741 her und bestimmt war zu enden wie diese al¬
1278 1596 3177 1906 le? Und ahnte sich dieses Ende nicht in
1291 1761 3094 2051 den Zweifeln und Wünschen dieser Nacht
1301 1908 3277 2194 vorher? Und war es nicht klüger, sogar red
1313 2101 3192 2354 licher, - ja gegen stets selbst ehrlicher
1328 2236 3292 2494 gehandelt, enschlossen ein Ende zu machen?
1323 2376 3222 2674 Jetzt, da die ersten Zuelfel sich regten
1343 2529 3274 2764 und da es noch Zett war, als zuwarten bis
1358 2671 3207 2956 früher oder später kam, was doch kommen
1358 2869 3207 3122 musste: ein langes, klägliches aber un¬
1383 2974 3184 3264 abwendbares Vergehen und Sterben?....
1386 3124 3272 3409 Und alles das, was mir so durch den opf
1406 3314 3144 3599 fuhr, schrieb ich ihr - und noch viel
1411 3434 3207 3694 mehr natürlich - und erklärte dass nur
