3368 4264
2888 357 2992 564 40
858 598 3000 937 aus Träumen vielleicht — und der für Leute, de
1146 704 2918 1006 nen er begegnet etne Art von Schicksal
1207 884 2867 1144 bereit hat: entweder ein grosses Un-
1170 1017 3005 1289 glück, oder ein grosses Glück. Kurz ich
1181 1181 3090 1430 habe ihn für einen Menschen gehalten, der
1194 1321 2933 1588 allerlet sonderbares erlebt hat. Aber
1213 1483 2989 1739 dass er einmal ein wirklicher Künstler
1215 1649 2820 1911 war, davon hatte ich keine Ahnung.
1226 1774 2925 2052 Gehen Sie doch einmal ins Museum: Da
1239 1943 2997 2208 hängt in dem kleinen Saal bei den Me-
932 1933 1189 2137 sala.
1266 2107 3076 2330 dernen ein kleines Bild, benannt Schau¬
1279 2240 3058 2499 spielerin“. So stehts im Katalog. Eine
1266 2330 3127 2645 Dame auf einer leeen, dunkelt Bühne, den
1289 2550 2735 2806 Blick nach vorn gerichtet.....
1292 2663 3016 2939 Ja, das kenn ich. Es ist Irene Herms
1014 2854 1263 2994 Hans.
1326 2984 1845 3111 ich weiss.
1040 2978 3074 3275 Sala. Ja, sie sollte wohl ihre Züge haben.
1348 3214 2028 3429 ... sonderbar!
1064 3283 2994 3574 Frau Pflugf. Was ist denn? Was haben Stel
