3352 4088
2689 440 2875 628 195
956 699 2350 894 ste auf dem Rasen hingebettet.
768 837 2835 1022 Pflugf. Komm Hans, wir wollen sie holen. Das
974 996 2193 1173 gehört uns wohl beiden zu.
782 1145 2278 1359 Hans. Ich werde bei Dir bleiben.
785 1336 2158 1490 Pflugf. Bis sie begraben ist.
794 1399 2290 1624 Hans. Du wirst sehr alletn sein.
797 1542 3086 1790 Pflugf. Ich wünsche, dass Du an Deinen Entschlies
996 1773 1976 1941 sungen nicht. änderst.
799 1893 2113 2061 Hans. Aber ich will gern....
797 2033 2844 2207 Pflugf. Nein, ich bin einverstanden, dass Du
999 2190 2935 2407 gehtst. Als ich Deinen Brief las, hab ich
1045 2324 2789 2538 gefühlt, dass wir einander besser ver
1005 2467 2778 2701 stehen, als Du ahnst. Gefahren suchen,
1014 2669 2815 2841 heisst büssen wollen - und nenn es wie
1045 2755 2904 2986 Du willst.... Schtoksal, Zufall, Gott.
1014 2949 2809 3149 dem was Macht über uns hat, stelle ich
1019 3055 2818 3309 Dein Leben anheim. Vielleicht hast Du
1034 3246 2949 3437 tun dürfen, was Du getan, vielleicht bist
1031 3406 2778 3617 Du einer von denen, für die die alten
