3480 4264
2755 683 2939 802 174
1088 820 2863 1066 Das Schiff geht am zwölften von Benua
1106 1096 1285 1241 ab?
928 1123 2909 1382 Sala. Ja. Wir werden uns in Genua treffen.
934 1379 1527 1544 Hans. / ab /
1514 1625 2461 1841 4. Auftrtt.
1474 1800 2159 1994 Julian. Sala.
990 2056 2739 2289 Jul. Sie werden mit dem Grafen reden?
993 2243 2183 2467 Sala. Selbstverständlich.
1012 2421 2199 2615 Jul. Und Sie glauben....?
1012 2486 3144 2750 Sala. Sie hören doch, dass er jedenfalls ent
1217 2693 2731 2885 schlossen ist Wien zu verlassen.
1036 2834 3212 3055 Jul. Der Gedanke ihn jetzt wieder zu verlieren
1239 3009 2243 3203 ist mir unerträglich.
1053 3139 2858 3373 Sala. Verlieren, was Sie nie besessen?
1061 3292 3060 3516 Jul. Seine heutige Stimmung ist krankhaft,
1268 3446 3198 3719 sehen Stes denn nicht? Lassen Sie ihn mir
