3336 4136
1146 664 2952 886 nahe jugendlichen Hastigkeit. Ihr Haar
1166 854 2882 1068 ist dunkelblond und retch. Die Augen
1154 1003 3011 1185 heiter Manchmal gütig, leicht zu Tränen
1178 1180 2962 1360 geneigt. Sie tritt lächelnd ein, nickt
1154 1329 3105 1494 Sala freundlich zu und reicht Julian, der
1176 1465 3132 1643 ihr entgegen geht mit einem beinahe glück-
1180 1601 2728 1840 lichen Gesichtsausdruck die Hand.
1234 1750 3059 1969 Guten Abend. Na? / Sie hat die Gewohn¬
903 1791 1193 1947 Irene.
1173 1906 3081 2098 heit dieses "Na " mit einem fragend herz-
1144 2083 2436 2256 licken Ausdruck zu sagen, /
1173 2195 3049 2429 Hab ich also doch recht getan mich noch
1200 2358 3140 2582 ein paar Tage zu gedulden. Da hab ich ihn
1195 2507 3037 2706 ja wieder. / zu Sala /.. Wissen Sie wie
1161 2665 2998 2862 lang wir uns jetzt nicht gesehen haben?
927 2835 1984 3040 Jul. Anderthalb Jahre.
1273 2969 2918 3164 nicht hol. Jetzt erst lässt sie
935 3032 1231 3191 Irene.
1222 3096 3062 3315 Ihre Hand aus der seinen. / Ich glaube
1183 3237 3125 3488 das ist in unserm ganzen Leben noch nicht
1219 3444 3064 3675 vorgekommen. Und Dein letzter Brief ist
