3432 4216
2861 549 3033 659 117
1196 637 2995 928 der reden, wie früher einmal? Und ent¬
1199 836 2898 1094 befhrst Dus nicht auch ein wenägt Tät
1210 1046 3001 1221 es Dir nicht manchmal wohl Dich auszu-
1218 1148 3116 1350 sprechen, Diralles von der Seele zu plau¬
1210 1355 2925 1498 dern wie in frühern Tagen, da wir im
1207 1482 3087 1680 Garten oder auch im Freien spazieren ge-
1215 1646 3103 1828 gangen sind, Arm in Arm und uns allerlei
1215 1815 3025 2011 erzählt haben was het### anderer wissen
1218 1995 1570 2151 durfte?
1175 2052 2974 2277 Wie lang ist das her! Damals waren wir
930 2116 1140 2272 Joh.
1213 2294 1568 2447 Kinder.
1207 2388 3073 2611 Auch später noch viel spätet - zu einer
928 2436 1183 2597 Hans.
1269 2530 2987 2710 Zeit, da Deine Augen schon gerade so
1234 2745 3033 2901 sonderbar ins Leere schauten, wie eben
1223 2847 3119 3087 jetzt. Du hast mir viel seltsame Einfäl-
1240 3052 1909 3245 le anvertraut.
1194 3175 2619 3372 Waren sie wirklich so eeltsam?
952 3205 1153 3356 Joh.
946 3278 3108 3525 Hans. Mir erschtenen sie so. Und heute werden
1248 3436 3132 3700 ste Dir vielleicht selbst so erscheinen.
