3464 4264
2815 524 2958 685 51
904 766 1957 962 Sala. Und bletben....?
917 803 2950 1118 Jul. Wahrscheinlich nicht lange, Vielleicht
1207 1035 2064 1261 nur ein, zwet Tage.
954 1095 3057 1423 Sala. Schade. Ich hatte gehofft mich nun doch
1230 1274 3104 1543 wieder eine Zeit lang Ihrer Gesellschaft
1256 1415 3107 1704 erfreuen zu können. Sie haben mir manch-
1251 1590 3148 1853 mal gefehlt, wahrhaftig. Wie oft hab ich
1274 1746 3091 2012 heuer auf einsamen Spaziergängen an un-
1290 1869 3156 2140 sre schönen Plauderstunden im Dornbacher
1293 2056 2851 2294 Park gedacht, wo wir /zittierend /
1327 2213 3055 2452 dte tiefst und höchsten Dinge dieser
1332 2333 3211 2588 Welt " wenigstens vorläufig zu erledigen
1334 2520 3133 2768 pflegten. Nun, hoffentlich bleiben Sie
1353 2651 2961 2911 wenigstens so lange hier, als ich.
1824 2716 1970 2799 noch
1102 2864 2103 3088 Jul. Sie reisen fort?
1113 2966 3141 3234 Sala. Ja. Ich gedenke mit dem Grafen Lansky
1400 3169 2361 3367 nach Asten zu gehen.
1136 3250 3146 3555 Jul. Lanshy.... Sie schliessen dich der Ex-
2872 3419 2963 3555 1.0
1381 3490 1986 3722 pedition an!
