3464 4216
2671 552 2860 685 172
1016 738 2710 906 mit ihm halte ich Wunder für möglich
1024 864 2763 1008 so sehr ich weiss, dass es keine Wun
1027 1003 2763 1203 der gibt. Und als ich ihm heute begeg
1022 1156 2763 1339 nete und er sich von mir abwandte hat
1056 1289 2818 1460 mich einen Augenblick vor meiner Hand
1032 1505 2920 1662 geschaudert, wie ihm selbst, und ich bin
1024 1610 2576 1786 mir wie ein Schuldiger ersehenen.
1022 1765 2926 1936 Schuldig weil ich es ihm bin. Darum halt
1043 1925 2731 2085 ich es für besser, wenn ich mich auf
1037 2080 3010 2251 längere Zeit entferne. Von Professor Bern¬
1043 2259 2889 2403 hardt hab ich bereit Urlaub erbeten und
1029 2437 2855 2563 meinem Vater hab ich schriftliche Mit-
1053 2553 2947 2697 teilung von meinem Vorsatz gemacht. Ich
1050 2710 2976 2886 weiss, alles das wird vorüber gehen, aber
1053 2852 2894 3036 eins ist sicher: wenn es recht war, was
1103 3004 3025 3209 ich getan habe, meine Zweifel lehren mich
1058 3173 2786 3396 dass ich noch nicht reif war für das,
1093 3299 1689 3482 was ich tat.
861 3433 2970 3650 Sala. Die Stelle wird für Sie frei sein, ver¬
