3480 4264
2784 576 2913 719 53
865 719 2966 954 eine unbekannte Tiefe hthabführen. — denn bei
1141 876 2988 1102 der dreihundertswölften Stufe haben sie
1111 1025 2883 1213 aufgehört zu Graben, weiss Gott warum!
1155 1185 3043 1378 Ich kann Ihnen gar nicht sagen, wie mich
1174 1351 2384 1549 diese Stufen Intriguteren.
893 1499 3109 1706 Jul. Aber mir war immer, als wäre diese Relston
1188 1621 2842 1858 sche Expedition zu Grunde gegangen?
1193 1805 2894 1976 Es war nicht gar so schlimm. Von den
915 1863 1166 2004 Sala.
1210 1932 3035 2166 vierundzwanzig Europäern sind nach dret
1202 2056 2999 2318 Jahren immerhin acht zurückgekehrt, und
1221 2241 2977 2431 ein halbes Dutzend verloren sie schon
1229 2401 3021 2583 auf der Hinreise. Man kommt durch argo
1227 2516 3076 2770 Fiebergegenden. Dann gab es damals auch
1251 2707 3137 2883 einen Uebefall durch die Kunden, bei dem
1260 2850 3134 3070 einige draufgingen. Aber wir werden viel
1260 2971 3175 3181 besser ausgerüstet sein. Ueberdies tref-
1268 3148 3239 3354 fen wir an der Grenze mit einer russischen
1224 3288 3247 3476 Abteilung zusammen, die unter militärischer
1268 3465 3101 3652 Bedeckung retst. Und was das Fieber an-
