3448 4216
2846 561 3033 763 105
1160 748 3053 945 Möglichkeit gefasst sein musste, dass er
1180 907 3071 1089 diesem Manne einmal begegnen könnte. Und
1165 1072 3066 1236 von mir verlangte sie nichts andres, als
1160 1208 3111 1388 dass ich niemals ein Wort sprechen sollte
1160 1365 2967 1542 auch nicht zu ihr allein — das an jene
1145 1527 2985 1673 Zett mahnte. Ich wollte etwas erwidern,
1155 1668 2998 1822 wollte noch mancherlet fragen, denn sie
1153 1810 3048 1979 hatte die ganze Zeit gesprochen, wie von
1155 1979 3073 2131 einer Fremden, keine Silbe redete sie von
1142 2128 2904 2272 dem allen, was sie durchgemacht haben
1137 2305 2897 2414 musste, als ich sie verlassen und ste
1135 2388 3172 2608 sich Mutter fühlte. Sobald st das Tatsächli
1135 2583 2982 2755 che erledigt hatte sprach sie kein Wort
1127 2737 3013 2874 mehr über uns. Es war als fiele etre Tür
1137 2884 2937 3051 ins Schloss. In den ersten Jahren nach
1127 3043 3013 3202 dieser Wiederbegegnung hab ich nicht oft
1127 3185 2975 3374 Gelegenheit gehabt und genomme n, met nen
1097 3369 3000 3521 Sohn zu sehen! Und wenn ich ihn sah, so
1102 3488 2709 3700 hat sich nicht viel in mir geregt.
