3448 4216
2599 596 2694 745 8
1020 670 2833 941 Sklavins, drunten in Lydten, oder auch
1072 911 2885 1085 eine Prinzessin... das weiss ich nicht
1030 1050 1475 1249 so genau.
735 1221 1390 1425 Sala. Ach so!
735 1333 2587 1566 Joh. Glauben Sie nicht an solche Dinge?
747 1519 2038 1678 Sala. Im Allgemeinen nicht.
747 1656 2746 1854 Joh. Warum nicht?... Sie sollten an alles,
1035 1827 2929 1986 alles glauben, woran kein Andrer glaubt.
1028 1966 2929 2135 Wenn die Stunde dazu kommt tu ichs wohl.
750 1988 1000 2142 Sala.
757 2140 2639 2316 Joh. Ich kann mir alles eher vorstellen,
1000 2269 2793 2435 als dies: Noch-nte-dagewesen-sein. Es
1048 2458 2914 2619 gibt Augenblicke, in denen ich mich dun-
1087 2584 2242 2768 kel zu erinnern beginne.
2773 2691 2972 2847 C.H.F.P
1040 2743 2199 2944 Und so einer war damals?
757 2706 1003 2907 Sala
998 2895 2947 3061 Ja, xxx vor einem Jahr, als ich in einer
762 2942 966 3076 Joh.
998 3049 2343 3257 Sommernacht auf der Wiese...
1038 3240 2805 3364 /Mit einer zarten Bewegung der Hände,
1040 3376 2778 3562 als zeigte sie, wie die Kletter von
1058 3495 2758 3701 ihr herabgletten./ tanzte. Nein, es
