3384 4216
2856 529 2995 697 27
1179 643 2861 853 sprochen. Leb wohl, lteber Freund.
886 816 2972 1049 Pflugf. Leb wohl, ich danke Dir, Du hast sie
1174 982 2957 1192 sehr beruhigt, Bernhardt. Ja, die ge¬
1140 1163 2832 1340 drückte Stimmung ist fort. Leb wohl!
1174 1283 3068 1480 /An der Türe plötzlich ausbrechend, aber
1179 1474 2938 1648 nicht zu heftig./ Nein Bernhardt, das
1148 1620 2995 1785 wird das Schicksal nicht über mich ver-
1197 1741 3110 1951 hängen. Sage, Benhardt — sag mir die Wahr¬
1169 1946 1524 2104 heft! —
1210 2021 3021 2252 Wenn ich sie wüsste, ich würde sie dem
938 2112 1184 2293 Beth.
1257 2213 3011 2457 Kollegen nicht verschweigen. Heut über
1272 2402 2928 2565 uter Wochen werden wir wissen woran
1236 2537 2552 2723 wir sind, vielleicht früher.
1319 2646 3021 2853 Entschuldige, dass ich Dich so lange
941 2669 1293 2894 Pflugf.
1244 2853 1684 3045 aufhalte.
961 2951 2990 3174 Bern.Ich bliebe noch gen, aber toh muss an
1257 3148 3208 3319 den Hof, dort verlangen sie Pünktlichkeit.
959 3268 3014 3462 Pflugf. Das heutige Morgenbulletin über den
1298 3433 2871 3612 Erzherzog lautet ja sehr günstig.
