3448 4264
2932 594 3059 755 57.
1150 768 2949 989 interessieren konnten, erkundigte sich
1144 956 2979 1147 nach Schwester und Schwager... nach th¬
1158 1119 2993 1288 ren letzten Bühnenerfolgen..... kurz man
1155 1260 3051 1459 musste den Eindruck haben, als wenn sich
1177 1429 2977 1586 diese Frau sofort in einer unbegreifli¬
1180 1575 2883 1755 chen Weise in ihr Schicksal gefunden
1180 1805 1487 1940 hätte.
1197 1860 3037 2051 Und wie steht es heute? Ist sie gefasst
918 1940 1092 2081 Jul
1208 2092 1680 2222 geblieben.
931 2170 3001 2366 Sala. Man möcht es glauben. Sie klagt natür-
1216 2374 1932 2509 lich gar nicht.
942 2482 2637 2670 Jul- Und hoffnungslos sagen Stel....
953 2695 1390 2822 Sala. Ja.
962 2775 2957 2968 Jul. Und die andern — wie nehmen dies denn
1255 2990 1462 3126 au f?
967 3068 3192 3236 Sala. Nun, dem Gatten gegenüber scheint ihr das
1252 3187 3065 3375 Spiel zu gelingen; er steht sie ruhig
1269 3375 2919 3551 und glaubt, dass stes wirklich ist.
998 3471 3220 3690 Jul. Und er selbst hat sich drein ergeben, nach
