3480 4248
2790 567 2991 732 149
898 668 2996 943 Joh. Ich hab Dtrs ja schon gesagt: Fortgehen
1155 962 1518 1080 wie Du.
925 975 2256 1219 Sala. / schüttelt den Kopf /
927 1128 2918 1384 Joh. Nun ja, so bald als möglich.... jetzt
1130 1288 3071 1507 hab ich noch den Mut dazu; wer weiss, was
2213 1462 2338 1612 G.H.F.P.
1149 1462 2103 1662 später aus mir wird.
946 1606 3100 1825 Sala. So lang man jung ist, stehen alle Türen
1168 1777 2999 1970 offen und vor jeder Türe fängt die Welt
898 1964 1010 2095 30
1157 2044 1331 2138 an.
1213 1983 3071 2274 Aber erst, wenn man an niemandem hängt
983 2127 1192 2288 John.
1240 2202 2945 2424 ist die Welt weit und der Himmel un
1235 2341 2664 2568 endlich - darum will ich fort.
1288 2469 3001 2729 Fort... Das sagt sich so leicht. Du
1462 2547 1702 2646 mais dans
1016 2630 1259 2777 Sala.
1221 2624 3231 2894 sprichst es aus, als wenn Du Dir nur Flügel
1256 2787 3167 3036 ansulegen brauchtest, um in die Ferne zu
1229 2924 3108 3199 fliegen. Aber zu einer solchen Reise be
1272 3089 2996 3362 darf es Vorberettungen aller Art und
2435 3271 2528 3389 Z.
1248 3295 2330 3488 insbesondre einen Plan.
1122 3370 3188 3656 Joh. Vielleicht hab ich ihn — vielletcht ist
