3320 4232
2806 387 2952 609 80
1136 641 2998 926 lein zu sterben. Als alte Jungfer se zu
1143 855 2949 1072 sagen. Wenns gut geht erschein ich den
919 944 1111 1059 G.C.F.P.
1148 983 2902 1192 Urenkeln metner Schwester, min hundert
843 1099 1025 1195 I am Sir,
1143 1121 3023 1345 Jahren, als weisse Dame. Mit einem Wert:
1158 1313 2910 1518 Ich hab das schönste Leben ver mir...
1155 1481 1937 1668 was lachst denn?
1121 1604 3094 1813 Ich hab etne rechte reude, Dich so lustig
875 1653 1082 1764 Jul.
2306 1702 2560 1826 neue.
1163 1786 3107 1959 so jung wieder zu sehen Kein leerer Wahn
1170 1872 3136 2107 die Natur - (das ist die Landluft, Juliam)
1155 2033 1333 2126 G.C.F.P.
1170 2065 3149 2262 solltest Dl auch einmal vesuchen. Ich habe
1153 2183 1276 2262 G.C.P.
1173 2208 2966 2395 ja übehaupt meinen Beruf verfehlt. Der
1168 2350 3040 2481 I tebe Gott hat mich sicher zu einer Kuh¬
1180 2496 3028 2629 dirn oder zu einer Sennerin erschaffen
1170 2607 3131 2772 wollen, oder vielleicht zum Hirtenknaben..
1234 2759 3102 2927 Ich hab in Hosenrollen immer so gut aus¬
1192 2910 2897 3107 geschaut..... So - darf toh Dtr auch
1188 3104 3028 3230 gleich einschenken. / sie tut es / Haft
1183 3210 1912 3412 Du nichts dazu!
1146 3306 3043 3528 Ich will den Diener.... aber warte, ich
899 3425 1094 3540 Jul.
1183 3506 3082 3782 muss in der Tasche ein paar Cakes haben.
