3528 4232
2810 647 2995 771 168
1115 760 2856 966 ängstlich zeigen werde. Wenn es also
1105 925 3047 1146 nur daran liegt - ich betrachte mich als
1739 1112 1832 1246 P.S
1161 1141 1613 1295 gebunden.
1210 1277 3142 1436 reicht ihm die Hand hoch heute sprech
930 1310 1171 1454 Sala.
1143 1423 2903 1595 ich mit dem Grafen. / er steht auf die
1164 1562 3031 1747 Uhr. / Er ist in der Oper;. gleich nach
1169 1703 3065 1891 her such toh ihn auf und hoffe, dass ich
1135 1867 2949 2073 Ihnen einen günstigen Bescheid bringen
1135 2073 1423 2219 werde.
945 2165 2779 2356 Hans. Ich danke, Ihnen, Herr von Sala.
958 2368 3023 2523 Jul. Ja was ist denn das für ein plötzlicher
1128 2487 2841 2664 Einfall? Gestern hast Du ja noch gar
1148 2666 2255 2826 nicht daran gedacht —?
961 2813 2892 2962 Hans. Das stimmt nicht ganz — ich war nur
1192 2905 3116 3103 noch nicht entschlossen. Aber seit heu -
1176 3121 3124 3267 te bin ichs. Ich bin im Garten des Kran -
1166 3280 2939 3404 kenhauses meinem - Vater begegnet......
1202 3434 3157 3586 das erstemal seitdem. Er hat stch von mir
