3464 4248
2834 705 3004 840 136
856 832 1275 1007 Joh. So?
864 978 2996 1156 Irene. Nun ja, natürlich. Ich war ja so lang
1132 1169 3009 1328 nicht da und habe doch hier meine schön-
1153 1323 2906 1490 sten Tage verlebt. Alle Strasse, alle
1143 1493 2863 1641 Gärten sind voll von Erinnerung. Was
1143 1676 2951 1779 glauben Sie wo ich gestern war?... in
1137 1774 3025 1962 der Wohnung, wo ich als kleines Kind bis
1132 1941 2940 2105 zu meinem neunten Jahr gelebt hab. Das
1132 2094 3044 2240 war natürlich nicht so einfach. Es wohn###
1116 2211 2983 2368 ja fremde Leute dort. Ich habe mich un-
1132 2407 2927 2543 ter einem Vorwand eingeschlichen. Nach
1129 2511 2961 2699 einem Stubenmädchen hab ich mich erkun-
1116 2678 2893 2839 digt. Aber schliesslich hab ich so zu
1114 2850 2879 3028 weinen angefangen, dass die Leute was
1116 2983 2898 3200 gemerkt haben. Da hab ich die Wahrle tt
1159 3168 2975 3317 sagen müssen. Die Leute haben mich für
1114 3303 2999 3478 närrisch gehalten. Ein Bahnbeamter wohnt
1156 3452 2903 3622 dort mit einer Frau und zwei Kindern.
1076 3598 2906 3794 / Sie merkt, dass die andern nicht zu-
