3416 4216
2808 557 2994 681 101
1165 768 2563 959 von mir unter dem Herzen trug.
870 936 2166 1120 Sala. Sie wussten es nicht?
889 1080 2918 1246 Jul. Nein.... Und wie lange nicht! Auf je¬
1180 1251 2928 1412 nen Brief erfolgte keine Antwort. Als
1188 1393 3036 1540 ich nach Florenz zurückkehrte - im Früh¬
1183 1561 2910 1696 jahr darauf — war sie fort. Ich habe
1188 1696 2965 1853 nichts mehr von ihr gehört, jahrelang.
1199 1830 3086 2003 Es ist natürlich, dass die Erinnerung an
1207 2000 2997 2174 das ganze Abenteuer allmählich zu ver¬
1212 2187 2965 2340 blassen begann. Es wurde schliesslich
1220 2305 3133 2461 eines uner manchen andern. Ich hätte es
1220 2450 2960 2618 vielleicht vergessen, wie manches....
1220 2608 3065 2765 wenn. / Pause / Und wissen Sie, wann
1238 2781 2978 2960 ich ihr zum erstenmal wieder begegnet
1230 2978 1454 3084 bin?
954 3115 1459 3268 Sala. Nun?
962 3225 3073 3412 Jul. Sie einnern sich vielleicht nun, das vor
1254 3362 2957 3541 elf oder zwölf Jahren im Bösendorfer
1243 3536 3091 3717 Saal stattfand. Frau von Sala war eine
