3448 4264
2840 561 2974 687 52
891 744 2364 966 Sala. Ja, es ist meine Absicht.
897 871 2560 1075 Jul. Wie kommen Sie auf diese Idee?
915 1010 2989 1230 Sala. Solch ein Unternehmen reizt mich schon
1191 1170 2997 1380 seit langer Zeit; das ist schliesslich
1196 1336 3062 1522 nicht zu verwundern. Und da hab ich neu¬
1201 1488 2945 1672 lich den Bericht von Rolston gelesen.
1191 1628 3005 1822 Der hat mich geradezu erschüttert. Man
1230 1788 3098 1969 vermutet unter dem Schutt eine Stadt von
1220 1930 3103 2157 der Ausdehnung des heutigen London. Vor
1220 2106 3119 2315 sieben Jahrenist man in einen Palast hin-
1230 2240 2982 2426 abgestiegen und hat die wunderbarsten
1212 2405 2909 2589 Malereine gefunden. In einigen Gemä-
1238 2555 3108 2754 chern sollen sie vollständig ehalten ge-
1186 2705 3147 2858 wesen sein. Und dann haben sie Stufen aus¬
1243 2842 3119 3036 geschaufelt, aus etnem Marmor, der sonst
1152 2992 3067 3163 noch nirgend gefunden wurde., der viel-
1235 3150 3113 3354 leicht von einer Insel stammt, die seit¬
1245 3302 3137 3485 her ins Meer versunken ist. Drethundert
1245 3426 3113 3664 zwölf Stufen glänzend wie Opale, die in
