3368 4152
2715 723 2886 844 100
1131 858 2756 1042 Sie sich von einer Schuld bedrückt
1136 1010 3038 1206 fühlten.. Das war sogar die Zeit, glaub
1145 1189 2884 1377 tch, da Sie Ihre besten Sachen gemalt
1128 1338 1435 1514 haben.
1090 1473 2831 1666 Und ich weiss auch noch, dass ich nie
856 1495 1054 1613 Jul.
1136 1635 2966 1818 weder früher noch später - ein so herr-
1124 1784 2910 1956 liches Bewusstsein meiner Macht hatte,
1124 1946 2978 2136 ### als damals, da ich mich wie ein Be¬
1148 2110 2922 2279 fretter in die Welt stürzte, von einer
1119 2252 2961 2402 Laune in die andre, von einem Glück ins
1124 2397 2877 2513 andre, möcht ich betnah sagen. Hätte
1136 2558 2973 2746 toh damals erfahren, dass sie um metnet
1126 2701 2877 2874 willen gestorben sei, ich hätte mich
1126 2865 3055 2975 dessen wert gehalten. Und damals wär ichs
1119 3014 2937 3137 wohl auch wert gewesen. Und ich glaube
1136 3173 3019 3354 ich hätte sie selbst dann verlassen und
1119 3313 3053 3525 verlassen dürfen, wenn ich schon in jener
1112 3475 2930 3665 Nacht gewusst hätte, dass sie ein Kind
