3496 4264
2780 586 2962 737 129
795 771 2838 987 Sala. Kurz, wenn man dem glauben wollte, so
1074 932 2920 1146 kämen wir überhaupt ni lebendig an un-
1090 1067 2946 1299 ser Ztel. Aber Lansky denkt natürlich
1093 1236 3086 1410 nicht daran den Plan aufzugeben. Er glaubt
1101 1386 3060 1576 das ist von einer gewissen Partei in En###
1109 1526 2930 1729 land inspietert - wissenschaftliche Ei-
1164 1671 2838 1919 fersüchteleten. Es steht fest : Am
1117 1843 2883 2086 neunten November fahren wir von Genua
1170 2057 1336 2210 ab.
1365 2315 2310 2487 4. Auftritt.
1146 2458 2896 2682 Johanna. Hans. Irene. Sala. Pflugfel-
1159 2611 2202 2843 der kommt. Begrüssung.
884 2925 2925 3107 Pflugfelder. Guten Abend. Es ist nichts für
1172 3094 2426 3295 mich gekommen, nicht wahr?
892 3274 1666 3445 Joh. Nein Papa.
908 3416 2759 3596 Pfl. So kann man den Wagen wegschicken.
908 3535 3036 3751 Irene. Ich komme heut von Ihnen Abschied neh¬
