3336 4264
811 757 2778 1018 Frau Pflugf- Nein, das kann nicht sein.
808 916 2870 1141 Hans. Ganz bestimmt Mama. Ich hab ihn ja da-
1106 1052 2868 1306 mals besucht — zum erstenmal. Ich hab
1100 1167 2870 1467 Dirs ja erzählt. Er hat mir damals se
1126 1326 2880 1598 viel interessante Sachen gezeigt Auch
1139 1467 3042 1731 allerei Bilder und Skizzen, die er früher
1149 1698 2049 1896 einmal gemacht hat.
1147 1780 2886 2085 Ja, er hat viel Pietät für seine Ver¬
867 1906 1116 2096 Sala.
1157 2034 1685 2211 gangenheit.
1170 2106 2875 2342 Wunderschöne Sachen! Besonders Land¬
877 2196 1126 2365 Hans.
1190 2242 2991 2493 schaften... Ich war ziemlich erstaunt,
1193 2388 2932 2647 denn ich wusste gar nicht, dass er es
1198 2573 2775 2822 einmal so ernsthaft betrieben hat.
1200 2698 2998 2963 Ja, was haben Sie sich denn eigentlich
918 2768 1162 2996 Sala.
1213 2955 1601 3114 gedacht!
1198 3006 2998 3293 Das kann ich nicht so recht sagen. Als
926 3065 1182 3296 Hans.
1211 3122 3127 3419 Berufsmensch hab ich ihn mir nie gedacht.
1226 3291 2975 3553 Er war für mich ein Mensch, der immer
1239 3424 2947 3688 von weit her kommt - aus Abenteuern,
