3480 4264
2690 525 2827 636 63
1131 682 2844 935 vorbei ist, und dass ich menschlichen
1153 872 2852 1052 Gesetzen so gut unterworfen bin, wie
1158 1090 1683 1229 ein andrer.
1166 1138 2870 1361 Ich kann Ihre Erbitteung nicht recht
890 1250 1128 1384 Sala.
1184 1288 2976 1524 verstehen... Es bleibt einem doch noch
1189 1432 3057 1668 immer genug, auch wenn einem manche Ver¬
1199 1600 2981 1818 gnügungen der Jugend abgeschmackt oder
1204 1797 2155 2000 uhwürdig erscheinen.
1164 1891 2996 2122 Mir bleibt nahezu nichts. Mir war die se
935 2010 1133 2119 Jul.
1232 2018 3143 2256 ganze Welt eigentlich nie was andres, ab
1222 2208 2979 2423 Hintergrund und Coulissen und wenn es
1240 2337 3070 2555 nichts mehr zu erleben gibt — was hilft
1252 2472 3075 2702 mir die Dekoration, die stehen bleibt.?
1252 2578 3098 2834 Aber unsereins hat doch noch mancherlei
979 2750 1229 2890 Sala.
1270 2763 3108 2986 anderes..... ich meine: haben Sie nicht
1278 2885 3103 3146 versucht, wieder einmal etwas zu malen!
1001 3088 3027 3349 Jul. Sie wissen sehr gut, dass es damit für
1293 3283 2066 3473 mich vorbei ist.
1029 3394 3065 3663 Sala. Nun ja., toh weiss, dass Sie schon so
