<?xml version="1.0" encoding="UTF-8" standalone="yes"?>
<PcGts xmlns="http://schema.primaresearch.org/PAGE/gts/pagecontent/2013-07-15" xmlns:xsi="http://www.w3.org/2001/XMLSchema-instance" xsi:schemaLocation="http://schema.primaresearch.org/PAGE/gts/pagecontent/2013-07-15 http://schema.primaresearch.org/PAGE/gts/pagecontent/2013-07-15/pagecontent.xsd">
    <Metadata>
        <Creator>prov=READ-COOP:name=TrHtr:version=2.1.0:model_id=51170:date=28_07_2023_18:34</Creator>
        <Created>2023-05-10T11:41:02.141+02:00</Created>
        <LastChange>2023-07-28T18:34:26.256+02:00</LastChange>
        <TranskribusMetadata docId="1428170" pageId="55390085" pageNr="37" tsid="131370521" status="IN_PROGRESS" userId="64420" imgUrl="https://files.transkribus.eu/Get?id=DOJLAHSZSAJIHUWSAXLOSSOU&amp;fileType=view" xmlUrl="https://files.transkribus.eu/Get?id=AQHMRLRFSZRAFNMSMNZNKFLM" imageId="44664972"/>
    </Metadata>
    <Page imageFilename="1428170_0037.jpg" imageWidth="3448" imageHeight="4248">
        <ReadingOrder>
            <OrderedGroup id="ro_1711802888516" caption="Regions reading order">
                <RegionRefIndexed index="0" regionRef="tr_1"/>
                <RegionRefIndexed index="1" regionRef="tr_2"/>
            </OrderedGroup>
        </ReadingOrder>
        <TextRegion id="tr_1" custom="readingOrder {index:0;}">
            <Coords points="883,594 3062,594 3062,1819 883,1819"/>
            <TextLine id="tr_1_tl_1" custom="readingOrder {index:0;}">
                <Coords points="2898,735 2936,733 2952,749 2968,751 2987,741 3019,749 3027,553 3011,547 2982,566 2944,542 2907,547"/>
                <Baseline points="2916,647 2940,650 2985,647 3030,644"/>
                <TextEquiv>
                    <Unicode>33</Unicode>
                </TextEquiv>
            </TextLine>
            <TextLine id="tr_1_tl_2" custom="readingOrder {index:1;}">
                <Coords points="870,929 2147,851 2354,958 2861,902 2890,700 2488,639 2177,730 1640,706 872,843"/>
                <Baseline points="883,898 919,898 964,895 1009,895 1053,892 1098,892 1143,895 1188,895 1232,892 1277,892 1322,889 1367,886 1412,886 1456,880 1501,877 1546,874 1591,871 1635,871 1680,868 1725,868 1770,868 1815,865 1859,862 1904,862 1949,859 1994,856 2038,856 2083,850 2128,850 2173,847 2218,844 2262,844 2307,841 2352,841 2397,841 2441,841 2486,838 2531,838 2576,832 2621,832 2665,829 2710,829 2755,826 2800,823 2844,820 2889,823"/>
                <TextEquiv>
                    <Unicode>Frau Pflugf. Wenn Dus sagst Hans, muss tohs</Unicode>
                </TextEquiv>
            </TextLine>
            <TextLine id="tr_1_tl_3" custom="readingOrder {index:2;}">
                <Coords points="1151,1065 2026,1009 2287,1079 2890,1057 2936,910 1881,939 1779,998 1546,896 1159,929"/>
                <Baseline points="1170,1041 1197,1041 1241,1041 1286,1041 1331,1038 1376,1035 1420,1035 1465,1032 1510,1032 1555,1029 1600,1023 1644,1023 1689,1020 1734,1020 1779,1020 1823,1014 1868,1014 1913,1011 1958,1009 2003,1009 2047,1006 2092,1003 2137,1000 2182,997 2226,997 2271,994 2316,994 2361,994 2406,991 2450,988 2495,988 2540,988 2585,985 2629,985 2674,982 2719,979 2764,976 2809,973 2853,970 2898,967 2943,967"/>
                <TextEquiv>
                    <Unicode>wohl glauben. / zu Sala/. — er ist näm-</Unicode>
                </TextEquiv>
            </TextLine>
            <TextLine id="tr_1_tl_4" custom="readingOrder {index:3;}">
                <Coords points="1167,1208 2048,1159 2236,1245 2982,1226 3046,1197 3051,1047 1838,1119 1567,1041 1173,1065"/>
                <Baseline points="1182,1191 1220,1191 1265,1188 1310,1188 1355,1188 1400,1185 1444,1182 1489,1182 1534,1179 1579,1179 1623,1176 1668,1173 1713,1170 1758,1170 1803,1170 1847,1170 1892,1167 1937,1164 1982,1161 2026,1158 2071,1155 2116,1152 2161,1152 2206,1152 2250,1149 2295,1146 2340,1143 2385,1140 2429,1140 2474,1140 2519,1137 2564,1137 2609,1134 2653,1134 2698,1131 2743,1131 2788,1128 2832,1128 2877,1125 2922,1122 2967,1119 3012,1116 3056,1119"/>
                <TextEquiv>
                    <Unicode>lich der einzige unter meinen Aerzten zu</Unicode>
                </TextEquiv>
            </TextLine>
            <TextLine id="tr_1_tl_5" custom="readingOrder {index:4;}">
                <Coords points="1173,1393 2297,1302 2418,1374 2971,1371 2992,1218 1178,1232"/>
                <Baseline points="1191,1349 1206,1346 1250,1343 1295,1343 1340,1343 1385,1340 1429,1337 1474,1337 1519,1334 1564,1331 1609,1331 1653,1328 1698,1325 1743,1325 1788,1322 1832,1319 1877,1319 1922,1319 1967,1316 2012,1310 2056,1310 2101,1307 2146,1307 2191,1304 2235,1304 2280,1301 2325,1298 2370,1298 2415,1298 2459,1295 2504,1295 2549,1292 2594,1289 2638,1286 2683,1286 2728,1283 2773,1283 2818,1280 2862,1280 2907,1283 2952,1283 2997,1286"/>
                <TextEquiv>
                    <Unicode>dem ich vollkommenes Vertrauen habe...</Unicode>
                </TextEquiv>
            </TextLine>
            <TextLine id="tr_1_tl_6" custom="readingOrder {index:5;}">
                <Coords points="1170,1519 1938,1476 2415,1543 2601,1476 3051,1473 3054,1366 1476,1447 1175,1390"/>
                <Baseline points="1185,1498 1226,1498 1271,1498 1316,1498 1361,1495 1406,1495 1450,1492 1495,1489 1540,1489 1585,1486 1629,1483 1674,1480 1719,1477 1764,1477 1809,1474 1853,1474 1898,1468 1943,1468 1988,1468 2032,1465 2077,1465 2122,1462 2167,1462 2212,1459 2256,1456 2301,1453 2346,1450 2391,1450 2435,1447 2480,1450 2525,1447 2570,1444 2615,1444 2659,1441 2704,1441 2749,1441 2794,1438 2838,1438 2883,1435 2928,1429 2973,1429 3018,1426 3062,1429"/>
                <TextEquiv>
                    <Unicode>Aber sagt es dem Vater und dem Professor</Unicode>
                </TextEquiv>
            </TextLine>
            <TextLine id="tr_1_tl_7" custom="readingOrder {index:6;}">
                <Coords points="1175,1656 2190,1616 2386,1683 2807,1651 2888,1699 2915,1524 2222,1570 1989,1516 1597,1586 1379,1506 1181,1549"/>
                <Baseline points="1194,1647 1217,1644 1262,1644 1307,1641 1352,1641 1397,1638 1441,1635 1486,1635 1531,1632 1576,1632 1620,1629 1665,1626 1710,1626 1755,1623 1800,1623 1844,1620 1889,1618 1934,1618 1979,1615 2023,1612 2068,1612 2113,1609 2158,1609 2203,1609 2247,1609 2292,1606 2337,1603 2382,1600 2427,1597 2471,1597 2516,1594 2561,1594 2606,1591 2650,1588 2695,1588 2740,1585 2785,1582 2830,1582 2874,1579 2919,1582"/>
                <TextEquiv>
                    <Unicode>Benhardt nicht zurück. /streicht über</Unicode>
                </TextEquiv>
            </TextLine>
            <TextLine id="tr_1_tl_8" custom="readingOrder {index:7;}">
                <Coords points="1194,1817 1846,1787 2144,1868 2721,1846 2724,1712 2515,1661 2056,1728 1871,1699 1817,1747 1197,1744"/>
                <Baseline points="1209,1809 1253,1803 1298,1803 1343,1800 1388,1800 1432,1797 1477,1794 1522,1794 1567,1794 1612,1791 1656,1788 1701,1788 1746,1785 1791,1785 1835,1785 1880,1785 1925,1779 1970,1779 2015,1776 2059,1773 2104,1773 2149,1770 2194,1770 2238,1767 2283,1764 2328,1764 2373,1761 2418,1758 2462,1758 2507,1755 2552,1755 2597,1755 2641,1755 2686,1758 2731,1758"/>
                <TextEquiv>
                    <Unicode>seine Hand/. Metn lieber Bub....</Unicode>
                </TextEquiv>
            </TextLine>
        </TextRegion>
        <TextRegion id="tr_2" custom="readingOrder {index:1;}">
            <Coords points="916,1881 3104,1881 3104,3646 916,3646"/>
            <TextLine id="tr_2_tl_1" custom="readingOrder {index:0;}">
                <Coords points="902,1970 1055,2005 1358,1951 1492,1975 1728,1932 1803,1965 1908,1938 1911,1863 1769,1881 1672,1841 1567,1889 1422,1900 1390,1868 1307,1903 1261,1871 1218,1908 1135,1846 907,1825"/>
                <Baseline points="916,1967 931,1964 976,1964 1020,1961 1065,1961 1110,1961 1155,1961 1200,1958 1244,1955 1289,1952 1334,1949 1379,1949 1423,1946 1468,1943 1513,1943 1558,1940 1603,1940 1647,1937 1692,1934 1737,1931 1782,1931 1826,1931 1871,1931 1916,1934"/>
                <TextEquiv>
                    <Unicode>Hans/küsst thre Hand/</Unicode>
                </TextEquiv>
            </TextLine>
            <TextLine id="tr_2_tl_2" custom="readingOrder {index:1;}">
                <Coords points="912,2147 1012,2190 1522,2099 1812,2182 2566,2163 2971,2093 2976,1978 915,2050"/>
                <Baseline points="928,2119 964,2116 1009,2116 1053,2113 1098,2113 1143,2113 1188,2110 1232,2110 1277,2107 1322,2110 1367,2107 1412,2104 1456,2104 1501,2101 1546,2095 1591,2095 1635,2095 1680,2092 1725,2089 1770,2089 1815,2086 1859,2086 1904,2083 1949,2083 1994,2083 2038,2080 2083,2077 2128,2077 2173,2074 2218,2071 2262,2071 2307,2068 2352,2068 2397,2065 2441,2065 2486,2062 2531,2062 2576,2062 2621,2059 2665,2056 2710,2056 2755,2056 2800,2056 2844,2056 2889,2050 2934,2050 2979,2050"/>
                <TextEquiv>
                    <Unicode>Frau Pflugf. Schickt mich nur bald fort, ich</Unicode>
                </TextEquiv>
            </TextLine>
            <TextLine id="tr_2_tl_3" custom="readingOrder {index:2;}">
                <Coords points="1197,2273 1444,2262 1522,2295 1642,2249 1726,2284 1871,2252 1876,2166 1602,2195 1567,2171 1471,2217 1420,2190 1393,2209 1312,2193 1272,2222 1232,2190 1200,2201"/>
                <Baseline points="1212,2262 1253,2256 1298,2256 1343,2256 1388,2253 1432,2253 1477,2250 1522,2250 1567,2247 1612,2247 1656,2244 1701,2241 1746,2238 1791,2238 1835,2238 1880,2238"/>
                <TextEquiv>
                    <Unicode>sehne mich so.</Unicode>
                </TextEquiv>
            </TextLine>
            <TextLine id="tr_2_tl_4" custom="readingOrder {index:3;}">
                <Coords points="921,2440 1991,2386 2123,2466 2515,2421 2646,2466 2700,2453 2705,2260 2222,2332 926,2354"/>
                <Baseline points="937,2421 964,2421 1009,2418 1053,2418 1098,2415 1143,2415 1188,2415 1232,2409 1277,2406 1322,2406 1367,2403 1412,2403 1456,2400 1501,2397 1546,2397 1591,2397 1635,2394 1680,2394 1725,2391 1770,2388 1815,2388 1859,2388 1904,2385 1949,2382 1994,2382 2038,2382 2083,2376 2128,2376 2173,2376 2218,2373 2262,2373 2307,2370 2352,2367 2397,2367 2441,2364 2486,2361 2531,2361 2576,2358 2621,2358 2665,2361 2710,2358"/>
                <TextEquiv>
                    <Unicode>Sala. Wehin denken Sie denn zu reisen?</Unicode>
                </TextEquiv>
            </TextLine>
            <TextLine id="tr_2_tl_5" custom="readingOrder {index:4;}">
                <Coords points="929,2590 1699,2544 1962,2662 2252,2593 2759,2619 3081,2552 3086,2415 1841,2499 1484,2402 931,2507"/>
                <Baseline points="943,2564 985,2564 1029,2564 1074,2561 1119,2561 1164,2561 1209,2561 1253,2558 1298,2558 1343,2558 1388,2555 1432,2552 1477,2552 1522,2549 1567,2549 1612,2543 1656,2543 1701,2540 1746,2540 1791,2540 1835,2537 1880,2537 1925,2534 1970,2534 2015,2531 2059,2528 2104,2528 2149,2528 2194,2528 2238,2525 2283,2522 2328,2519 2373,2519 2418,2519 2462,2516 2507,2516 2552,2513 2597,2513 2641,2510 2686,2510 2731,2510 2776,2507 2821,2504 2865,2501 2910,2498 2955,2498 3000,2495 3044,2492 3089,2498"/>
                <TextEquiv>
                    <Unicode>Frau Pflugf. In den Süden jedenfalls.... nicht</Unicode>
                </TextEquiv>
            </TextLine>
            <TextLine id="tr_2_tl_6" custom="readingOrder {index:5;}">
                <Coords points="1210,2772 1355,2716 1441,2745 1492,2713 1747,2716 1752,2563 1675,2579 1616,2555 1535,2579 1500,2568 1449,2598 1406,2582 1218,2590"/>
                <Baseline points="1229,2713 1262,2707 1307,2707 1352,2707 1397,2704 1441,2704 1486,2704 1531,2701 1576,2698 1620,2695 1665,2692 1710,2692 1755,2698"/>
                <TextEquiv>
                    <Unicode>wahr, Hans!</Unicode>
                </TextEquiv>
            </TextLine>
            <TextLine id="tr_2_tl_7" custom="readingOrder {index:6;}">
                <Coords points="929,2896 977,2893 1001,2915 1031,2890 1141,2872 1277,2907 1318,2874 1369,2904 1428,2877 1508,2882 1514,2713 1436,2740 1355,2713 1235,2783 1210,2759 1095,2802 1031,2775 931,2799"/>
                <Baseline points="946,2868 976,2868 1020,2868 1065,2865 1110,2865 1155,2865 1173,2865 1206,2865 1250,2862 1295,2859 1340,2856 1385,2856 1429,2856 1474,2853 1519,2856"/>
                <TextEquiv>
                    <Unicode>Hans /ntokt/</Unicode>
                </TextEquiv>
            </TextLine>
            <TextLine id="tr_2_tl_8" custom="readingOrder {index:7;}">
                <Coords points="934,3033 2796,3025 3000,2998 3006,2839 1857,2904 1685,2799 1412,2904 937,2928"/>
                <Baseline points="949,3015 991,3015 1035,3015 1080,3018 1125,3015 1170,3015 1214,3015 1259,3015 1304,3015 1349,3012 1394,3009 1438,3009 1483,3009 1528,3003 1573,3000 1618,3000 1662,2997 1707,2997 1752,2994 1797,2991 1841,2991 1886,2991 1931,2988 1976,2985 2021,2985 2065,2982 2110,2979 2155,2979 2200,2979 2244,2976 2289,2976 2334,2973 2379,2973 2424,2970 2468,2967 2513,2967 2558,2967 2603,2964 2647,2961 2692,2958 2737,2958 2782,2958 2827,2958 2871,2955 2916,2952 2961,2949 3006,2946"/>
                <TextEquiv>
                    <Unicode>Frau Pflugf. Was meinst Du Johannal Wirst Du</Unicode>
                </TextEquiv>
            </TextLine>
            <TextLine id="tr_2_tl_9" custom="readingOrder {index:8;}">
                <Coords points="1213,3170 1865,3153 2077,3234 2754,3172 2944,3234 3094,3194 3100,3022 1444,3110 1218,3019"/>
                <Baseline points="1229,3164 1268,3161 1313,3161 1358,3161 1403,3161 1447,3161 1492,3158 1537,3155 1582,3152 1626,3149 1671,3149 1716,3146 1761,3146 1806,3146 1850,3146 1895,3143 1940,3140 1985,3140 2029,3137 2074,3137 2119,3134 2164,3131 2209,3131 2253,3128 2298,3128 2343,3125 2388,3125 2432,3125 2477,3122 2522,3119 2567,3119 2612,3116 2656,3113 2701,3113 2746,3113 2791,3110 2835,3110 2880,3110 2925,3107 2970,3107 3015,3104 3059,3098 3104,3098"/>
                <TextEquiv>
                    <Unicode>mich gern begletten! Meinem blassen Kind</Unicode>
                </TextEquiv>
            </TextLine>
            <TextLine id="tr_2_tl_10" custom="readingOrder {index:9;}">
                <Coords points="1229,3347 2265,3301 2268,3204 2238,3199 1618,3255 1425,3164 1235,3175"/>
                <Baseline points="1244,3313 1286,3316 1331,3313 1376,3313 1420,3313 1465,3310 1510,3307 1555,3307 1600,3307 1644,3304 1689,3304 1734,3301 1779,3301 1823,3301 1868,3298 1913,3295 1958,3292 2003,3292 2047,3292 2092,3292 2137,3289 2182,3286 2226,3286 2271,3295"/>
                <TextEquiv>
                    <Unicode>wird es auch wohl tun.</Unicode>
                </TextEquiv>
            </TextLine>
            <TextLine id="tr_2_tl_11" custom="readingOrder {index:10;}">
                <Coords points="942,3510 1710,3478 1803,3467 1806,3411 1752,3387 1350,3419 1283,3387 1194,3435 945,3392"/>
                <Baseline points="958,3483 1003,3480 1047,3477 1092,3477 1137,3474 1182,3477 1226,3471 1271,3471 1316,3471 1361,3468 1406,3468 1450,3468 1495,3465 1540,3462 1585,3459 1629,3459 1674,3459 1719,3459 1764,3459 1809,3462"/>
                <TextEquiv>
                    <Unicode>Sala. Hetmoeh?...</Unicode>
                </TextEquiv>
            </TextLine>
            <TextLine id="tr_2_tl_12" custom="readingOrder {index:11;}">
                <Coords points="955,3639 1744,3618 1844,3682 2684,3588 3033,3685 3038,3492 1675,3556 1312,3478 958,3567"/>
                <Baseline points="970,3636 982,3636 1026,3636 1071,3633 1116,3630 1161,3630 1206,3630 1250,3630 1295,3630 1340,3630 1385,3630 1429,3627 1474,3624 1519,3624 1564,3618 1609,3615 1653,3615 1698,3612 1743,3612 1788,3612 1832,3609 1877,3606 1922,3603 1967,3603 2012,3600 2056,3600 2101,3600 2146,3597 2191,3597 2235,3597 2280,3594 2325,3591 2370,3591 2415,3591 2459,3588 2504,3591 2549,3591 2594,3585 2638,3585 2683,3585 2728,3582 2773,3582 2818,3579 2862,3579 2907,3576 2952,3576 2997,3573 3041,3576"/>
                <TextEquiv>
                    <Unicode>Frau Pflugf. Ah Sie denken dran, dass ich in</Unicode>
                </TextEquiv>
            </TextLine>
        </TextRegion>
    </Page>
</PcGts>
