3448 4232
2703 614 2881 731 139
1050 781 2897 981 wollte., dass sie Tage und Nächte voll
1098 927 2894 1159 Grauen und Todesangst vor sich sah....
869 1135 1738 1347 Pflugf. Wetter....
877 1228 3019 1467 Hans. Ich weiss nur, dass sie vor mir auf den
1074 1432 2974 1621 knien gelegen ist - meine Mutter auf den
1079 1589 2915 1783 Knten vormir — und mich angefleht hat -
1095 1733 2514 1927 und es war nicht das erstemal.
914 1889 2025 2078 Pflugf. Angefleht Hans!
917 1993 2968 2211 Hans. Und ich hab es gewusst, wie elend sie
1119 2158 3019 2352 war — und habe gewsst, dass es keine Ret
1140 2344 2955 2501 tung für sie gab.... und habe gewusst
1145 2474 3045 2681 dass es nur immer furchtbarer werden kon
1196 2604 3043 2854 te - und ich habe getan, vorum s te mich
1199 2841 1788 3014 gebeten hat.
967 3006 1927 3154 Pflugf. Du hast....
957 3067 3016 3335 Hans. Ich habe ihr gegeben, was sie wollte.
981 3282 1852 3457 Pflugf. Hans!.....
983 3412 2987 3606 Hans. Ja, das hab ich getan und ich nehm xxx
