3496 4232
2728 494 2866 630 67
1071 693 2695 939 messene Entfernungen — auch in der
1085 826 2935 1096 Freundschaft. Und ganz besonders in der
1091 1011 2910 1215 Liebe. Es kommt doch der Tag., wo man
1104 1187 2132 1405 zu keinem mehr gehört.
1127 1345 2198 1557 /der Dienertritt ein /
850 1546 1538 1706 Jul. Was gibt?
856 1574 2897 1836 Diener. Fräulein Hems fragt, ob der gnädige
1146 1800 2143 1966 Herr zu sprechen sei.
1116 1949 2250 2157 Gewiss ich lassa bitten.
881 2021 1091 2168 Jul.
1149 2134 1809 2289 Diener ab.
900 2176 3126 2444 Sala. Nun, ich werde Sie verassen. Sie bekommen
1190 2386 2375 2593 angenehmere Gesellschaft.
1433 2687 2366 2886 2. Auftritt
1226 2836 2261 3057 Irene Herms tritt ein.
1234 2960 3076 3214 Irene ist etwa vierzig Jahre alt, steht
1237 3123 3040 3366 aber jünger aus. Sie ist einfach, aber
1259 3272 3153 3485 geschmackvoll gekleidet. Ihre Bewegungen
1265 3438 3054 3700 sind lebendig, suweilen von einer bei-
