3336 4152
1152 676 2858 952 auch schon zwei Monate alt. Ich sage
1168 837 2944 1040 "Brief" um mich nicht zu blamieren. Es
1174 995 3059 1227 war aber nur eine Anstchtskarte. Wo bist
1168 1147 2866 1334 Du denn nur überall herumgeflogen.?
1134 1315 2941 1516 Sets Dich doch dann wirst Du alles er-
893 1380 1102 1548 Jul.
1182 1479 2896 1652 fahren. Und gib den Hut herunter. Du
1206 1634 2420 1832 bleibst doch ein bisschen?
1249 1722 2957 2000 Selbstverständlich.... nein, wie gut
920 1810 1214 2003 Irene.
1198 1856 3035 2115 Du ausstehst. / zu Salz. / Schön, nicht
1214 2080 3016 2254 wahr? Ich habs immer gesagt, mit einem
1227 2203 3059 2481 grauen Bart wirstDu am interessantesten
1227 2430 1476 2604 setn.
1233 2505 3040 2706 Hab ichs nicht gewusst, jetzt bekommen
952 2535 1201 2733 Sala.
1235 2690 2722 2890 Sie angenehmere Dinge zu hören
968 2794 3072 3032 Irene. Wiesel - Ach Sie sind natürlich wieder
1246 2989 2243 3198 grob mit ihm gewesen.
981 3158 1735 3353 Sala. Natürlich!
992 3297 3142 3479 Irene. Und Du hast Dir alles gefallen lassen.
989 3505 1725 3700 Jul. Alles....
