3384 4152
2711 605 2894 763 162
860 770 2644 965 Sala. Und das neugeschaffenen Verhält
1053 948 1513 1131 nis wäre?
873 1073 2881 1288 Jul. Dass der, den er bisher für seinen Va
1111 1236 2861 1421 ter hielt in derselben Stunde von ihm
1103 1366 3089 1576 abfiel, da er ihn mehr hätte lieben müssen
1113 1563 2929 1726 als je vorher. Und wenn Hans sich wirk
1156 1716 2821 1878 lich jemals mit ihm zusammengehörig
1071 1871 2974 2024 gefühlt hat — was ich bezweifle — in die
1073 2004 2934 2196 ser Stunde ist ihm der ungeheure Wesens
1081 2151 3007 2334 unterschted bewusst geworden, der ihn von
1126 2324 2964 2479 diesem Manne trennt. Ich glaube mancher
1063 2456 3007 2639 andre, auch Geringere hätte einen solchen
1063 2599 2919 2761 Sohn nach jenem Geständnis an sein Herz
1076 2776 2971 2966 geschlossen, in Verzweiflung vielleicht.
1083 2916 2871 3084 aber gewiss in Bewunderung. Und er war
1091 3084 3014 3277 sofort bereit an Wunder und höhere Mächte
1123 3254 2886 3397 zu glauben, nur um nicht verstehen zu
1081 3412 2974 3567 müssen, dass gewissen Menschen das Recht
