3448 4264
2856 621 2982 745 60
1199 775 2934 1010 de bereiten, wenn sie Sie noch einmal
1108 970 1964 1139 m sprechen könnte.
1202 1083 2944 1288 Sie glauben?.... Sie irren sich ver¬
919 1131 1116 1250 Jul.
1202 1220 3088 1404 mutlich. Ich glaube eber, dass ich nicht
1204 1369 3063 1566 hingehen werde. Vielleicht fahre ich so-
1215 1533 2528 1747 gar morgen früh wieder fort.
1217 1727 1381 1853 So?
939 1725 1179 1856 Sala.
937 1836 2964 2010 Jul. Ja. Ich will trgend wohin, wo es keine
1212 1972 3108 2131 Menschen gibt, die ich kenne. Man sollte
1227 2126 2977 2313 in einem gewissen Alter überhaupt nie
1235 2235 3033 2452 wieder den Ort betreten, wo man seine
1235 2434 3033 2591 jüngern Tage verbracht hat; man findet
1252 2573 2629 2740 doch när Elend und Tod wieder.
1250 2699 3027 2916 Warum sind Sie denn eigentlich zurück-
962 2772 1209 2921 Sala.
1209 2916 1656 3065 gekommen?
1209 2997 3093 3209 Zurückgekommen - 7 Sie drücken sich viel-
965 3093 1172 3224 Jul.
1252 3174 3096 3346 leicht nur falsch aus. Ich berühre eben
1262 3346 3242 3515 auch wieder einmal meine Heimat. Dann gibt
1265 3482 2671 3686 es ja immer Einiges zu ordnen.
