3480 4232
2772 553 2956 727 173
1115 807 2162 1029 lassen Silsich darauf.
939 962 2322 1195 Jul. Und wenn nicht, was dann?
944 1084 2982 1342 Hans. Es wird sich auch eine andre für mich
1159 1234 2881 1474 finden, jedenfalls verlass ich Wien..
970 1389 3000 1629 Sala. Noch heute Abend, von Lansky, komme ich
1164 1596 2103 1753 zu Ihnen ins Spital.
978 1681 2995 1937 Hans. Sie sind sehr gütig, ich danke Ihnen.
1174 1857 3026 2033 Nun will ich abergehen, auf Wiedersehen
1270 1960 3049 2209 Herr von Sala. Adteu Herr.... auch Ih
1203 2147 3067 2328 nen dank ich sehr, Sie waren mir in die¬
1257 2328 2899 2501 sen Tagen..... nun ich danke Ihnen.
1223 2449 3230 2695 Und falls ich Sie nicht mehr sehen sollte..
1040 2669 1963 2842 Jul. Nicht mehr -?
1042 2765 3129 3021 Hans. Nun ja, es wäre möglich. Wie immeßs ich
1288 2889 3088 3132 die Sache entscheidet, ich habe die Ab
1270 3060 2997 3308 sicht so bald als möglich abzureisen.
1296 3184 3101 3435 Hier kann ich doch nichts rechtes mehr
1314 3437 1772 3636 anfangen.
