3416 4216
2596 612 2749 719 15
719 741 2730 952 Hans. Ja, Herr Professor.... Sie entschul-
1027 904 3003 1088 digen.... wir hatten uns eben alle geirrt.
733 1072 2644 1278 Hernh. Das kann uns ja wieder passieren.
1013 1246 1428 1433 /Pause/.
738 1350 2751 1599 Hans. Also Sie haben die gleiche Vermutung
1037 1556 2289 1749 wie ich, Herr Professor.!
1083 1660 2837 1882 Wann haben Ste die Augenspiegelunter-
754 1749 1045 1914 Bernh.
1037 1837 2842 2021 suchung gemacht — die erste, mein icht
1045 2013 2853 2158 Vor acht Tagen, Herr Professor, Damals
759 2024 1000 2187 Hans.
1051 2115 2858 2337 war das was wir heute sahen keineswegs
1045 2307 1733 2505 ausgesprochen.
1107 2425 2914 2602 Von einem klaren Befund kann man heute
770 2503 1064 2634 Bernh.
1061 2634 2094 2805 auch noch nicht reden.
765 2719 2791 2954 Hans. Es ist entsetzlich. Wie es nur mein
1064 2885 2922 3056 Vater aufnehmen wird, wenn er die ganze
1064 3080 1799 3262 Wahrhett weiss.
783 3206 2698 3390 Bernh. Wir wissen sie selbst noch nicht.
778 3390 2823 3569 Hans. Er ahnt ja auch wie die Dinge stehen,
1067 3527 2326 3708 aber er glaubt nicht dran.
786 3612 2933 3848 Bernh. /abbrechend/ Na... also es bleibt da-
1128 3912 1297 4051 bei
