3528 4248
2725 767 2909 921 169
1022 945 2755 1112 abgewendet, wie von einem Verbrecher.
990 1128 2924 1316 ich möchte das nicht noch einmal ertragen
971 1292 1343 1425 müssen.
791 1414 2927 1552 Jul- Was kann Dir das anhaben — Dtr, der doch
985 1542 2646 1733 weiss, dass er recht gehandelt hat?
796 1677 2877 1874 Hans. Dass das, was geschehen ist das Rechte
982 1847 2829 2049 war, das weiss ich wohl. Aber die Frage
998 2009 2699 2176 ist, ob ich es war, ders tun durfte.
807 2160 2617 2335 Sala. Sie beginnen selbst zu zweifeln?
809 2319 2853 2476 Hans. Es scheint, wir werden unsicher in un
1048 2497 2800 2640 serm Urteil und in unsem Handlungen,
1014 2633 2850 2781 sobald es sich um Menschen handelt, die
1059 2800 2752 2927 ums in irgend einer Weise nahe sind.
1093 2922 2893 3102 Nun Ja: Neigung und Zugehörigkeit ver-
820 2983 1059 3126 Sala.
1008 3102 2189 3280 ändern das Bild der Welt.
823 3238 2861 3458 Hans. Oder zeigen uns erst das Rechte - wä
1022 3415 2258 3596 re das nicht auch möglich!
820 3567 1948 3768 Jul. Wie meinst Du das?
