3416 4120
2705 549 2872 721 198
1055 731 2806 969 worte bringt. Ich fürchte, Sie werden
1064 883 2850 1104 Ihre Köchin heiraten.... das wäre noch
1111 1042 2975 1241 nicht das Schlimmste, wenn sie was kann.
1077 1158 2948 1364 Nun, was stehen Ste se da?.... Da unten
1133 1349 2896 1516 in dieser herbstlichen Alle wollen wir
1099 1467 3046 1648 endlich unser Gespräch zu Ende führen, das
1091 1648 2840 1800 wir vor dreiundswanzig Jahren auf dem
1096 1768 3014 1994 Forum zu Rom begonnen haben.... Schleter
1155 1918 3031 2134 über alles.... der Tempel des Saturn und
1155 2092 2906 2266 der Park von Lugano.... und marmorne
1121 2232 3009 2430 Stufen, die in eine geheimnisvolle Ziefe
1133 2386 3107 2585 führen.... und ein feuchter Rasen, auf dem
1150 2509 3095 2720 ein junges Weib liegt, die vor einer Stun-
1194 2656 3129 2877 de noch lebte..... Schleter über alles...
1145 2818 2894 3004 Was meinen Sie selian es gibt bessere
1150 2968 2936 3205 Leute als wir — aber sie sind meistens
1202 3134 2965 3372 dümner..... was gehts uns an, Julian
1167 3316 3039 3492 wir haben uns doch nie um die Andern ge-
1185 3438 3129 3647 kümmert...... wir waren unser Lebtag nichts
