3352 4248
2668 533 2794 774 35
771 738 2880 1065 Frau Pflugf. Nein, schon lange nicht... vie¬
1054 953 2018 1178 le Jahre lang nicht.
785 1060 2792 1353 Hans. Du trrst Dich Mama. Ich habe Dich ja
1068 1238 2888 1474 noch im vergangenen Winter manchmal be¬
1090 1383 2654 1636 glettet. Erinnerst Du Dich nicht?
815 1529 3028 1776 Frau Pflugf. /den Kopf schüttelnd/ Das war nicht
1114 1661 2871 1886 Gesang... Ich hab es wohl versucht...
1117 1792 2921 2081 nein, Gesang war das nicht. Damit ists
1117 2001 2193 2223 wohl für immer vorbei.
1134 2169 2245 2385 Aber warum denn Mama.?
851 2199 1106 2394 Hans.
859 2251 2945 2558 Frau Pflugf. Noch einmal singen-! ich glaube
1158 2432 3017 2679 nicht dran. Ich kann mirs gar nicht vor¬
1169 2553 3020 2811 stellen wie das wäre, noch einmal meine
1167 2701 3050 2970 Stimme zu hören, wie früher, als sie aus
1175 2866 2992 3110 mir herausschwebte wie etwas Unbegreif¬
1180 3003 3094 3272 liches und mich klang wie etwas Fremdes.
1202 3184 2976 3426 und gehörte doch mir und war meine ei¬
1208 3382 1806 3607 gene Stimme.
928 3470 2783 3780 Hans. Versuchs doch noch einmal, Mama.
