3448 4232
2818 518 2948 688 18
1211 696 2287 924 Aber sie wollen leben.
948 913 1512 1125 Hans. Alle?
965 1003 2886 1236 Bernh. Und im übrigen wir können auch in
1252 1138 3019 1371 den verzweifeltsten Fällen noch immer
1257 1314 3087 1518 was besseres tun, als das, was Sie mei-
1225 1507 1951 1694 nen. — — Lügen.
986 1615 2301 1873 Hans. Eine herrliche Kunst!
1008 1759 3190 2011 Bern. Das ist sie auch. Nur darf sie nicht von
1241 1946 3198 2160 Stilmpern geübt werden. Das Unglück ist ja
1304 2084 3211 2287 nur — unter uns gesagt — das die meisten
1306 2217 3201 2428 unserer Herren Kollegen nicht einmal das
1417 2388 2954 2607 ordentlich verstehen. Sie nehmen
1328 2523 3298 2778 gelegentlich einen Anlauf, sie entschlies-
1339 2683 3141 2897 sen sich zu den üblichen xxxxx Phra-
1390 2810 3279 3046 sen, auf die selbst Sterbende nicht mehr
1339 2962 3276 3192 hineinfallen, aber sie lassen bald nach..
1369 3122 3163 3374 ste ermüden, ihre Energie oder ihr Ta-
1369 3285 2962 3507 lent reicht nicht aus....
1081 3404 2973 3691 Hans. Oder der Kranke ist thnen eben zu
