3448 4232
2736 518 2873 687 24
899 641 2927 950 Bernh. Ich sprach eben mit Deinem Sohn. Wir
1137 818 3034 1076 sind betde der Anstoht, dass sich durch¬
1151 1009 2752 1218 aus nichts Bestimmtes sagen lässt.
917 1092 3077 1387 Pflugf. Du wirst wohl über mich lächeln, Bern¬
1202 1266 3015 1556 hardt. Aber dieses Wort "Warnung", das
1223 1443 3026 1719 mir so zu sagen unwillkürlich über die
1183 1618 3147 1843 Lippen glitt, - ich möchte es fest halten
1253 1754 2707 2017 ich möchte mich daran klammern.
979 1913 2921 2133 Bernh. Ich versteh Dich zwar nicht ganz —
976 2060 3093 2312 Pflugf. Es steht nämlich nicht alles so fest-
1231 2167 3224 2446 nein, nein! Man mag noch so erhaben sein...
1285 2336 3029 2597 oder besser ausgedrückt, se exakt, es
1298 2530 3074 2760 steht nichts fest... oder bleiben wir
1341 2650 3216 2921 dabet: nicht alles.... Manches- das will
1314 2827 3093 3053 ich nicht leugnen... aber dass es War-
1312 2959 3066 3224 nungen gibt, daran zweifle ich nicht.
1320 3109 3160 3385 Woher sie kommen, — wer kann das sagen?
1333 3289 3034 3533 Ob es sich da um geheimnisvolle Vor-
3216 3321 3310 3525 un
1336 3423 3080 3699 gänge in unsern Nervenzellen handelt.
