3448 4232
2982 530 3122 733 13
949 667 3040 941 und da es uns gefiel, leuchteten seine Augen
1218 892 3043 1095 und er fragte uns mit einer zitternden
1279 999 3004 1248 Stimme: "Glauben Sie, wird es Erfolg
1237 1218 1561 1397 haben?
1237 1526 2225 1698 2. Auftritt.
1259 1622 3070 1836 Johanna,. Sala. Aus dem Zimmer rechts
1320 1781 3026 1976 tritt Hans und Professor Bernhardt.
1273 1956 1825 2151 Begrüssung.
1007 2063 2442 2307 Sala. Nun, wie gehts der Mama?
990 2283 1932 2486 Hans. Etwas besser.
1034 2373 3109 2615 Sala. So. Kann man sie vielleicht sprechen.?
1023 2571 2307 2804 Hans./Blick auf Bernhardt./
1040 2694 3161 2933 Bernhardt. Es ist nichts dagegen einzuwenden.
1040 2873 3007 3089 Sala. Wollen Sie die Freundlichkeit haben
1333 3010 2645 3221 Ihrer Frau Mama zu sagen...
1037 3109 3251 3419 (Indessen) Hans. Wie befinden Sie sich, Herr von
1344 3350 1619 3512 Sala?
1067 3457 3142 3696 Sala. Vorzüglich. Ich spüre gar nichts mehr.
