3352 4168
2806 564 2933 717 77
1095 712 2882 930 am Ziele meiner Wünsche angelangt bin.
1095 865 2837 1090 Nichts hab ich heisser ersehnt. Früher
1111 1013 2964 1260 allerdings mit einem Zusatze, der unge-
1111 1178 2949 1379 fähr lautete: an der Seite eines gelieb
1130 1324 2933 1513 ten Wesens. Und noch früher mit dem Zu¬
1123 1460 2866 1699 satz: an Deiner Seite.... ach Gott!
1119 1599 3045 1833 mit einem andern hätt ichs ja wahrschein-
1121 1769 2901 1996 lich doch nicht ausgehalten. Aber die
1123 1962 2901 2149 Hauptsache war ja doch immer: auf dem
1138 2134 3031 2337 Land leben. Ja, das war meine Sehnsucht.
1152 2230 2954 2443 Frische Luft, einen Wald in der Nühe...
1200 2407 2978 2619 gelegentlich ein Spazierritt über Wies
1193 2543 3050 2763 und Aecker. In der Früh in einem Schlaf¬
1159 2696 2820 2909 roch in einem grossen P###k sitzten,
2328 2839 3088 3038 überhaupt, keine
1197 2875 2065 3071 keiner hinein darf
1200 2983 2944 3215 Leut, keinen Direktor, kein Publikum.
1166 3164 2787 3351 keine Kollegen, keine Verfasser...
1176 3298 2990 3504 obwohl sie nicht alle so arrogant sind,
1181 3480 2414 3669 wie Dein angebeteter Sala.
