3304 3992
827 322 2526 571 aussvoll dem Aller angezwischen, auf
683 487 2481 750 tet saus seiner jährnt, einen lebens ju¬
715 680 1366 932 so sein Tage ist
606 764 2540 1072 nicht hans mich Hause; sein Wille ist schwer
533 1100 2544 1363 Bei Kniel und mit dem Geleibt zu sammen
378 1009 494 1317 e
368 1391 1808 1615 ich Sala; ist hier gewesen. -
175 1496 2572 1713 tulies (al das Brief mit seiner Ich gemacht; —
214 1685 1303 1927 Ein hohe; beübt ihn sehr...
252 1790 2729 2071 mehr er ihre Tagen... aber die trübte hat ich bekommern
277 1987 992 2211 nicht zu thun.
214 1952 3038 2309 Oder er mich an de luill gar nicht. (selve nicht er etc sehr)
2067 2204 2323 2326 sal.)
207 2263 1461 2467 Ihr Lohn dies vorliegt. Nacht
235 2281 2561 2540 der have kauhnen ein weiche Mann geworden.
238 2502 1437 2708 Sala unkührt dort mich.
224 2642 2743 2982 gemeint hat die doch in tiefiehen mit den Frau an¬
217 2610 1328 2831 der Keichmann verneint.
259 2870 704 3048 Trunds.
273 2908 2355 3220 denten der kurrn Hals mithan; nicht ihn schon
231 3059 2642 3336 Ort er hat in Wirth verführt... t sich umgetracht
238 3269 2488 3535 hat... Ein (in ihr künch in Müll verflossen).
280 3402 1759 3679 (inii)ttennits. Johannes.
