3448 4168
2771 550 2961 698 188
1100 708 3047 932 haben Recht : auch die freundschaftlichen
1116 828 2966 1022 Gefühle, die ich Ihnen entgegenbrachte
1116 996 2958 1183 schwinden dahin und mit jedem Wort, das
1116 1157 3031 1357 Sie zu mir sprechen, werden Sie mir frem
1142 1295 2899 1479 der. Auch alle Ueberlegung führt mich
1129 1464 2945 1632 nirgends anders hin — ich spüre keinen
1142 1606 3085 1783 Zusammenhang zwischen mir und Ihnen. Wenn
1134 1772 2984 1957 Sie sagen " ich bin Dein Vater " so ist
1152 1905 2951 2084 es ein Wort tönend und hohl und nichts
1155 2063 2930 2250 klingt in mir wieder. - So wie es ein
1152 2237 2987 2406 hohles Wort ist, wenn Sie von der Lieb
1165 2382 2966 2538 reden, die Sie einst mit meiner Mutter
1168 2535 3109 2758 verband..... Er hat sie geliebt - besser
1178 2740 1573 2867 als Ste.
989 2834 1967 3008 Jul. Glaubst Du das?
991 2987 1915 3163 Hans. Und wie tief!
1002 3117 3085 3296 Jul. Du irrst. Was sie bei ihm gefunden hat
1199 3270 3041 3470 war nicht Liebe — nenn es nicht so ; es
1204 3425 3181 3615 war Verzethung, Fiteden, manche Behaglich.
