3400 4184
2769 574 2955 782 152
1189 770 3088 944 Ich bin ein Kind und rette auf dem Ponny
1192 942 3127 1089 übers Feld, und mein Vater ist hinter mir
1194 1116 3051 1248 her und ruft, — und dort wartet meine
1236 1241 3098 1425 Mutter am Fenster mit dem grauen Seiden
1197 1425 3088 1550 shawl ums dunkle Haar — und ich steh auf
1197 1545 3007 1724 einem Hügel und erstatte meinem Oberst
1239 1714 3139 1866 Bericht, dass die Jäger hinter dem Gehöl
1204 1837 3046 2043 ze vorbrechen wollen — und unten in der
1187 1999 3088 2207 Mittagssonne leuchten Bajonette und Knop
1204 2197 3171 2310 fe......und ich ltege einsam im treibenden
1192 2305 3019 2462 Kahn und schaue in die dunkelblaue Som
1197 2494 2999 2624 merluft und unbegreiflich schöne Worte
1239 2605 3068 2776 rethen sich mir aneinander, wie ich sie
1199 2759 3088 2963 nachhemte habe niederschreiben können..
1251 2899 2958 3100 Und toh ruhe in dem schwülen Park am
1243 3068 3093 3227 See von Lugano und Gabriele sitzt neben
1202 3218 3100 3409 mir, sie hat ein Buch mit rotem Umschlag
1216 3375 3105 3568 in der Hand und Lilly spielt dort drüben
