3480 4168
2734 559 2909 770 197.
892 731 2914 1012 Sala. Unter uns: Ich habe nicht die Absicht
1081 939 2644 1152 noch einmal nach Hause zu kommen.
903 1116 2085 1315 Jul. Was wollen Sie?....
920 1250 2991 1463 Sala. Und ich fürchte aus dem Schwanengesang
1152 1364 2985 1607 wird nichts werden. Es ist so sonderbar
1157 1555 2958 1733 zu wissen....Schleter gleiten über al
1122 1684 2969 1907 les..... fort mit euch — ich habe keine
1124 1809 2917 2049 Lust es mir gefallen zu lassen!.....
1138 2008 3075 2197 so lange ich noch da bin — und wär es nur
1152 2123 3089 2344 eine Stunde. — — Wie viel schlug es eben?
963 2300 2259 2505 Jul. Mitternacht glaub ich.
974 2396 3094 2625 Sala. Ihr Sohn hat sich gut gehalten, Julian.
982 2549 3154 2808 Jul. Jetzt weiss ich, warum seine Mutter nicht
1176 2663 3064 2947 wollte, dass er es je erführe. Sie hatte
1198 2852 3149 3100 gewusst, dass ich ihn dann verlieren muss.
1007 2991 3206 3225 Sala. Es ist auch möglich, dass Sie sich wieder
1209 3135 3083 3370 trren — nun kommen Sie, Jultan. Sie wer
1212 3288 3094 3523 den wahrhaftig recht einsam sein. Nicht
1217 3471 3073 3719 einmal mehr einen, der Ihnen die Stch
