3448 4232
2765 512 2899 680 23
1174 654 3083 903 Herrn von Sala. Ganz ruhig, heiter bei-
1179 817 2995 1078 nahe. Und sie hat Johanna das Haar ge¬
1192 1001 2953 1228 streichelt. /Geste/... So... wie es
1203 1151 2832 1350 ihre Gewohnheit ist. Von Corneltus
1216 1337 2123 1531 spricht sie soeben.
1898 1461 2372 1647 er uraa sikit
1257 1510 1872 1684 Corneltus? -
926 1523 1213 1666 Bernh.
921 1614 3000 1826 Pflügt. Corneltus- der Komponist, dessenLie-
1205 1769 2925 1989 der ste besonders gern gesungen hat.
1164 1945 1947 2147 Nicht wahr Hans?
1216 2074 2695 2310 Ich habe sie oftdazu begleitet.
931 2136 1179 2307 Hans.
941 2211 2941 2472 Pflugf. Es ist wie wenn.... /mit einiger
1223 2372 3153 2584 Angst auf Bernhardt sehend/... wie wenn
1298 2527 3005 2741 gar nichts von Bedeutung da Vüre, als
1280 2633 3199 2853 wäre das Ganze ein — ein blender Schreck
1257 2811 3047 3021 gewesen. Hälst Dus nicht für möglich,
1254 2961 3070 3199 Bernhardt?.... für möglich... dass es
1298 3124 3088 3336 sich nur um etwas Vorübergehendes ge-
1205 3266 3088 3515 handelt haben könnte.? Dass alles — ich
2816 3424 3044 3595 ndelt
1210 3455 2801 3691 möchte sagen, eine Warnung war.!
