3448 4232
2760 540 2896 679 25
897 726 2755 1003 ein Erzittern unserer Seele, vergleichs-
1172 870 3035 1098 weise gesprochen, vor einer nahenden Ge¬
1202 1115 1439 1264 fahr —
1229 1249 1685 1415 Phantast!
914 1264 1204 1415 Bernh.
912 1333 2906 1556 Pflugf. Mag sein — Phantast. Aber möchtest
1249 1467 3097 1717 Du mir nicht sagen, wo die Phantasterei
1184 1620 3062 1893 beginnt? Ist nicht ein Schluss, den wir
1229 1789 3107 2022 ziehen, schon Phantasterei. Vorahnungen,
1246 1942 3154 2150 die sich dann nichterfüllen — — Vorboten.
1259 2084 3087 2334 denen nichts folgt – woher kommen sie?
1216 2240 3067 2480 Was bedeuten stel Wer weiss wie oft wir
1276 2401 3250 2611 etwas Unsichtbares durch etwas Unbewusstes
1291 2525 3268 2777 in die Flucht schlagen? Ihr exakten Herren
1380 2723 2909 2933 lacht ja wohl darüber, — aberich
1303 2864 3097 3070 glaube selbst an die Macht des Willens
1350 3010 3084 3258 über Krankkett, selbst über Tod. Und
1363 3159 3213 3407 darum geb ich nicht sobald die Hoffnung
1286 3327 3144 3525 auf. Und meine Hoffnung tat nicht wie
1343 3481 3161 3701 bet Euch damit erschöpft, dass eine Di-
