3480 4264
2872 798 3038 934 128
1195 907 2989 1116 sprochenen russischen Abteilung zusam¬
1192 1121 2620 1265 men, der wir uns anschlieesen.
1181 1235 2875 1425 / setzt sich / Sie erlauben.... die
1146 1390 2919 1577 Luft macht geradezu milde — — - Schade
1159 1586 3068 1767 übrigens, dass Sie jetzt eben Ihre Assis¬
1162 1719 2549 1930 tentenstelle antreten müssen.
877 1920 1474 2093 Hans. Warum?
874 2047 3060 2202 Sala. Nun ich denke es mir so hübsch, wenn wir
1205 2224 2642 2335 Sie als Arzt mitnehmen dürfen.
880 2338 2786 2495 Hans. Die Stelle ist wohl schon besetzt?
885 2457 3060 2655 Sala. Sie war es. Der Mann lässt uns im Stich.
1219 2658 3071 2848 angeblich wegen des allzufrühen Termins
885 2821 1667 2989 Hans. Angeblich?
888 2954 3033 3117 Sala. Ja. Da tst nämlich ein absurder Aufsatz
1184 3103 3033 3272 in der Nationalzeitung erschienen, über
1219 3274 2986 3464 die unsichern Verhältnisse in einigen
1181 3421 2843 3587 Gegenden, die wir passieren müss en.
888 3600 2164 3760 Hans. Den hab ich gelesen.
