3384 4216
2728 646 2865 775 28
729 724 2640 978 Bern h. Du wunderst Dioh, Lüsterer? Sechs
1005 993 2843 1179 Messen haben sie lesen lassen. Na, auf
1023 1147 1617 1314 Wiedersehen.
749 1245 1756 1570 Hans. /Begleitet ihn
1042 1539 2077 1759 5. Auftritt.
1079 1663 2860 1886 Pflugfelder alletn., sinkt auf einen
1037 1866 2833 2048 Fauteutl, faltet die Hände, die er ge-
1062 2030 3024 2204 faltet sinken lässt, bewegt flüsternd, wie
1064 2233 2764 2351 betend die Lippen, indem er nach auf-
1057 2336 2860 2539 wärts schaut. Wie er Hans zurückkommen
1057 2498 2287 2693 hört, steht er wieder auf.
1093 2605 2759 2796 Ja, ich muss auch noch einmal fort.
1049 2757 2803 2962 / nimmt sein Nottzbuch heraus, liest /
1057 2901 2896 3112 Wagener, Fridetzhy — — na, ich bin bald
1064 3124 2911 3261 zurück. Gehst Du noch ins Laboratortum.
1064 3261 2928 3461 Nein, ich bleibe zu Hause, es ist doch
780 3251 1030 3437 Hans
1084 3454 2167 3591 schon zu spät geworden.
780 3601 2275 3775 Pflugf. Steht mein Wagen unten?
