3432 4200
2705 587 2873 788 163
956 778 2670 1007 haben über Gesetze und Gebote hinweg
959 928 2756 1198 zu handeln, weil sie stärke stnd als
974 1126 2901 1327 diese..... nein, er war dieses Sohnes, nie
1022 1373 1274 1508 wert.
788 1386 2789 1673 Sala. Sein wir gerecht Julian: er hat zeit
1027 1546 2794 1792 lebens viel für Hans getan, was Andre
997 1726 2766 1932 im gleichen Falle unterlassen hätten.
806 1887 2759 2159 Jul- Für ihn gesorgt, thn aufgezogen, ihn
999 2123 2479 2309 geliebt — bis zu dieser Stunde.
819 2278 2026 2456 Sala. Das ist nicht wenig
824 2375 2868 2548 Jul. Es ist gerade das, wozu diese Art von
1004 2461 2998 2708 Menschen auf der Welt sind. Sie sind nicht
1030 2611 2878 2865 geschaffen wirklich zu besitzen — weder
1060 2764 2906 2980 Frau noch Kinder.... Zuflucht mögen sie
1042 3003 2837 3145 bedeuten, aber nicht Hetmant. Es steht
1048 3099 3013 3290 thnen zu Wesen in ihren Armen aufzunehmen,
1042 3224 2891 3501 die von einer grossen Leidenchaft milde
1055 3387 2822 3687 oder gebrochen sind; es ist ihnen ge-
