3336 4072
2695 595 2870 719 199
1095 732 2602 879 als Gäste. Da-für konnte wir auch
1103 920 2909 1105 gehen, wann es uns beliebte und mussten
1092 1054 2909 1182 nicht bleiben, wenn der Tisch abgeräumt
1139 1198 2834 1371 wurde...... wir werden nicht unter
1108 1345 2847 1510 einem Zelte schlafen.... es war nicht
1105 1507 2875 1654 übel. Er hat sich gut gehalten. - - Es
1103 1623 3017 1788 wäre überhaupt möglich, dass jetzt wieder
1152 1809 2788 1953 ein besseres Geschlecht kommt......
1139 1937 2947 2120 nun, gedenken Sie mir nicht endlich zu
1110 2118 1973 2257 antworten, Julian?
1105 2265 2901 2396 / er hat die Türe auf den erleuchteten
1113 2419 1873 2558 Gang geöffnet.
1157 2566 2754 2692 / dreht im Zimmer die Lampe ab - /
922 2545 1118 2692 Jul.
933 2672 3001 2857 Sala. / wendet sich jetzt wieder nach Julian
1164 2824 3022 2986 um. / Nun, Jultan, ich wünsche mein Le -
1121 2999 3125 3161 ben nicht mit einem Monolog abzuschliessen.
1116 3138 2963 3318 Ich lege Ihnen als letzte flicht gegen
1118 3290 2875 3473 mich auf, mich vor dieser Geschmäklo
1128 3460 2074 3651 sigkeit zu bewahren.
