3480 4216
2733 515 2928 718 185
841 703 2871 966 Jul. Wohltaten?.... Was fällt Dir denn ein!
1028 869 2972 1119 So darfst Du es ketheswegs auffassen. Der
1044 997 2902 1309 jenige, dem etwas derart erwieden würde
1051 1150 2907 1434 wäre jedenfalls nur ich - das wetsst Du
1111 1460 1551 1595 sehr gut.
874 1525 2972 1754 Hans. Ich verstehe Sie, aber es ist ja vor -
1077 1673 2696 1884 läufig kein Anlass davon zu reden.
895 1793 2967 2038 Jul. Ich glaube doch. Nach den letzten Zei -
1096 1957 2962 2204 tungsberichten halte ich es für ganz un
1153 2079 3008 2311 möglich, dass diese Unternehmung aufge
1163 2256 3045 2498 geben, dass sie zum Mindesten aufgescho
1166 2376 2946 2621 ben wird bis sich die Verhältnisse an
1135 2576 2787 2774 der Grenze ruhiger gestaltet haben.
947 2759 1960 2972 Hans. Warten wirs ab.
958 2821 3003 3092 Jul. Hans - Du hast Dir die Sache nicht ge-
1163 3011 2915 3240 nügend überlegt..... Du bist in einer
1156 3170 2943 3386 Stimmung, die ketneswegs geetgnet ist
1166 3339 3170 3563 Entschlüsse zu fassen, die für Detne ganze
1174 3456 2954 3748 Zukunft, die geradezu für Dein Leben
1189 3672 2384 3828 entscheidend sein können.
