3352 4136
2896 563 3031 758 70
867 672 2793 913 Irene. Er ist viel zu gut für diese Welt.
853 859 2871 1111 Sala. / lächelnd / und ich zu schlecht. Na
1154 1086 1449 1195 adteut
1176 1178 3042 1330 Hoffentlich vertreib ich Sie nicht? Sie
864 1246 1140 1381 Irene
1135 1316 2996 1487 haben vielleicht noch ein paar Grobhet-
1149 1463 3004 1766 ten im Halse.... dass Sie nicht am Ende
1143 1704 1820 1861 dran exticken.
867 1774 3047 1988 Sala. Die bleiben fürs nächste Mal. Ich wollte
1149 1948 3126 2186 wahrhaftig schon lange fort. / zu Julian /
1149 2113 2625 2324 Sie kommen mir vielleicht nach!
1186 2281 2852 2487 Ah, zu Pflugfelders. Was sagst Du!
883 2278 1154 2492 Irene
1154 2462 2915 2571 es ist doch furchtbar. Es ist nur ein
1159 2544 3072 2785 Glück, dass die arme Frau selbst vollkom-
1154 2736 2988 2877 men mit ihrem Schicksal ausgesöhnt ist.
1157 2863 2256 3053 / zu Sala / Nicht wahr?
1961 2993 2246 3115 et aussi
1119 3050 1460 3188 Gewiss.
878 3028 1094 3175 Sala
888 3096 3050 3391 Irene. / zu Jultan / Du utrat ja selbst sehen.
1167 3291 2982 3576 wenn Du hinkommt, sie ist ganz heiter.
1170 3521 3188 3719 Ich lese ihr manchmal vor. Alles interesste
