3496 4232
2796 666 2972 824 156
2204 717 2410 850 nier.
1177 768 3110 938 an Dich hängen?.... o n###n. Aber dass ich
1172 918 2883 1126 Dich liebe, möcht ich Dir doch einmal
1219 1080 2924 1250 sagen. Ich möchte, dass Du es später
1226 1238 2985 1388 einmal so hörst, wie ich es Dir jetzt
1192 1378 3060 1563 sage - in einem andern hohen Augenblick,
1180 1567 2999 1747 wenn ich ganz wo anders sein werde und
1231 1727 1405 1865 Du.
1277 1848 2880 2023 Wahrhaftig Johanna, der Ton Detner
986 1870 1240 2045 Sala.
1231 1982 3026 2175 Stimme wird mir nicht entschwinden...
1192 2151 3096 2398 vielleicht sehen wir uns auch später wie
1194 2301 2563 2500 der — — — warum schweigst Duf
1008 2452 2650 2643 Joh. / nimmt den Mantel fester um./
1003 2628 1974 2798 Sala Fröstelt Dich!
1008 2786 2926 2955 Joh Nein, nein, aber ich muss nun gehen.
1000 2914 1892 3103 Sala. Etlst Du sol
1000 3120 2951 3227 Joh. Es wird spät.... ich wollte zu Hause
1204 3198 2706 3406 sein ehe mein Vater zurückkommt.
1010 3384 2914 3561 Sala. Wie sonderbar, heute eilst Du nach
1228 3513 2873 3779 Hause, willst Dich nicht verspäten
