3448 4168
1107 761 1637 968 nicht sagen.
814 912 2119 1146 Jul. Man findet sich drein.
1138 1085 1715 1261 Es klopft /
853 1116 987 1305 P.
800 1182 3040 1386 Irene. Ich fänd mich nicht drein, Ich nicht und
1096 1361 2619 1590 wenn andre dran sterben müssten.
817 1534 2019 1768 Jul. Hats nicht geklppft?
1099 1659 2719 1885 / Es klopft nich einmal stärker. /
820 1841 2976 2033 Sala / tritt ein/ - Guten Abend - ich bitte um
1099 1960 3012 2192 Entschuldigung, aber ich dach te Sie noch
1121 2150 2192 2309 zu Hause zu treffen....
1698 2287 1994 2474 Dorben!
831 2290 1576 2488 Jul. Was gibts?
845 2415 2962 2691 Irene. Sie kommen von Pflugfelders?
848 2521 3068 2828 Sala. Nein.... ich war nicht oben... ich begeg¬
1127 2730 2953 2931 nete Bernhardt vor dem Haustor. Er kam
1135 2900 2964 3096 eben herunter. Frau Pflugfelder ist vor
2340 3043 2527 3221 Votre
1135 3056 2237 3252 einer Stunde gestorben.
1168 3188 3009 3383 Um Gotteswillenl.... Heute Früh hab ich
845 3185 1141 3416 Irene.
1118 3333 3051 3584 noch mit ihr gesprochen. Wie ist denn das
