3464 4200
2736 446 2858 547 82
1111 557 2870 830 Und gar später, wie die böse Zett für
1106 752 2903 990 mich gekommen ist - Du weisst schon...
1119 914 2929 1111 wie ich mich hab Deinetwegen umbringen
1129 1023 3025 1273 wollen, ich Kameel — da war ja die atur
1169 1190 3086 1402 meine Rettung, das reine Wundermittel...
1149 1329 3101 1531 Ich könnte Dir die Stelle noch zeigen, wo
1159 1483 3027 1698 ich mich vor... na, vor etlichen Jahren
1172 1615 3116 1850 ins Gras geworfen habe, zehn Minuten weit
1185 1807 2893 1995 vom Bahnhof. Durch eine Akazienallee
1177 1906 3038 2141 muss man gehen.... ja, ins Gras hab ich
1187 2086 3088 2286 mich geworfen und geweint und geheult...
1200 2260 3240 2450 das war an einem Tag, wo Du mich wieder ein
1197 2415 2946 2600 mal von Deiner Tür davon gejagt hast.
1200 2564 2972 2749 Na und wie ich eine halbe Stunde auf
1225 2706 3075 2906 dem Gras gelegen war und mich recht aus¬
1228 2845 2974 3048 geweint hatte, da bin ich halt wieder
1233 3027 2908 3245 aufgestanden und bin wie ein kleinen
1228 3177 3088 3374 Fratz auf der Wiese herumgelaufen, ganz
1243 3278 3108 3506 allein für mich und hab mich eigentlich
1192 3488 2997 3670 m wieder ganz wohl gefühlt. / Pause /
