3448 4168
2854 571 2993 731 88
1127 777 3118 937 wir so an der Hand geführt — unser kleines
1120 899 2927 1046 Kind. / ärgerlich um nicht zu weinen /
1137 1074 3123 1226 es ist ja zu dumm — toh weiss ja, das Kind
1127 1219 2991 1381 wär jetzt ein Bengel von vierundzwanzig
1127 1363 3163 1508 Jahren und wär vielleicht ein Lump oder ein
1132 1521 2894 1658 schlechtes Mädel, oder wär vielleicht
1130 1681 2988 1818 schon tot, — oder wär trgendwo dnaussen
1132 1830 3113 1975 in der Welt und wir hätten gar nichts mehr
1132 1985 2940 2158 von ihm — — ja, ja, aber einmal hätten
1132 2130 2940 2285 wirs doch gehabt, einmal wärs doch ein
1132 2310 2940 2445 kleines Kind gewesen und hätt uns gern
1132 2425 2871 2584 gehabt und - / sie kann nicht wetter.
1117 2600 1528 2749 Stille
1071 2765 3041 2874 welch / Irene - rede Dioh doch nicht in
840 2691 1031 2894 Jui
1122 2902 3102 3067 solche Dinge hinein. Gräm Dich doch nicht.
1107 3072 3059 3219 Nimms doch wie es tst. Du hast andres er-
1117 3196 3008 3371 lebt, vielleicht bessres. Dein Leben war
1120 3361 2986 3516 reicher, als ein Mutterleben hätte sein
1117 3498 2739 3674 können - Du warst eine Künstlerin.
