3368 4120
2570 138 3029 373 Sucen
259 197 514 414 be aht:
676 238 1666 542 fale- in Johanna.
483 448 2563 724 habe ersel, daß Johann ihr nur lebt
317 673 2588 900 weil er zum Tod verurtheilt ist - Sie
293 814 2746 1094 will hart weil of die Anmessen zu anzüssen.
1397 983 2484 1176 Um zu hergerlich.
1960 1052 2715 1242 4 -
317 1004 852 1301 Sie jetzt. —
352 1190 2770 1449 geln nun in Thearliare ihr! – Freißel
297 1335 2694 1653 uns i. Mai er ein Reichs dieses Frau?
345 1515 2594 1780 Die sind zu seitemachet. „Ma sie jedocht
290 1687 2715 1980 sel, um bis und ich nicht man mit
414 1894 2315 2156 wie keine ist. ich ihn kann.
483 2149 2829 2456 Julia, der Entschluss, aus den alle konnte & Tagen
455 2339 3233 2639 aber dass das Thäte - ma mehr soll ich die
2822 2460 3198 2622 Herr Ver¬
483 2487 3246 2826 Ce bnmit jnt) ihr aus seinen nichtstand sehr indem
2494 2629 3257 2874 will d Messer
2715 2757 3160 2984 agen -
466 2774 1252 2991 auf zu reifen.
583 2822 2788 3153 Aussein zu steiligen; ob nicht auch daß
528 3046 1932 3353 all in put him kennts. -
593 3171 2832 3484 Et seit wieder um sein Nie die gelebt..
569 3336 2663 3681 worfolch in mit nicht keinzukomt::-
