3464 4184
2739 501 2871 652 84
839 660 2923 896 Jul. Lang, lang. / sie ttuken Teo./ Soll ich
1123 861 1575 1020 anzünden?
852 931 3031 1202 Irene. Noch nicht; es ist ganz gemütlich so in
1153 1150 1813 1313 der Dämmerung.
1082 1212 2907 1448 Nicht so viel dran.. Du magst ja recht
866 1323 1061 1510 Jul.
1153 1394 3093 1599 haben — das hindert einen aber nicht doch
1158 1529 3061 1773 ziemlich rasend zu werden, wenn es einen
1185 1702 3104 1919 gedade trifft. Und wenn wir uns versöhnt
1169 1865 3072 2054 hätten, wie Du es anfangs t̃meri gewollt
1177 2005 3072 2214 hast, es wäre doch nicht mehr das Rechte
1196 2141 3155 2387 gewordn. Es ist schon besser so. Wies ein-
1147 2308 3053 2538 mal verwunden war sind wir ja die besten
1202 2457 3039 2663 Freunde geworden, und das sind wir ge-
1212 2674 1597 2820 blieben.
1256 2682 3137 2963 Ja, heut bin ich ja auch ganz zufrieden.
936 2814 1210 2988 Irene.
1207 2928 3112 3120 Aber damals. — O Gott, was war day für
1226 3036 3183 3258 eine Zeit /Du weisst ja doch nichts daven.
1226 3188 3145 3413 Nachher hab ich Dich ja erst so recht ge¬
1226 3356 3231 3597 liebt — nachher, als ich Dich durch meinen
1234 3494 3099 3702 Leichtsinn verloren hatte. Ja, dann hat
