3496 4850
316 255 3108 657 Seit. Ja. Staub. Aargaas.-
298 574 3015 1041 Der erst bekannt Messen Rit sehr
330 868 3104 1224 noch niemand gehehe. Ich kann nur
825 1098 2523 1374 daß tis uns einmal. Diese Hause.
327 1141 2986 1604 Mr. Moll in micht Platz
380 1586 1321 1913 nehmen!
330 1723 3226 2150 hatt. Die mara wohl sich bey so
438 2117 2265 2609 Zwei ich deren Jahre!
463 2326 3212 2896 Zil. O) nein. Ein Jahr. In vorige
416 2767 2178 3205 sorbt in ut abgereiss.
377 2925 3133 3399 Cleatt. Dr. Juf decht. weil ich Ihm
370 3287 3040 3765 so long unkauf bezogenkt.
703 3625 2272 4048 Jahr müssen es sein
