3400 4232
2874 550 3042 775 29.
862 732 3121 1005 Hans, /der in der Nähe des Fensters war, blickt
1162 977 1852 1156 hinunter./ Ja.
873 1052 2927 1296 Pflugf. Also adieu, Hans-... Hans, hat Dir
1209 1204 2851 1398 Bernhardt früher nicht doch.. Ich
1207 1333 3031 1574 bitte Dich, es hätte ja wahrhaftig kei
1221 1507 2933 1740 nen Sinn mir etwas zu verheimlichen.
1181 1661 2907 1855 Ich habe Euch absichtlich eine Weile
1151 1838 1917 2049 allein gelassen.
1198 1931 2910 2192 Ich verstehre Dich Vater, er hat mir
915 2015 1167 2172 Hans.
1207 2130 2955 2343 auch nichts andres gesagt, als Dtr...
1195 2245 2958 2495 Es wäre auch wahrhaftig unmöglich....
1229 2413 2829 2629 ach Gott... Du weisst ja selbst...
937 2599 3168 2773 Pflugf. /nach etner kleinen Pause/ Nun, so muss
1229 2702 3129 2916 man sich also in Geduld fassen, — warten
1229 2876 3123 3101 was die nächsten Tage oder Stunden brin-
1238 3042 2054 3250 gen. Adteu, Hans.
954 3149 2966 3356 Hans/dte dargereichte Hand drückend/ adieu
1243 3362 1552 3527 vater.
960 3505 1788 3685 Pflugfelder geht.
