3416 4200
2913 560 3084 708 120
1144 645 2964 857 auf dem Hügel steht ein Schlossmit hun¬
1144 825 3059 1012 ten Siebeln und ferne, ganz ferne stetgen
1120 991 2945 1176 Berge auf.- Und über den Bergen stehen
1117 1141 3079 1309 Wolken — und vorn auf der Wiese schwimmen
1115 1322 3028 1480 Nebel - und über die Stadt ergiesst sich
1117 1468 2925 1633 Sonnenglanz und über das Schloss zieht
1117 1589 2877 1772 ein Gewitter und auf den Bergen liegt
1098 1735 3040 1920 Schnee — und Frühling und Herbst und Som¬
1105 1918 2920 2086 mer und Winter ist auf dem Bild. Wenn
1110 2074 2955 2246 ich sagte " die weite Welt " so hab ich
1095 2203 2947 2385 immer an dieses Bild gedacht.... thd so
1100 2392 2969 2553 gings mir mit allen diesen tönenden Wor-
1095 2519 2930 2684 ten. Gefahr, das war für mich ein Tiger
1073 2680 2928 2816 mit offenen Rachen — und Liebe, das war
1078 2801 2796 3028 ein Page mit blinden Locken, der vor
1068 2989 2918 3132 einer Dame kniet — und der Tod, war ein
1061 3157 2877 3320 schöner Jüngling mit schwarzen Flügeln
1056 3290 2728 3417 und einem Schwert in der and — und
1037 3446 2877 3634 Ruhm, war Schall von Trompeten und Men¬
