3320 4008
1540 71 1949 282 in the first
789 111 1354 267 kant verher. —
610 187 2370 449 näßt in der 1.h. vor Seele, daß Karl auf
524 350 2362 618 entgeht - als Vorbe, wen Leibers lopb
1795 499 2549 698 hoffe sich mir!
250 537 1669 739 tionis nicht in hin, will ihr hatten.
229 681 2229 973 ,, doch nicht einsahren, daß ich so habe Sie.. (temb)
224 850 2168 1109 tal: Nacht de tünf se... Ah tril um Sie sollt uns
2375 887 2695 1077 will and
179 1031 2128 1240 unsermahl sein. - Dieb eine borthau¬
2375 1036 2693 1271 geprochen.
252 1200 2080 1452 Denn habe ich in kein hat
214 1407 824 1591 holt man nicht
1967 1538 2907 1810 Als bleibt ich verhätte:
386 1535 1793 1730 Sala. - Polaine - intérieur plus!
391 1702 1659 1919 Solan Karl. Marmingon
275 1873 943 2040 Julian, Karl
429 2007 1349 2178 " Raal bis er mehrehren
330 2135 1384 2360 Julie. Also that he
340 2196 2234 2481 tion - sondern fernend. Lage! Juli gehabt
350 2405 1213 2655 Hollandt. Ich nicht er.
436 2574 1240 2778 der Hatar -um!
524 2587 2554 2877 Kräcken den Unterdienstgebend. [1 Stellt bei seiner]
383 2763 2093 3073 nens in für Mehrkeit sehr hoffen hat.
