3480 4232
2813 646 2986 785 142
1103 829 2778 1019 schaudern vor dem, wovor Deine Hand
1108 965 3084 1177 nicht gebebt hat. Und Ihr begreift es....!
1152 1118 3040 1337 Und ich bin wohl der Narr, nicht wahr?.
1162 1266 3067 1461 ja ich glaube an Wunder - oder vielleicht
1172 1409 3156 1636 glaube ich auch nur, dass man irgend einem
1135 1579 2993 1774 höhern Willen nicht vorgretfen darf......
1179 1745 3000 1942 aber jedenfalls glaub ich allerlei hin
1155 1895 2954 2090 disches Zeug, mit dem Ihr alles längst
1204 2055 3082 2228 fertig seid...... nein, nein Ihr seid mir
1160 2176 3050 2386 allzu erhaben..... ich bin zu klein für
1194 2376 3045 2551 Euch, denn in mir regt sich noch aller
1165 2532 3000 2699 let Niedriges und Gemeines - - - wahr -
1212 2665 3067 2830 haftig ich will ehrlich sein, will mich
1221 2813 2919 3013 nicht besser machen als ich bin....
1192 2971 3084 3158 Was ist das? Groll gegen eine, die dahin
1194 3104 3131 3292 ist und die am Ende auch in jenen letzten
1221 3282 2996 3477 Augenblicken nicht so vollkommen mein
1197 3442 3075 3637 war, als ich geglaubt hatte. Dir hat sie
