3480 4264
2944 617 3079 761 61
962 780 3131 1001 Sala. Nun, Sie überlegen stchs vielleicht noch
1282 1003 1747 1155 /Pause /
1199 1080 3015 1279 Aber wissen Sie, dass Sie mir noch dne
1262 1210 3054 1453 ganze Reisebeschreibung schuldig sind?
1265 1370 3101 1582 Wo sind Sie eigentlich überall gewesen?
1240 1505 3090 1706 Ich bin diesmal sehr viel herumgefahren
998 1582 1204 1739 Jul.
1287 1634 3156 1874 Im Winter Sistlien, Italien - dann fran-
1293 1852 2139 2037 zöstsche Schwetz.
1295 1954 2949 2172 Von dort haben Sie mir geschrieben.
1017 2037 1273 2175 Sala.
1265 2070 3194 2315 Und im Frühjahr und Sommer hab ich aller¬
1034 2208 1238 2337 Jul.
1315 2271 3186 2464 lei Wanderungen unternommen. Ich bin so¬
1326 2381 3142 2610 gar Bergsteiger geworden - und acht Ta¬
1334 2519 3269 2765 ge hab ich auf einer Alm verlebt. Ja, ich
1345 2687 3065 2905 habe vielerlei mit mir versucht. Wie
1356 2844 3208 3073 man es eben treibt, wenn man allein ist
1367 2980 3175 3244 und nichts rechtes mit sich anzufangen
1373 3250 1668 3404 weiss.
1097 3321 2442 3542 Sala. Sie waren allein?....
1100 3434 3321 3674 Jul. Ja, wie seit einiger Zeit gewöhnlich, wenn
