3448 4152
2798 465 2980 633 196
999 587 2750 804 Satzungen keine Geltung haben und der
1023 779 2766 1001 darf, was Andre nicht dürfen. Kehrst
1053 953 2766 1139 Du zurück, so will ichs glauben. Und
1026 1131 1562 1302 jetzt komm.
842 1212 2863 1437 Hans. Ueberassen Sie uns jede weitere Sorge
1023 1421 1705 1608 Herr von Sala.
1453 1662 2441 1856 5. Auftritt.
1494 1838 2133 2073 Sala. Julian.
858 2092 3034 2360 Sala. Nun ich denke wir haben hier auch nichts
1050 2317 2141 2490 mehr zu suchen, Julian.
869 2425 2319 2647 Jul. Sie haben es verantwortet.
874 2568 2839 2747 Sala. Nun es fügte sich so. Verantwortung,
1058 2712 2766 2928 Sünde, Leidenschaft, Ruhm — ich sage
1053 2869 2990 3091 Ihnen, all das sind Worte, dte auslöschen
1107 3058 2108 3229 wie Fackeln im Sturm.
885 3196 2214 3396 Jul. Folgen Sie thnen nicht?
882 3375 2252 3540 Sala. Dorthin - nain. - nein.
877 3510 2068 3710 Jul. Sie wollen nicht...
