3464 4248
2785 518 2916 670 20
1205 636 3003 849 wie Ihren Vater bewundre ich wirklich.
1208 862 3056 1026 Er opfert sich auf. Er gibt sich her...
990 915 1123 1045 G.C.F.P.
1212 995 3006 1205 Nun ja, er muss es eben auf diese Art
1222 1128 3015 1358 machen. Ich finde es ist ganz ähnlich
1246 1312 3003 1498 bei uns, wie bei den Schauspielern...
1234 1435 3035 1650 Man kann so zu sagen in der Rolle auf-
1222 1621 3127 1834 gehen, oder kann drüber stehen— auf bet¬
1309 1762 3102 1951 de Arten kann man das Höchste letzten.
1270 1909 2984 2125 Ihr Vater lügt genau so gut wie ich.
1270 2038 3093 2246 Nur lügt er mit dem Herzen und ich mit
1292 2224 3008 2398 dem Verstand. Wahrscheinlich bin ich
1292 2367 3059 2560 deshalb Professor geworden und er ist
1300 2529 2991 2713 praktischer Arzt geblieben. Na...
1331 2674 2856 2848 /Als wollte er Abschied nehmen./
1312 2776 3221 2991 Jedenfalls steht eins fest, dass das Ver-
1019 2865 1280 3025 Hans.
1353 2969 3151 3182 hältnis zwischen einem Arzt und einem
1266 3117 3214 3332 Kranken beinahe nie so redlich sein kann,
1278 3252 3056 3451 wie Verhältnisse zwischen anständigen
1319 3422 3209 3676 Menschen eigentlich sein müssten — — und
