3288 4200
1028 748 2849 967 am frühen Morgen ist er lange Zeit drin
1043 974 2583 1139 gestanden und hat sie betrachtet.
745 1183 1378 1306 Hans. Nun ja.
755 1294 2733 1444 Joh. Aber nicht wie man eine Tote ansteht,
1041 1476 2743 1594 war wie wenn er sich fragen wollte..
763 1624 1690 1737 Hans. Fragen?
1009 1720 2954 1879 Ja.... Wie wenn er von ihren Lippen etwas
765 1801 972 1973 Joh.
1053 1884 3001 2054 hervorlocken, auf ihrer Stirn etwas lesdn
1060 2074 2814 2194 wollte; geradeso wie am Abend, da sie
1055 2231 2871 2433 plötzlich gestorben war und er ganz ah-
1068 2384 2202 2578 nungslos nach Hause kam.
1082 2556 1513 2664 Geradesot
777 2558 1033 2672 Hans.
1018 2672 2930 2841 Da stand er auch lange so vor ihr., und
795 2718 994 2827 Joh.
868 2807 969 2930 G.P.
1046 2797 3001 3036 hat ihre Wangen gestreichelt, ihro Hände,
1087 2977 2878 3193 als wenn stes noch fühlen könnte....
1075 3159 2827 3306 hat es gar nicht geglaubt.... Du aber
1092 3311 2371 3513 hast es geehnt, nicht wahr?
1095 3481 1296 3601 Was!
804 3491 1050 3609 Hans.
