3384 4200
2680 653 2805 827 43
672 862 1501 1057 Hans, Wohin denn!
680 986 2772 1190 Sala. Nach Asien mit dem Grafen Lansh###...Zu
967 1184 1228 1333 weit?
686 1322 1377 1480 Hans. Weshalb?
688 1415 2867 1645 Sala. Nun, Sie sahen mich so merkwürdig an, es
973 1623 2618 1780 war ein etwas unvorsichtiger Blick.
981 1794 1572 1943 In wie fern?
688 1802 943 1930 Hans.
981 1862 2732 2087 Ich versichre Sie, dass ich mich vor¬
705 1959 948 2070 Sala.
986 2070 2775 2228 trefflich befinde. Natürlich werde ich
938 2203 2794 2398 mich bevor ich absegbe, der Ordnung hal¬
986 2360 2675 2550 ber von Ihnen untersuchen lassen....
705 2520 2780 2702 Frau Pflugf. Aber Herr von Sala, Sie gehören
992 2653 2835 2835 doch nicht zu jenen, die ihre Angelegen
997 2840 2041 3011 heiten ordnen wollen? —
986 2965 2913 3144 Nein, gnädige Frau, wahrhaftig- das liegt
710 2992 957 3111 Sala.
986 3141 2794 3314 mir fern. Umso fener, als man in einem
1000 3260 2864 3458 solchen Fall nur die Angelegenheiten an-
1000 3425 2938 3607 drer ordnet, die uns dann eigentlich nicht
986 3583 2859 3778 mehr sehr viel kümmenheellten. Aber ich
