3528 4232
2815 618 2997 800 167
1157 811 2810 993 sich beim Grafen Lansky für mich zu
1162 1001 1658 1191 verwenden.
1212 1152 2924 1316 Jetzt frag ich Sie : sprechen Sie im
930 1222 1183 1337 Sala.
1155 1298 1473 1486 Ernst?
936 1449 1796 1634 Hans. Vollkommen.
943 1572 3002 1785 Sala. Das freut mich natürlich sehr. Immer -
1165 1749 2966 1918 hin glaub ich mich verpflichtet, bevor
1084 1903 2966 2080 Sie selbst sich als gebunden betrachten,
1129 2095 3096 2200 Sie darauf aufmerksam zu machen, dass die
1152 2184 3055 2366 se Unternehmung in der Tat zu & n schot -
1147 2364 2317 2541 rigsten ihrer Art gehört.
1770 2505 2111 2669 rois dans
946 2505 1728 2705 Hans. Ich weiss.
959 2622 3055 2856 Sala. Dass wir nicht nur allerhand Unannehm -
1139 2802 2963 3002 Ichketten und Strapazen, sondern, wie
1199 2945 2864 3161 wir, die entschlossen sind, wissen
1155 3114 3047 3294 nicht unbeträchtlichen Gefahren entgegen
1199 3315 1501 3474 gehen.
956 3380 2958 3654 Hans. Ich hoffe, dass ich mich nicht allzu
