3288 4152
1032 519 2865 802 Stück von Ihnen, Herr von Sala, vor vie
1048 657 2882 979 len Jahren eine spanische Prinzessin ge¬
1060 929 1570 1121 spielt hat.
1060 940 2865 1270 Leider. Prinzessinnen waren ihre Sache
1082 1146 2996 1409 wahrhaftig nicht; sie hat in ihrem Leben
796 1137 1035 1309 Sala.
1087 1284 3076 1573 keine Verse sprechen können. / erhebt steh
754 1293 926 1470 G.C.H.F.P
990 1404 2893 1698 Ober wahrhaftig ich habe meinen Besuch
707 1420 957 1614 sala.
1123 1559 2874 1878 schon etwas zu lange ausgedehnt. Ich
1129 1750 2851 2028 kann das vor Ihren Aerzten nicht ver-
999 1742 1098 1853 Z M
707 1717 918 1914 A.S.
1140 1847 2982 2177 antworten, gnädige Frau. Nun adieu. Ich
718 1889 951 2017 N:o 20.
1173 2019 3007 2363 freue mich, Sie so wohl gefunden zu ha¬
1173 2172 3046 2471 ben. Hoffentlich darf ich Sie jetzt bald
1134 2421 2402 2630 in metnam Hause begrüssent!
1146 2566 2180 2801 Pflugf. Ist es fertig?
924 2605 3159 2915 Sala. Heute schlaf ich zum erstenmale dort. Aber
907 2635 1129 2777 Frau
1151 2771 3093 3109 man muss sich beetlen, wenn man mich noch
735 2937 940 3065 said
1223 2935 3021 3265 entreffen will: ich trete nämlich bald
1251 3082 3123 3412 eine grosse Reise an. Ich hab es eben frei
1262 3342 2544 3592 er Fräulein Johanna erzählt.
