3320 4120
2687 557 2814 802 72
826 686 2863 955 Irens. Das spür ich doch, das muss man doch
1120 931 1425 1109 spüren
810 1071 3003 1263 Jul. Ich glaube immer Du bist noch heute nicht
1095 1230 2232 1436 ganz objektiv gegen ihn.
824 1364 1578 1551 Irene. Wieso.?
1713 1394 2849 1548 cht mit xxx undzwanzig J
807 1512 2803 1718 Jul. Du trägst ihm nach, dass Du vor zwölf
1087 1647 2973 1856 Jahren in seinem Stück keinen Erfolg ge.
1087 1820 1611 1993 habt hast.
667 1982 2874 2147 Ihr Das sind leider schon vierzehn Jahre. Und was
1101 2133 2915 2278 seine sogenannten Dichtungen anbelangt,
1095 2254 2948 2454 so halt ich ste für blödstnnig. Bekannt¬
1084 2427 2833 2578 I ich steh ich mit dieser Ansicht nicht
1090 2550 2792 2729 vereinzelt ja. Aber Du kennst ihn ja
1076 2707 2833 2877 nicht. Aper és ist ja wahr, um diesen
1071 2855 2880 3069 Herrn ganz kenne zu lernen hat man ihn
1090 2995 2822 3206 auf den Prüben sehen milssen. / kopie-
1076 3181 2954 3379 rend / : mein Fräulein es sind Verse....
1079 3310 2923 3541 Verze, mein Fräuleinl.... das muse man
1079 3456 2921 3728 von ihm gehört haben, um zu wissen, was
