3384 4152
1114 622 3034 900 Strausseniedern kommst übrigens nicht an.
1131 787 2959 1036 Rein, wenn man so denkt..... lang, lang,
1134 981 2939 1209 ists her, dass ich mit Dir im Mirabell-
1140 1128 2962 1339 park spazteren ging. — lang, lang.....
2771 1252 2872 1371 et
1125 1296 2479 1490 Und er erlebt noch immer...
871 1420 2979 1620 Jul. / einfach/ aber das ist ja alles längst
1148 1640 1365 1799 aus.
868 1655 3202 1941 Irene Wiel Die.../Geste, mit der sie die vallen-
1215 1811 2991 2106 den Federn andeutet / die ist abgetan###
2016 2036 2615 2169 vraVoh! mai n
885 2039 1258 2204 Jul. Ja.
1224 2114 3112 2352 Ich kann mir nicht helfen; es freut mich
891 2201 1171 2354 Irene.
1163 2233 3138 2499 noch immer, wenn Du mit so einer Geschleh-
1180 2430 3063 2652 te zu Ende bist. Obwar es ja ein Uns tn
1195 2528 2973 2788 tst. Gewiss hat schon wieder was Neues
1235 2690 3037 2858 angefangen.... kann man übrigens einen
1189 2849 1718 3034 Tee haben?
920 2997 3026 3190 Jul. Gewiss. Auf dem Samewar, wenn Du willst.
937 3083 3008 3312 Irene. Ja, wo ist er denn! / zu einem Tisch-
1218 3254 3147 3454 chen / ich weiss ja, da muss er sein. Und
1244 3390 3107 3676 der Teel...O ich erinnere mich ja noch.
