3480 4248
2699 682 2881 829 178
1036 864 2889 1003 wenn wir dadurch nur um eine Stunde des
1041 993 2914 1183 Glücks oder der Lust reicher werden kon
1054 1173 2846 1332 ten? Haben wir je unsre Existenz unser
1056 1281 3089 1461 Leben aufs Sptel gesetzt um das Wohlergehen
1112 1458 2955 1607 eines Wesens zu befördern, das stch uns
1082 1620 3010 1792 gegeben hatte? Haben wir je auf ein Glück
1082 1752 2869 1931 verzichtet, wenn dieser Verzicht nicht
1084 1913 2985 2075 wenigstens zu unserer Bequemlichkeit bei
1084 2057 3025 2242 getragen hatte, und glauben Sie, dass wir
1135 2204 2972 2386 von einer, auch nur von einer - die wir
1150 2383 2897 2522 geliebt zu haben meinen, irgend etwas
1150 2510 2904 2687 zurückfordern könnten, das wir thnen
1165 2669 3109 2826 geschenkt hatten.... ich meine keine Per
1153 2818 2965 2972 lenschnur und keine Rente, sondern ein
1153 2982 2955 3134 Stück von unserm Wesen, das wir an ste
1127 3119 2972 3308 verloren, ohne uns gleich dafür bezahlt
1175 3303 3008 3465 zu machen..... mein lieber Julian, wir
1130 3422 2945 3604 haben die Türen offen stehen und unsre
1130 3619 3023 3794 Schätze sehen lassen - aber Verschwender
