3432 4232
2714 632 2897 798 122
1046 812 2741 1025 könnt ich sicherer meine Wege gehen,
1052 970 2780 1158 wenn ich andre weniger gut verstünde.
771 1104 2968 1373 Joh. Warum sagst Du dann, dass es Dich um mich
1117 1303 1428 1504 bangt?
771 1420 2905 1673 Hans. Johanna — ich möchte, dass Du unserm Va¬
1079 1586 2414 1798 ter keinen Kummer berettest.
1036 1752 2894 1946 Steht das bet mir allein? Was fürchtst
798 1834 1014 1978 Joh.
1076 1932 2935 2087 Du denn eigentlich für mich, Hans? Oder
1104 2025 2780 2232 sage mir lieber was Du für mich wün¬
1098 2188 2929 2376 schest — ich weiss — haum wts es kom —
1098 2376 1646 2570 mon mues...
1106 2512 2998 2698 Was ich wünsche... Du bist meine Schwes¬
826 2581 1063 2709 Hans
1120 2703 1700 2864 ter Johanna!
828 2771 2965 2992 Johanna. Ach so - um ehrlich Hans, ganz ehr¬
1166 2987 2998 3153 lich: wenn irgend ein braver guter Jun-
1136 3136 2829 3316 ge käme und der nähme mich zur Frau,
1128 3289 2913 3477 wärst Du dann ruhig für ihn und micht.
845 3442 2897 3657 Hans. Johannal Ich weiss wohin Deine Träume
