3432 4184
2847 654 3034 787 135
1116 782 3063 988 Dieser letzte Augenblick mag von längerer
1116 1011 3032 1126 Dauer sein, als wir ahnen. Besonders für
1172 1121 3032 1277 solche, die noch nicht fortwollen, die
1129 1272 3024 1434 nicht bereit sind. Und sie war nicht be¬
1180 1424 3024 1577 rett., das ist es.... nein, ste konnte
1172 1631 2981 1744 nicht bereit sein. Wir hatten einander
1175 1790 2945 1880 so vieles zu sagen - wir wollten noch
1139 1880 3114 2052 so vieles von einander hören.... nein, ste
1131 2042 2950 2211 war nicht von denen, die einen solchen
1131 2229 3073 2367 Tod gewünscht haben - nein! Kein letzter
1121 2350 2981 2498 Händedruck, kein Hauch auf die Stirne,
1182 2516 3088 2678 ke in Wort.... man muss nur fühlen, was
1180 2675 3152 2842 das bedeutet!..... fort - einfach fort!...
1200 2834 2993 2991 dagegen lehnt sich irgend etwas in mir
1188 2963 2950 3140 auf. Und ich war nicht dabei, ak sie
1180 3099 3042 3306 starb — und kein andrer konnte in ihren
1152 3286 3011 3460 blinden Augen lesen, als ich.... nein
1172 3447 2139 3632 Hans, auch Du nicht!
936 3614 2998 3778 Hans. Es ist nicht so wie Du glaubst Vater.
