3368 4152
2732 480 2885 718 74
1329 657 1490 877 G.F.P.
788 746 1248 943 Jul. Ja.
774 818 3007 1051 Irene. Was der Zufall will Es war meine feste
1065 968 3010 1237 Absicht, wenn ich Dich heute wieder nicht
1076 1140 2790 1392 treffe, so fahr ich weg... ich habe
1076 1354 2893 1551 nämlich schoh ein paar mal nachgefragt.
804 1445 1517 1670 Jul. Ich weiss.
802 1612 2904 1839 Irene. Als wenn ich eine Ahnung gehabt hätte.
1098 1767 3032 2008 Ich freue mich ja so. Aber öfters schret-
1096 1964 3071 2155 ben hättest Du mir können; oder wenigstens
874 2053 1035 2202 .S.
1087 2103 3071 2302 Deine Adresse lassen, damit ich Dir schrei
1093 2266 2899 2466 ben kann. Oder hast Du keine Briefe be¬
2838 2394 2965 2544 G.C.F.P
1110 2430 1792 2599 kommen dürfen?
2355 2460 2455 2560 P7
824 2574 2532 2752 Jul. Dürfen?.... Ah Du meinst —
832 2693 2832 2899 Irene. Ich meine nichts, ich weise alles,
1107 2840 2851 3037 Sie soll ja sehr hübsch gewesen sein.
1118 2993 3001 3187 In Salzburg auf dem Bahnhof hatte sie et
1115 3115 3010 3334 nen Hut mit Straussenfedern. Dass man se
1121 3265 2907 3523 was auf Reisen nicht trägt, kannst Du
1140 3434 2893 3686 ihr von mir auerlohten... na, auf die
