3384 4232
862 694 2854 931 Sala. Wie an manchen Tagen alles Vergangen
1113 862 2854 1072 aus allen Ecken herverkriecht.... war
1182 1047 2353 1229 sie noch nicht bei Ihnen!
890 1187 1716 1411 Krau Pflugf. Wert
906 1292 3017 1551 Sala. Nun, Irene Herms,. Ich habe sie nämlich
1193 1444 3113 1689 heute gesehen. Nur von Weitem allerdings.
1215 1614 2967 1843 Ich hätte wahrhaftig den Wagen warten
1226 1777 2909 1989 halten lassen können und sie fragen;
1231 1879 2986 2141 ste müsste doch eigentlich wissen,
1251 2110 2378 2281 sich Jultan herumtreibt.
973 2187 3165 2446 Frau Pflugf. Natürlich - die ewige Freundin...
1262 2333 3141 2576 Ewige Freundt,nt! das ist ein gutes Wert,
973 2485 1234 2708 Sala.
1273 2482 3025 2716 das nur zwei ganz kleine Unwahrheiten
1287 2645 3017 2893 enthält: die von der Evigkeit und die
1287 2805 2298 3042 von der Freundschaft.
1019 2926 3149 3196 Frau Pflugf. Ich dachte übrigens, sie wäre in
1300 3157 1722 3353 Hamburg.
1030 3207 3248 3524 Sala. Nein, sie soll die Bühne verlassen haben.
1047 3435 3008 3692 Johanna. Ich weiss noch dass sie in einem
