3480 4232
2783 515 2965 684 165
1173 758 1625 928 Wer tsts?
1176 806 2962 1068 Hans tst auf der Terasse erschienen
1654 1144 2658 1350 3. Auftritt.
1422 1292 2397 1514 Hans. Julian. Sala.
1025 1625 1765 1860 Hans. Ich bins.
1044 1789 2191 2006 Sala. Sie - Doktor Hans?
1052 1884 3073 2148 Hans. / von der Terrasse herunter kommend /
1245 2090 3094 2317 Bleibe, Sie nur. Guten Abend. / er gibt
1268 2230 3084 2444 beiden die Hand. / Ich komme Ihnen hof
1284 2402 3153 2606 fentlich nicht ungelegen. Herr von Sala?
1089 2481 3208 2753 Sala. Ich freue mich sehr Sie endlich bei mir
1332 2730 1768 2912 zu sehen.
1089 2814 3221 3094 Hans. Aufrichtig gestanden, es ist nicht nur,
1295 3005 3195 3192 um ein Versprechen einzulösen, ich hätte
1353 3129 3195 3361 ein paar Worte mit Ihnen zu reden, Herr
1319 3361 1749 3528 von Sala.
1126 3488 1860 3707 Jul. Ich störet
