3416 4152
2734 589 2876 723 86
1124 698 3157 904 meinst Du wirklich das wäre damals passiert
1134 897 2917 1077 in Zürich — meinst Du ich hätte so was
1142 1046 3069 1227 anstellen können, wenn wir-ein Kind, wann
1127 1201 2891 1362 wir das Kind gehabt hätten. Frag Dich
1150 1372 2976 1504 doch aufs Gewissen Julian, glaubst Dus?
1142 1486 2927 1672 Ich nicht und Du auch nicht. Na, also!
1129 1636 2979 1806 Alles wäre anders gekommen, alles!.....
1142 1814 3041 1987 Wir wären zusammen geblieben, wir hätten
1142 1982 3088 2145 noch ein paar Kinder gekriegt, wir hätten
1147 2093 3033 2261 uns gehetratet, wir möchten zusammen le¬
1155 2248 3026 2449 ben ich wär nicht ein altes Schlossfräu-
1158 2457 2486 2571 lein und Du wärst nicht....
866 2635 2292 2762 Julian. Ein alter Junggeselle.
876 2679 2951 2914 Irene. Na, wenn Dus selbst sagst...Nun, und
1163 2881 2834 3046 die Hauptsache wir hätten ein Kind -
1158 3098 2108 3289 ich hätte ein Kind -
2129 3134 2449 3354 Pause.
866 3297 2948 3571 Julian. / tst im Zimmer auf und ab gegangen,
