3368 4152
2684 471 2817 623 85
1014 609 2831 806 sich erst sozusagen die wahre Treue in
1017 742 2870 978 mir entwickelt. Denn was ich später er-
1069 909 2870 1130 lebt habe... aber es ist nicht zu ver¬
1072 1061 2875 1271 langen, dass ein Mann so was versteht.
1036 1230 2911 1440 Ich verstehs ganz gut, Irene. Du kannst
814 1321 1011 1493 Jul.
2327 1385 2579 1515 G.H.F.P.
1091 1404 1737 1576 mirs glauben.
825 1521 3058 1728 Irene. Im übrigen will ich Dir was sagen,m Juli-
1116 1668 3019 1850 tan. Es war doch nur die gerechte Strafe
1130 1834 1850 2041 für uns beidek.
839 2030 1776 2210 Jul. Für uns beide?
850 2133 2914 2313 Irene. Ja. Darauf bin ich schon lange gekom¬
1130 2291 2482 2515 men.... die gerechte Strafe.
853 2468 1911 2665 Jul. Für uns betdel...
870 2618 2064 2798 Irene, Ja, für Dich auch.
864 2731 3017 2911 Jul. Das versteh ich aber wirklich nicht, wie
1152 2917 1859 3083 meinst Du das?
1897 2933 2197 3058 o1r. n
892 3030 2908 3224 Irene. Wir habens ja nicht anders verdient.
881 3199 2094 3374 Jul. Wirt?... Wiese denn?
897 3277 3127 3526 Irene. / ernst / Du bist ja so gescheit Julian
1174 3443 3161 3662 was glaubst Du : wär das damals geschehen,
