<?xml version="1.0" encoding="UTF-8" standalone="yes"?>
<PcGts xmlns="http://schema.primaresearch.org/PAGE/gts/pagecontent/2013-07-15" xmlns:xsi="http://www.w3.org/2001/XMLSchema-instance" xsi:schemaLocation="http://schema.primaresearch.org/PAGE/gts/pagecontent/2013-07-15 http://schema.primaresearch.org/PAGE/gts/pagecontent/2013-07-15/pagecontent.xsd">
    <Metadata>
        <Creator>prov=READ-COOP:name=TrHtr:version=2.1.0:model_id=51170:date=28_07_2023_18:34</Creator>
        <Created>2023-05-10T11:41:05.845+02:00</Created>
        <LastChange>2023-07-28T18:34:34.357+02:00</LastChange>
        <TranskribusMetadata docId="1428170" pageId="55390293" pageNr="66" tsid="131370550" status="IN_PROGRESS" userId="64420" imgUrl="https://files.transkribus.eu/Get?id=JXGROTFKBQUFSXBKYXXZVHBK&amp;fileType=view" xmlUrl="https://files.transkribus.eu/Get?id=LECDHWKJNXHGULHCYZSCJJGA" imageId="44665179"/>
    </Metadata>
    <Page imageFilename="1428170_0066.jpg" imageWidth="3480" imageHeight="4248">
        <ReadingOrder>
            <OrderedGroup id="ro_1711802916505" caption="Regions reading order">
                <RegionRefIndexed index="0" regionRef="tr_1"/>
                <RegionRefIndexed index="1" regionRef="tr_2"/>
            </OrderedGroup>
        </ReadingOrder>
        <TextRegion id="tr_1" custom="readingOrder {index:0;}">
            <Coords points="955,529 3161,529 3161,2153 955,2153"/>
            <TextLine id="tr_1_tl_1" custom="readingOrder {index:0;}">
                <Coords points="2725,662 2746,657 2784,624 2795,632 2814,630 2828,643 2858,643 2863,499 2828,502 2811,488 2749,535 2727,535"/>
                <Baseline points="2743,582 2776,582 2821,582 2865,579"/>
                <TextEquiv>
                    <Unicode>62</Unicode>
                </TextEquiv>
            </TextLine>
            <TextLine id="tr_1_tl_2" custom="readingOrder {index:1;}">
                <Coords points="1210,866 1631,885 2111,814 2407,858 2524,792 2858,773 2863,678 2570,632 2209,700 2060,643 1737,722 1555,670 1460,738 1218,725"/>
                <Baseline points="1229,794 1259,797 1304,794 1349,791 1394,788 1438,788 1483,785 1528,782 1573,779 1618,776 1662,776 1707,773 1752,773 1797,770 1841,767 1886,764 1931,764 1976,758 2021,758 2065,758 2110,752 2155,752 2200,749 2244,749 2289,746 2334,743 2379,743 2424,740 2468,737 2513,734 2558,734 2603,731 2647,728 2692,725 2737,725 2782,722 2827,716 2871,710"/>
                <TextEquiv>
                    <Unicode>ich von einigen lächerlichen Unter-</Unicode>
                </TextEquiv>
            </TextLine>
            <TextLine id="tr_1_tl_3" custom="readingOrder {index:2;}">
                <Coords points="1227,958 1341,947 1547,1007 1775,999 1813,1029 2016,963 2068,974 2073,893 1848,847 1574,893 1362,898 1322,860 1232,882"/>
                <Baseline points="1244,949 1271,952 1316,949 1361,946 1406,943 1450,943 1495,940 1540,940 1585,940 1629,937 1674,934 1719,931 1764,931 1809,928 1853,925 1898,922 1943,919 1988,919 2032,919 2077,919"/>
                <TextEquiv>
                    <Unicode>brechungen absehe.</Unicode>
                </TextEquiv>
            </TextLine>
            <TextLine id="tr_1_tl_4" custom="readingOrder {index:3;}">
                <Coords points="1224,1107 1533,1151 1715,1086 2646,1048 2809,1107 2866,1088 2871,969 1227,1031"/>
                <Baseline points="1238,1101 1262,1098 1307,1098 1352,1095 1397,1092 1441,1092 1486,1089 1531,1086 1576,1086 1620,1083 1665,1083 1710,1080 1755,1077 1800,1074 1844,1071 1889,1068 1934,1068 1979,1065 2023,1065 2068,1062 2113,1059 2158,1059 2203,1056 2247,1053 2292,1050 2337,1047 2382,1047 2427,1044 2471,1044 2516,1041 2561,1038 2606,1035 2650,1035 2695,1032 2740,1032 2785,1029 2830,1029 2874,1032"/>
                <TextEquiv>
                    <Unicode>Nun, dem liesse sich doch abhelfen.</Unicode>
                </TextEquiv>
            </TextLine>
            <TextLine id="tr_1_tl_5" custom="readingOrder {index:4;}">
                <Coords points="936,1142 972,1140 993,1123 1012,1137 1064,1134 1115,1115 1156,1142 1194,1132 1197,1034 1180,1034 1167,1048 1123,1037 1091,1050 1058,1026 974,1029 942,1015"/>
                <Baseline points="955,1116 976,1116 1020,1113 1065,1110 1110,1110 1155,1107 1200,1107"/>
                <TextEquiv>
                    <Unicode>Sala.</Unicode>
                </TextEquiv>
            </TextLine>
            <TextLine id="tr_1_tl_6" custom="readingOrder {index:5;}">
                <Coords points="947,1300 1455,1341 2643,1197 2779,1251 3126,1202 3132,1086 953,1216"/>
                <Baseline points="964,1262 985,1265 1029,1265 1074,1265 1119,1262 1164,1259 1209,1256 1253,1253 1298,1250 1343,1247 1388,1247 1432,1244 1477,1241 1522,1238 1567,1235 1612,1235 1656,1235 1701,1232 1746,1229 1791,1226 1835,1226 1880,1220 1925,1220 1970,1217 2015,1214 2059,1212 2104,1212 2149,1212 2194,1209 2238,1206 2283,1206 2328,1203 2373,1203 2418,1200 2462,1197 2507,1197 2552,1191 2597,1188 2641,1185 2686,1182 2731,1182 2776,1179 2821,1179 2865,1176 2910,1176 2955,1173 3000,1173 3044,1170 3089,1173 3134,1173"/>
                <TextEquiv>
                    <Unicode>Jul. Es ist mir nicht unbekannt, lieber Freund,</Unicode>
                </TextEquiv>
            </TextLine>
            <TextLine id="tr_1_tl_7" custom="readingOrder {index:6;}">
                <Coords points="1232,1465 2890,1389 2944,1376 2950,1265 1237,1341"/>
                <Baseline points="1250,1406 1295,1403 1340,1403 1385,1400 1429,1397 1474,1397 1519,1394 1564,1391 1609,1388 1653,1388 1698,1385 1743,1385 1788,1382 1832,1379 1877,1376 1922,1376 1967,1373 2012,1370 2056,1367 2101,1367 2146,1364 2191,1361 2235,1361 2280,1358 2325,1355 2370,1352 2415,1352 2459,1349 2504,1349 2549,1346 2594,1343 2638,1340 2683,1340 2728,1334 2773,1331 2818,1331 2862,1328 2907,1325 2952,1331"/>
                <TextEquiv>
                    <Unicode>dass es auch für mich noch allerhand</Unicode>
                </TextEquiv>
            </TextLine>
            <TextLine id="tr_1_tl_8" custom="readingOrder {index:7;}">
                <Coords points="1237,1577 2415,1555 3031,1490 3037,1403 1240,1506"/>
                <Baseline points="1253,1555 1292,1552 1337,1549 1382,1549 1426,1546 1471,1546 1516,1543 1561,1540 1606,1537 1650,1534 1695,1534 1740,1531 1785,1528 1829,1525 1874,1522 1919,1519 1964,1516 2009,1513 2053,1513 2098,1510 2143,1510 2188,1510 2232,1510 2277,1507 2322,1504 2367,1501 2412,1498 2456,1498 2501,1495 2546,1495 2591,1489 2635,1489 2680,1489 2725,1483 2770,1480 2815,1480 2859,1477 2904,1477 2949,1474 2994,1471 3038,1468"/>
                <TextEquiv>
                    <Unicode>Zerstreuung und Geselligkeit auf Erden</Unicode>
                </TextEquiv>
            </TextLine>
            <TextLine id="tr_1_tl_9" custom="readingOrder {index:8;}">
                <Coords points="1254,1769 1688,1688 2014,1742 2974,1664 3001,1544 1262,1639"/>
                <Baseline points="1271,1707 1301,1707 1346,1701 1391,1701 1435,1698 1480,1695 1525,1692 1570,1689 1615,1686 1659,1683 1704,1680 1749,1677 1794,1677 1838,1671 1883,1671 1928,1668 1973,1665 2018,1662 2062,1662 2107,1662 2152,1659 2197,1656 2241,1656 2286,1656 2331,1653 2376,1650 2421,1647 2465,1644 2510,1644 2555,1641 2600,1638 2644,1635 2689,1635 2734,1632 2779,1629 2824,1626 2868,1623 2913,1620 2958,1620 3003,1623"/>
                <TextEquiv>
                    <Unicode>gäbe; aber mit dem was ich in der Art</Unicode>
                </TextEquiv>
            </TextLine>
            <TextLine id="tr_1_tl_10" custom="readingOrder {index:9;}">
                <Coords points="1248,1932 2391,1799 3113,1802 3115,1718 2247,1710 1254,1805"/>
                <Baseline points="1265,1853 1280,1850 1325,1847 1370,1844 1415,1844 1459,1844 1504,1841 1549,1838 1594,1835 1638,1832 1683,1829 1728,1829 1773,1826 1818,1823 1862,1823 1907,1820 1952,1818 1997,1815 2041,1818 2086,1812 2131,1812 2176,1809 2221,1809 2265,1806 2310,1803 2355,1800 2400,1797 2444,1797 2489,1794 2534,1791 2579,1788 2624,1788 2668,1785 2713,1782 2758,1782 2803,1779 2847,1776 2892,1773 2937,1773 2982,1770 3027,1770 3071,1770 3116,1770"/>
                <TextEquiv>
                    <Unicode>noch haben kann, ist mir nicht gedtent.</Unicode>
                </TextEquiv>
            </TextLine>
            <TextLine id="tr_1_tl_11" custom="readingOrder {index:10;}">
                <Coords points="1246,2038 3118,1951 3156,1829 2247,1910 1935,1853 1821,1929 1617,1894 1520,1962 1251,1965"/>
                <Baseline points="1262,2000 1280,2000 1325,1997 1370,1994 1415,1994 1459,1991 1504,1988 1549,1988 1594,1985 1638,1982 1683,1979 1728,1976 1773,1973 1818,1970 1862,1967 1907,1964 1952,1964 1997,1961 2041,1961 2086,1958 2131,1955 2176,1952 2221,1952 2265,1952 2310,1946 2355,1946 2400,1943 2444,1940 2489,1937 2534,1937 2579,1934 2624,1931 2668,1931 2713,1931 2758,1928 2803,1925 2847,1922 2892,1916 2937,1916 2982,1913 3027,1913 3071,1910 3116,1907 3161,1910"/>
                <TextEquiv>
                    <Unicode>nein, nein! Ich wie viele Lügen habe ich</Unicode>
                </TextEquiv>
            </TextLine>
            <TextLine id="tr_1_tl_12" custom="readingOrder {index:11;}">
                <Coords points="1251,2168 1815,2114 2274,2185 2459,2117 3113,2098 3118,1992 1256,2095"/>
                <Baseline points="1268,2143 1283,2143 1328,2140 1373,2137 1417,2137 1462,2134 1507,2134 1552,2128 1597,2125 1641,2122 1686,2119 1731,2116 1776,2113 1820,2113 1865,2107 1910,2107 1955,2107 2000,2104 2044,2101 2089,2098 2134,2098 2179,2095 2224,2092 2268,2092 2313,2086 2358,2086 2403,2083 2447,2080 2492,2077 2537,2077 2582,2074 2627,2071 2671,2071 2716,2068 2761,2065 2806,2062 2850,2059 2895,2059 2940,2056 2985,2053 3030,2050 3074,2047 3119,2053"/>
                <TextEquiv>
                    <Unicode>mir in dem vergangenen Jahren erschlei¬</Unicode>
                </TextEquiv>
            </TextLine>
        </TextRegion>
        <TextRegion id="tr_2" custom="readingOrder {index:1;}">
            <Coords points="1265,2153 3215,2153 3215,3663 1265,3663"/>
            <TextLine id="tr_2_tl_1" custom="readingOrder {index:0;}">
                <Coords points="1270,2293 2817,2274 2822,2141 1273,2231"/>
                <Baseline points="1286,2286 1304,2283 1349,2280 1394,2277 1438,2277 1483,2277 1528,2274 1573,2271 1618,2268 1662,2265 1707,2262 1752,2259 1797,2256 1841,2256 1886,2253 1931,2253 1976,2250 2021,2247 2065,2244 2110,2241 2155,2238 2200,2238 2244,2235 2289,2232 2334,2229 2379,2229 2424,2226 2468,2224 2513,2221 2558,2218 2603,2218 2647,2215 2692,2212 2737,2209 2782,2206 2827,2203"/>
                <TextEquiv>
                    <Unicode>chen, erbetteln, erkaufen müssen!</Unicode>
                </TextEquiv>
            </TextLine>
            <TextLine id="tr_2_tl_2" custom="readingOrder {index:1;}">
                <Coords points="1278,2461 1837,2407 1954,2448 2174,2385 2331,2426 2410,2377 2917,2418 2923,2304 2776,2269 1284,2364"/>
                <Baseline points="1295,2429 1316,2429 1361,2427 1406,2424 1450,2421 1495,2421 1540,2418 1585,2415 1629,2412 1674,2409 1719,2406 1764,2406 1809,2403 1853,2400 1898,2400 1943,2397 1988,2397 2032,2394 2077,2391 2122,2388 2167,2385 2212,2385 2256,2379 2301,2376 2346,2376 2391,2373 2435,2373 2480,2370 2525,2370 2570,2364 2615,2364 2659,2361 2704,2358 2749,2355 2794,2355 2838,2352 2883,2352 2928,2352"/>
                <TextEquiv>
                    <Unicode>es ekelt mtr, wenn ich daran denke.</Unicode>
                </TextEquiv>
            </TextLine>
            <TextLine id="tr_2_tl_3" custom="readingOrder {index:2;}">
                <Coords points="1267,2608 1696,2573 1943,2627 2195,2545 2909,2597 3107,2545 3113,2451 2877,2415 1273,2532"/>
                <Baseline points="1286,2585 1325,2582 1370,2579 1415,2579 1459,2576 1504,2576 1549,2576 1594,2570 1638,2567 1683,2567 1728,2564 1773,2564 1818,2561 1862,2558 1907,2558 1952,2555 1997,2552 2041,2552 2086,2549 2131,2546 2176,2543 2221,2540 2265,2537 2310,2534 2355,2534 2400,2531 2444,2528 2489,2525 2534,2525 2579,2522 2624,2519 2668,2519 2713,2516 2758,2513 2803,2513 2847,2510 2892,2507 2937,2507 2982,2507 3027,2501 3071,2501 3116,2501"/>
                <TextEquiv>
                    <Unicode>Aber an Lügen glaubt man nur so lange,</Unicode>
                </TextEquiv>
            </TextLine>
            <TextLine id="tr_2_tl_4" custom="readingOrder {index:3;}">
                <Coords points="1251,2746 3069,2711 3094,2583 1254,2692"/>
                <Baseline points="1265,2743 1307,2740 1352,2740 1397,2737 1441,2734 1486,2731 1531,2728 1576,2728 1620,2725 1665,2725 1710,2719 1755,2719 1800,2716 1844,2713 1889,2710 1934,2710 1979,2707 2023,2704 2068,2704 2113,2701 2158,2698 2203,2695 2247,2692 2292,2689 2337,2689 2382,2686 2427,2683 2471,2683 2516,2683 2561,2680 2606,2677 2650,2671 2695,2671 2740,2668 2785,2665 2830,2662 2874,2659 2919,2659 2964,2656 3009,2653 3053,2653 3098,2653"/>
                <TextEquiv>
                    <Unicode>als sie wenigstens noch von einem Hauch</Unicode>
                </TextEquiv>
            </TextLine>
            <TextLine id="tr_2_tl_5" custom="readingOrder {index:4;}">
                <Coords points="1305,2923 3045,2868 3134,2852 3140,2722 2665,2773 2179,2725 1913,2822 1799,2776 1308,2828"/>
                <Baseline points="1319,2886 1352,2886 1397,2883 1441,2883 1486,2880 1531,2877 1576,2877 1620,2874 1665,2871 1710,2868 1755,2865 1800,2862 1844,2862 1889,2862 1934,2859 1979,2856 2023,2856 2068,2850 2113,2850 2158,2847 2203,2844 2247,2841 2292,2841 2337,2838 2382,2835 2427,2832 2471,2832 2516,2827 2561,2827 2606,2824 2650,2824 2695,2821 2740,2818 2785,2818 2830,2815 2874,2812 2919,2809 2964,2806 3009,2803 3053,2803 3098,2800 3143,2797"/>
                <TextEquiv>
                    <Unicode>der Wahrheit gefärbt sind. Jetzt fangen</Unicode>
                </TextEquiv>
            </TextLine>
            <TextLine id="tr_2_tl_6" custom="readingOrder {index:5;}">
                <Coords points="1313,3042 1702,3026 2000,3096 2407,3018 3056,3012 3167,2982 3170,2904 2996,2836 2687,2923 2244,2890 1316,2982"/>
                <Baseline points="1328,3038 1337,3035 1382,3033 1426,3033 1471,3030 1516,3030 1561,3027 1606,3024 1650,3021 1695,3018 1740,3018 1785,3015 1829,3012 1874,3009 1919,3006 1964,3006 2009,3003 2053,3000 2098,2997 2143,2994 2188,2994 2232,2991 2277,2988 2322,2988 2367,2985 2412,2985 2456,2982 2501,2979 2546,2973 2591,2973 2635,2970 2680,2967 2725,2964 2770,2964 2815,2961 2859,2958 2904,2955 2949,2955 2994,2955 3038,2952 3083,2949 3128,2946 3173,2949"/>
                <TextEquiv>
                    <Unicode>sie schon an unheimlich blass zu werden.</Unicode>
                </TextEquiv>
            </TextLine>
            <TextLine id="tr_2_tl_7" custom="readingOrder {index:6;}">
                <Coords points="1313,3197 1503,3262 2741,3181 3020,3132 3029,3007 2779,3075 2486,3029 2285,3105 1319,3115"/>
                <Baseline points="1328,3185 1373,3185 1417,3185 1462,3185 1507,3182 1552,3179 1597,3176 1641,3176 1686,3173 1731,3170 1776,3167 1820,3167 1865,3164 1910,3161 1955,3161 2000,3158 2044,3155 2089,3152 2134,3149 2179,3146 2224,3146 2268,3143 2313,3143 2358,3140 2403,3137 2447,3134 2492,3131 2537,3131 2582,3125 2627,3122 2671,3119 2716,3116 2761,3116 2806,3113 2850,3110 2895,3110 2940,3107 2985,3101 3030,3104"/>
                <TextEquiv>
                    <Unicode>Und es verlangt mich nicht mehr nach</Unicode>
                </TextEquiv>
            </TextLine>
            <TextLine id="tr_2_tl_8" custom="readingOrder {index:7;}">
                <Coords points="1316,3398 3113,3284 3118,3200 2738,3229 2440,3172 1615,3297 1322,3270"/>
                <Baseline points="1334,3346 1373,3343 1417,3340 1462,3337 1507,3337 1552,3334 1597,3334 1641,3331 1686,3328 1731,3325 1776,3325 1820,3322 1865,3319 1910,3316 1955,3313 2000,3310 2044,3307 2089,3304 2134,3301 2179,3301 2224,3301 2268,3298 2313,3295 2358,3292 2403,3292 2447,3289 2492,3286 2537,3283 2582,3280 2627,3277 2671,3277 2716,3274 2761,3271 2806,3268 2850,3268 2895,3265 2940,3262 2985,3262 3030,3256 3074,3256 3119,3253"/>
                <TextEquiv>
                    <Unicode>ihnen. Von aller Glut, mit der ich die</Unicode>
                </TextEquiv>
            </TextLine>
            <TextLine id="tr_2_tl_9" custom="readingOrder {index:8;}">
                <Coords points="1322,3563 3208,3425 3213,3284 2722,3387 1327,3417"/>
                <Baseline points="1340,3495 1379,3492 1423,3492 1468,3489 1513,3486 1558,3483 1603,3483 1647,3480 1692,3477 1737,3477 1782,3474 1826,3471 1871,3468 1916,3468 1961,3465 2006,3459 2050,3459 2095,3456 2140,3456 2185,3453 2229,3453 2274,3450 2319,3447 2364,3447 2409,3444 2453,3441 2498,3438 2543,3436 2588,3433 2632,3430 2677,3427 2722,3427 2767,3424 2812,3424 2856,3421 2901,3421 2946,3418 2991,3415 3035,3412 3080,3409 3125,3409 3170,3412 3215,3409"/>
                <TextEquiv>
                    <Unicode>Welt umfasst habe, ist nichts mehr übrig</Unicode>
                </TextEquiv>
            </TextLine>
            <TextLine id="tr_2_tl_10" custom="readingOrder {index:9;}">
                <Coords points="1324,3685 2242,3612 2440,3653 2708,3588 2858,3634 3088,3593 3094,3479 1330,3577"/>
                <Baseline points="1343,3650 1349,3653 1394,3650 1438,3647 1483,3647 1528,3644 1573,3641 1618,3639 1662,3636 1707,3636 1752,3633 1797,3630 1841,3627 1886,3624 1931,3621 1976,3621 2021,3618 2065,3615 2110,3615 2155,3612 2200,3609 2244,3606 2289,3603 2334,3600 2379,3600 2424,3597 2468,3594 2513,3591 2558,3591 2603,3588 2647,3588 2692,3585 2737,3582 2782,3579 2827,3579 2871,3576 2916,3576 2961,3573 3006,3567 3050,3567 3095,3564"/>
                <TextEquiv>
                    <Unicode>als etne Art törichter Grimm, dass es</Unicode>
                </TextEquiv>
            </TextLine>
        </TextRegion>
    </Page>
</PcGts>
