3432 4248
2811 585 2944 811 31.
1132 716 2806 985 Schiffsarzt gewesen und ich hab ihn
857 814 985 1031 S
1154 974 1652 1148 begleitet.
1151 1059 3018 1271 Ich erinnere mich. Hans ist ja nicht in
863 1137 1121 1312 Sala.
1157 1249 2256 1434 Wien zur Welt gekommen.
879 1361 2988 1592 Frau Pflugf. Aber seit wir in Wien sind, woh¬
1165 1527 2890 1728 nen wir hier. Im Sommer sind wir ja
1173 1687 2237 1883 meistens auf dem Land.
893 1807 2610 2046 Sala. Nur kommen Sie zu früh herein.
901 1948 3089 2144 Frau Pflugf. Das ging heuer nicht anders. Mein
1173 2112 3045 2348 Mann bildete sich ein, er müsse täglich
1197 2278 3102 2460 hin und her fahren, weil ich leidend war
1206 2408 3121 2650 das ist bet diesen kurzen Tagen recht un-
1203 2558 3181 2816 bequem. Es ist übrigens ein früher Herbst,
1206 2778 2357 2920 man verliert nicht viel.
1260 2906 3189 3121 O, es werden noch wundervolle Tage kommen
928 2917 1173 3105 sala.
1181 3018 3105 3249 »Sie werden sehen... und diese späten
1184 3165 3002 3407 sind am schönsten auf dem Land. Diese
1227 3314 3154 3524 Spätektobertage, wenn die Wälder rot wer-
1230 3500 3067 3690 den und der goldene Dunst über den Fel¬
