3368 4216
2712 570 2889 700 121
988 725 2791 874 schen, die sich verneigen und ein blu¬
986 842 2750 1026 men bestreuter Weg...... Ja Hans, da¬
983 988 2889 1197 mals konnten wir freilich über alles re¬
991 1197 2712 1325 den; da stand jedes Wort so reinlich
988 1374 2794 1482 und klank geputzt da, wie eine hübsche
986 1461 2872 1659 Puppe mit einer Märohenseele. Jetzt aber
999 1634 2834 1786 ist alles, was ausgesprochen ui rd, wie
996 1776 2710 1985 eine hohe Wand und hinter ihr warten
986 1906 2875 2107 Scharen von vermumnten Gestalten und je-
1002 2074 2840 2253 de ist bereit hervorzustürzen — und vor
983 2226 2845 2438 mancher würde uns schäern, wenn sie die
975 2463 2802 2563 Maske abwürfe. Wie können wir nun von
996 2541 1862 2742 der Zukunft reden!
698 2731 1390 2870 Hans. Johanna!
703 2818 2886 3054 Joh. Du kannst mir doch darum nicht böse sein!
969 3027 1252 3215 Hans!
690 3141 2780 3331 Hans. Nein, ich glaube Dich ja zu verstehen.
692 3348 1572 3521 Joh. Das fühl ich.
700 3418 2753 3714 Hans. Aber wahrhaftig mir ist manchmal, als
