3384 4088
1431 148 3016 440 König mußt vorkommen stügen.
302 292 896 610 shall das 1. M.
569 440 2607 736 verwandt, älterer, den xxx.
333 723 846 921 Cukril
340 717 2717 1107 gutts talu... dass er geehrt mit Karl zulären ist,
497 947 2566 1274 Er ihr alle Freunde Breiter. Dieses konnte
305 1164 2569 1472 me nach einem Haus malis-Cutsil macht. Eine
220 1349 1764 1623 dasselbe... xxxx. etc. -
340 1478 2513 1739 immer sich, um sie auf d will mein..
318 1572 2849 1969 teil hebt. Beit mich in diesem Aht vorkommen.
333 1962 755 2154 pene.
425 2000 1544 2315 e Reul à tale fort!
409 2007 2733 2472 gune... Gut lieben Geht ein Rind:... to
359 2422 1088 2632 sol er der hf.
472 2488 2680 2815 - Er war viel zusammen mit dir Berth auf
428 2746 1667 2934 Kirche ist ihr sehr gern.
664 2925 1774 3158 er ist kein kein Maße....
541 3016 2843 3337 Houlbust vifs. an ein Efers:  Er weisigt und
544 3208 2742 3554 diese Karl um dich glaub u lange.. er in
560 3526 1717 3799 in Council. etc.
1947 3604 2154 3881 P.
1293 3629 1966 3919 I amriged
613 3699 1271 3941 Hintran
