3480 4280
2797 699 2959 842 133
1124 872 2548 1055 es eine Erlösung bedeutet hat.
923 1017 2914 1251 Pflugf. Ich wusste es. So? Sie denken....
1111 1142 2891 1368 Mag sein. Ich bin allerdings nicht so
1170 1322 3041 1500 vollkommen überzeugt — denn es ist aen -
1131 1485 3033 1637 höchst sonderbarm wie man sich in Aller¬
1182 1602 3089 1795 lei findet. Ja die Wetsheit ist freilich
1187 1782 3043 1955 nicht für jedemann, aber ich wiederhole
1154 1955 2965 2105 es: eigentümliche Menschen finden sich
1167 2077 3112 2268 in Lose, die andern unerträglich sche inen
1167 2245 3071 2433 möchten.... Ja, wenn man sehr reich ist
1180 2413 2817 2606 kann man auf Mancherlei verzichten
1182 2550 2904 2713 auf Vieles, selbst auf das Ltoht des
1213 2741 2949 2876 Himmels. Und sie hat verzichtet. Nun
1243 2870 3031 3036 freilich das musste sie ; aber sie hat
1236 3005 2975 3186 sich auch darein gefunden - ja, des
1200 3176 3132 3356 halb ist das schöne Wort von der Erlösung
1198 3346 3198 3539 hier nicht völlig angebracht, es erbittert
1198 3437 3244 3684 mich sogar ein wenig. Nun entschuldigen Sie
1200 3610 3041 3847 mich Hehr Werber, ich weiss all das
