3448 4152
1051 754 2118 940 Dus überhaupt... Nein?
785 851 2559 1092 Jul. Und wenn ich es selbst wüsste...
798 1059 1383 1242 Irene Wiese!
782 1159 2850 1392 Jul. Es käme wohl auf selbe heraus. Es würde
760 1347 2986 1536 ja doch vahrscheinlich nicht mir gehören.
793 1508 2068 1702 Irene. Du hast eines...I
801 1661 1788 1833 Jul. Es tst mögl ich.
798 1794 2468 1991 Irene. So sag mirs doch.
798 1955 2479 2151 Jul. Nun ja ich hab ein Kind.
2545 1960 2626 2146 P.S.
807 2090 2889 2321 Irene. Er hat ein Kind..... und ich weiss es
1087 2215 2889 2423 ntoht. Er hat wirklich ein Kind — — —
1092 2382 2894 2612 ### ist es denn! — ein Bubl So erzähl
1073 2523 2972 2770 mir doch — — wie alt ist es denn?....
810 2659 1822 2917 Jul. Frag mich nicht.
2304 2839 2459 3058 C.C.
815 2872 2204 3077 Irene. Ich wills aber wissen.
815 3025 2881 3208 Jul. Es tot ganz gleichgiltig. Ich wetss gar
1092 3188 2933 3382 nichts von diesem xxx ind. Es tat so wett,
1098 3302 2914 3527 so wett fert... Ich hab gar nichts da¬
1092 3474 3064 3643 mit su tun.... gar nie etwas damit su tun
