3400 4216
2832 517 2974 727 26
1208 744 3174 962 agnose falsch gewesen sein könnte, — nein
1203 921 3125 1088 ich glaube an Rückbildungen, an allerlet
1227 1025 3106 1230 Vorgänge, die auch den feinsten Untersu-
1192 1222 3029 1471 chungsmetheden entgehen, und immer ent-
1189 1443 1815 1566 gehen werden.
951 1493 2529 1722 Bernh. An Wunder— mit einem Wort!
949 1711 3147 1856 Pflugf. Ja, mein lieber Bernhardt, an die ganz
1197 1785 3133 2012 besonders. Denn für mich hört das Wunder¬
1203 1952 3095 2127 bare noch lange nicht auf, wenn ich ein-
1238 2067 3056 2296 mal eine gewisse Gesetzmässigkeit ent-
1263 2272 3073 2447 deckt habe. Da fängt es für mich erst
1304 2510 1747 2624 recht an.
1304 2564 2974 2767 Aber daraus wird ja ein Wortstrett.
990 2627 1277 2777 Bernh.
1279 2736 3157 2914 Gewisse Sicherheiten wollen wir nun ein-
1268 2898 3157 3059 mal gelten lassen. Vorläufig wenigstens.
1282 3026 3133 3220 Wozu bauen wir Häuser? um darin zu woh-
1323 3229 3103 3373 nen, nicht, damit sie noch in tausend
1285 3401 3182 3535 Jahren stehen. — Na, ich muss nun gehen.
1236 3466 3065 3693 Mit Deinem Sohn hab ich das Nähere be-
