3464 4232
2743 578 2935 732 125
1343 889 2354 1051 2. Auftritt.
1081 1111 2451 1284 Irene tritt ein. Begrüssung.
786 1303 2838 1546 Hans. Liebes Fräulein Herms, wie sehr haben
1076 1554 2043 1697 wir Ihnen zu danken!
811 1659 2881 1886 Irene. Aber ich bitte Sie, ich war ja glück-
1084 1794 2927 1957 lich, dass ich durch mein bisschen Vor¬
1092 1949 2884 2135 lesen Ihrer armen Mutter über ein paar
954 2105 1270 2216 schwere
1084 2108 3013 2346 Stunden habe weghelfen können. Ich wollt,
1111 2340 2465 2435 Ich könnt es noch wetter tun.
808 2381 2946 2575 Hans. Nun fahren Sie wohl wieder nach Hause.!
824 2551 2994 2789 Irene. Ja. Denken Sie, meine kleinen Neffen ha-
1108 2735 2865 2892 ben mir geschrieben, sie sehnen sich
1097 2859 2930 3051 nach mir. So ein Stöpsel ist der jünge¬
1100 3111 2570 3186 re - der sehnt sich auch schon.
811 3186 2670 3378 Joh. Und werden Sie bald wieder kommen?
822 3340 2916 3559 Irene. Nein, ich glaube nicht. Es macht moh
1108 3492 2762 3721 zu traurig hier herum zu spazieren.
