<?xml version="1.0" encoding="UTF-8" standalone="yes"?>
<PcGts xmlns="http://schema.primaresearch.org/PAGE/gts/pagecontent/2013-07-15" xmlns:xsi="http://www.w3.org/2001/XMLSchema-instance" xsi:schemaLocation="http://schema.primaresearch.org/PAGE/gts/pagecontent/2013-07-15 http://schema.primaresearch.org/PAGE/gts/pagecontent/2013-07-15/pagecontent.xsd">
    <Metadata>
        <Creator>prov=READ-COOP:name=TrHtr:version=2.1.0:model_id=51170:date=28_07_2023_18:35</Creator>
        <Created>2023-05-10T11:41:20.886+02:00</Created>
        <LastChange>2023-07-28T18:35:06.345+02:00</LastChange>
        <TranskribusMetadata docId="1428170" pageId="55390980" pageNr="180" tsid="131370667" status="IN_PROGRESS" userId="64420" imgUrl="https://files.transkribus.eu/Get?id=VCJMGQRGEXNXKGAJQNBFHCNR&amp;fileType=view" xmlUrl="https://files.transkribus.eu/Get?id=DWXLMXHMFOMTYPVPVWLGWXDH" imageId="44665865"/>
    </Metadata>
    <Page imageFilename="1428170_0180.jpg" imageWidth="3496" imageHeight="4248">
        <ReadingOrder>
            <OrderedGroup id="ro_1711803038052" caption="Regions reading order">
                <RegionRefIndexed index="0" regionRef="tr_1"/>
                <RegionRefIndexed index="1" regionRef="tr_2"/>
            </OrderedGroup>
        </ReadingOrder>
        <TextRegion id="tr_1" custom="readingOrder {index:0;}">
            <Coords points="1110,741 3021,741 3021,2508 1110,2508"/>
            <TextLine id="tr_1_tl_1" custom="readingOrder {index:0;}">
                <Coords points="2818,851 2845,851 2858,840 2896,851 2909,846 2947,875 2971,856 2992,864 2989,715 2955,731 2920,704 2904,715 2893,709 2880,723 2815,728"/>
                <Baseline points="2830,794 2874,791 2919,791 2964,791 2997,797"/>
                <TextEquiv>
                    <Unicode>176</Unicode>
                </TextEquiv>
            </TextLine>
            <TextLine id="tr_1_tl_2" custom="readingOrder {index:1;}">
                <Coords points="1103,961 1400,1006 2609,958 2799,1017 2799,897 2596,867 1962,905 1841,824 1365,875 1103,830"/>
                <Baseline points="1116,958 1161,964 1206,964 1250,964 1295,964 1340,964 1385,964 1429,961 1474,964 1519,961 1564,961 1609,964 1653,961 1698,961 1743,961 1788,961 1832,961 1877,958 1922,958 1967,961 2012,961 2056,961 2101,961 2146,961 2191,961 2235,961 2280,961 2325,961 2370,958 2415,961 2459,958 2504,958 2549,958 2594,958 2638,958 2683,958 2728,958 2773,958 2806,961"/>
                <TextEquiv>
                    <Unicode>denn nicht? Ich liebe ihn, nicht nur</Unicode>
                </TextEquiv>
            </TextLine>
            <TextLine id="tr_1_tl_3" custom="readingOrder {index:2;}">
                <Coords points="1095,1135 2154,1119 2342,1199 2840,1210 2840,1041 2749,1033 1095,1070"/>
                <Baseline points="1110,1122 1146,1122 1191,1119 1235,1119 1280,1119 1325,1116 1370,1119 1415,1119 1459,1119 1504,1119 1549,1119 1594,1119 1638,1116 1683,1119 1728,1116 1773,1116 1818,1116 1862,1116 1907,1116 1952,1116 1997,1116 2041,1116 2086,1119 2131,1116 2176,1116 2221,1116 2265,1116 2310,1116 2355,1116 2400,1113 2444,1116 2489,1116 2534,1116 2579,1116 2624,1113 2668,1113 2713,1113 2758,1113 2803,1110 2847,1110"/>
                <TextEquiv>
                    <Unicode>weil er mein Sohn ist, weil er so ist</Unicode>
                </TextEquiv>
            </TextLine>
            <TextLine id="tr_1_tl_4" custom="readingOrder {index:3;}">
                <Coords points="1145,1306 2339,1269 2668,1360 2912,1271 2912,1156 2818,1207 2583,1167 2291,1231 1145,1242"/>
                <Baseline points="1161,1277 1173,1277 1217,1277 1262,1277 1307,1274 1352,1274 1397,1274 1441,1274 1486,1274 1531,1274 1576,1274 1620,1274 1665,1274 1710,1274 1755,1271 1800,1274 1844,1271 1889,1271 1934,1271 1979,1271 2023,1271 2068,1271 2113,1268 2158,1268 2203,1268 2247,1271 2292,1271 2337,1268 2382,1268 2427,1268 2471,1268 2516,1268 2561,1268 2606,1268 2650,1265 2695,1265 2740,1265 2785,1265 2830,1265 2874,1265 2919,1265"/>
                <TextEquiv>
                    <Unicode>wie er ist lieb ich ihn - weil ich ei</Unicode>
                </TextEquiv>
            </TextLine>
            <TextLine id="tr_1_tl_5" custom="readingOrder {index:4;}">
                <Coords points="1153,1453 1793,1432 2007,1512 2197,1426 2524,1507 2692,1429 2987,1424 2987,1335 1153,1376"/>
                <Baseline points="1167,1426 1203,1426 1247,1426 1292,1426 1337,1429 1382,1429 1426,1426 1471,1426 1516,1423 1561,1423 1606,1423 1650,1423 1695,1423 1740,1423 1785,1423 1829,1423 1874,1423 1919,1423 1964,1420 2009,1420 2053,1420 2098,1420 2143,1420 2188,1420 2232,1420 2277,1420 2322,1420 2367,1420 2412,1420 2456,1417 2501,1420 2546,1420 2591,1420 2635,1417 2680,1417 2725,1417 2770,1417 2815,1417 2859,1417 2904,1417 2949,1417 2994,1420"/>
                <TextEquiv>
                    <Unicode>ne geheimnisvolle innere Verwandtschaft</Unicode>
                </TextEquiv>
            </TextLine>
            <TextLine id="tr_1_tl_6" custom="readingOrder {index:5;}">
                <Coords points="1140,1590 1943,1579 2192,1657 2858,1616 2858,1509 2564,1485 2093,1539 1140,1512"/>
                <Baseline points="1155,1588 1164,1588 1209,1582 1253,1582 1298,1582 1343,1579 1388,1579 1432,1579 1477,1579 1522,1576 1567,1576 1612,1576 1656,1576 1701,1579 1746,1576 1791,1573 1835,1573 1880,1576 1925,1576 1970,1573 2015,1576 2059,1576 2104,1573 2149,1573 2194,1573 2238,1570 2283,1573 2328,1570 2373,1570 2418,1570 2462,1570 2507,1570 2552,1570 2597,1567 2641,1567 2686,1567 2731,1567 2776,1567 2821,1567 2865,1573"/>
                <TextEquiv>
                    <Unicode>fühle, weil ich in ihn die Elemente</Unicode>
                </TextEquiv>
            </TextLine>
            <TextLine id="tr_1_tl_7" custom="readingOrder {index:6;}">
                <Coords points="1103,1788 1868,1734 2767,1790 2947,1766 2947,1651 1103,1694"/>
                <Baseline points="1116,1737 1161,1734 1206,1731 1250,1731 1295,1731 1340,1731 1385,1731 1429,1731 1474,1731 1519,1728 1564,1728 1609,1731 1653,1731 1698,1731 1743,1728 1788,1728 1832,1728 1877,1728 1922,1728 1967,1728 2012,1728 2056,1728 2101,1728 2146,1728 2191,1728 2235,1728 2280,1728 2325,1728 2370,1725 2415,1728 2459,1728 2504,1728 2549,1728 2594,1728 2638,1728 2683,1725 2728,1725 2773,1725 2818,1725 2862,1725 2907,1722 2952,1716"/>
                <TextEquiv>
                    <Unicode>meines eigenen Wesens wiederfinde nur</Unicode>
                </TextEquiv>
            </TextLine>
            <TextLine id="tr_1_tl_8" custom="readingOrder {index:7;}">
                <Coords points="1105,1919 1715,1892 1884,1970 2058,1889 2189,1938 2299,1889 2807,1962 3016,1908 3019,1825 1108,1833"/>
                <Baseline points="1119,1886 1140,1886 1185,1883 1229,1883 1274,1883 1319,1883 1364,1883 1409,1883 1453,1883 1498,1883 1543,1883 1588,1883 1632,1883 1677,1883 1722,1880 1767,1883 1812,1883 1856,1883 1901,1883 1946,1883 1991,1883 2035,1883 2080,1883 2125,1880 2170,1880 2215,1880 2259,1880 2304,1880 2349,1877 2394,1877 2438,1880 2483,1877 2528,1880 2573,1880 2618,1880 2662,1880 2707,1880 2752,1880 2797,1880 2841,1880 2886,1880 2931,1877 2976,1874 3021,1874"/>
                <TextEquiv>
                    <Unicode>besser zusammengefügt und ins Zweckvolle</Unicode>
                </TextEquiv>
            </TextLine>
            <TextLine id="tr_1_tl_9" custom="readingOrder {index:8;}">
                <Coords points="1108,2055 2567,2104 2674,2039 2904,2066 2906,1935 2674,2002 2120,1943 1108,2005"/>
                <Baseline points="1122,2044 1164,2038 1209,2038 1253,2035 1298,2038 1343,2038 1388,2038 1432,2038 1477,2035 1522,2035 1567,2035 1612,2035 1656,2035 1701,2035 1746,2032 1791,2032 1835,2032 1880,2035 1925,2035 1970,2035 2015,2035 2059,2032 2104,2032 2149,2029 2194,2029 2238,2029 2283,2029 2328,2029 2373,2029 2418,2032 2462,2032 2507,2032 2552,2032 2597,2035 2641,2032 2686,2029 2731,2032 2776,2032 2821,2029 2865,2029 2910,2035"/>
                <TextEquiv>
                    <Unicode>gewandt, - und dann lteb ich ihn, weil</Unicode>
                </TextEquiv>
            </TextLine>
            <TextLine id="tr_1_tl_10" custom="readingOrder {index:9;}">
                <Coords points="1119,2213 2213,2189 2500,2256 2984,2208 2984,2130 1119,2133"/>
                <Baseline points="1134,2197 1155,2197 1200,2194 1244,2191 1289,2191 1334,2191 1379,2191 1423,2191 1468,2191 1513,2191 1558,2191 1603,2191 1647,2191 1692,2191 1737,2188 1782,2188 1826,2188 1871,2188 1916,2188 1961,2185 2006,2188 2050,2188 2095,2185 2140,2185 2185,2188 2229,2185 2274,2185 2319,2185 2364,2185 2409,2185 2453,2188 2498,2185 2543,2188 2588,2188 2632,2188 2677,2188 2722,2188 2767,2188 2812,2185 2856,2185 2901,2185 2946,2182 2991,2182"/>
                <TextEquiv>
                    <Unicode>, ich fühle, dass er es wäre, das er es</Unicode>
                </TextEquiv>
            </TextLine>
            <TextLine id="tr_1_tl_11" custom="readingOrder {index:10;}">
                <Coords points="1103,2363 3003,2401 3003,2269 2813,2253 1103,2291"/>
                <Baseline points="1116,2349 1128,2346 1173,2346 1217,2346 1262,2346 1307,2346 1352,2346 1397,2346 1441,2346 1486,2346 1531,2346 1576,2346 1620,2343 1665,2343 1710,2343 1755,2343 1800,2343 1844,2346 1889,2343 1934,2343 1979,2343 2023,2343 2068,2343 2113,2343 2158,2343 2203,2343 2247,2343 2292,2343 2337,2343 2382,2343 2427,2343 2471,2343 2516,2343 2561,2340 2606,2340 2650,2340 2695,2340 2740,2340 2785,2340 2830,2340 2874,2337 2919,2340 2964,2337 3009,2337"/>
                <TextEquiv>
                    <Unicode>sein müsste, der mich von der Einsamkeit</Unicode>
                </TextEquiv>
            </TextLine>
            <TextLine id="tr_1_tl_12" custom="readingOrder {index:11;}">
                <Coords points="1140,2550 2010,2497 2157,2580 2492,2564 2904,2508 2944,2438 1140,2459"/>
                <Baseline points="1155,2495 1158,2498 1203,2498 1247,2495 1292,2495 1337,2495 1382,2495 1426,2495 1471,2495 1516,2498 1561,2495 1606,2495 1650,2492 1695,2492 1740,2492 1785,2495 1829,2492 1874,2495 1919,2492 1964,2495 2009,2495 2053,2495 2098,2495 2143,2495 2188,2495 2232,2495 2277,2495 2322,2495 2367,2492 2412,2492 2456,2492 2501,2492 2546,2492 2591,2492 2635,2492 2680,2492 2725,2492 2770,2492 2815,2492 2859,2492 2904,2489 2949,2483"/>
                <TextEquiv>
                    <Unicode>meines Alters befreit, und dass er der</Unicode>
                </TextEquiv>
            </TextLine>
        </TextRegion>
        <TextRegion id="tr_2" custom="readingOrder {index:1;}">
            <Coords points="919,2597 3083,2597 3083,3571 919,3571"/>
            <TextLine id="tr_2_tl_1" custom="readingOrder {index:0;}">
                <Coords points="1148,2666 1865,2652 2419,2765 2904,2690 2904,2577 1732,2625 1228,2558 1148,2604"/>
                <Baseline points="1164,2650 1209,2650 1253,2650 1298,2650 1343,2653 1388,2653 1432,2650 1477,2653 1522,2650 1567,2650 1612,2650 1656,2653 1701,2650 1746,2650 1791,2650 1835,2650 1880,2653 1925,2653 1970,2650 2015,2650 2059,2653 2104,2650 2149,2650 2194,2650 2238,2650 2283,2650 2328,2650 2373,2650 2418,2650 2462,2647 2507,2647 2552,2647 2597,2647 2641,2647 2686,2647 2731,2647 2776,2647 2821,2647 2865,2647 2910,2647"/>
                <TextEquiv>
                    <Unicode>Einzige ist, der es in würdiger Weise</Unicode>
                </TextEquiv>
            </TextLine>
            <TextLine id="tr_2_tl_2" custom="readingOrder {index:1;}">
                <Coords points="1159,2834 1228,2845 1263,2831 1322,2853 1400,2826 1477,2837 1501,2810 1542,2807 1584,2829 1582,2730 1483,2751 1376,2727 1322,2765 1250,2724 1156,2749"/>
                <Baseline points="1170,2797 1214,2797 1259,2800 1304,2800 1349,2800 1394,2800 1438,2800 1483,2800 1528,2800 1573,2803 1585,2803"/>
                <TextEquiv>
                    <Unicode>tun kann.</Unicode>
                </TextEquiv>
            </TextLine>
            <TextLine id="tr_2_tl_3" custom="readingOrder {index:2;}">
                <Coords points="1178,3003 2029,2952 2232,3035 2850,3021 2850,2901 2757,2858 2644,2920 2492,2872 2243,2914 2152,2861 1178,2890"/>
                <Baseline points="1191,2952 1200,2952 1244,2952 1289,2952 1334,2952 1379,2952 1423,2952 1468,2952 1513,2952 1558,2949 1603,2949 1647,2949 1692,2952 1737,2949 1782,2949 1826,2949 1871,2949 1916,2949 1961,2949 2006,2952 2050,2949 2095,2949 2140,2949 2185,2949 2229,2949 2274,2949 2319,2949 2364,2949 2409,2949 2453,2946 2498,2946 2543,2949 2588,2952 2632,2952 2677,2952 2722,2949 2767,2949 2812,2949 2856,2949"/>
                <TextEquiv>
                    <Unicode>Das altern tst an und für stch eine</Unicode>
                </TextEquiv>
            </TextLine>
            <TextLine id="tr_2_tl_4" custom="readingOrder {index:3;}">
                <Coords points="915,2971 1012,2984 1041,2963 1062,2976 1103,2963 1121,2979 1148,2981 1151,2914 1065,2882 1054,2885 1025,2866 1006,2872 998,2866 945,2914 918,2912"/>
                <Baseline points="931,2958 976,2955 1020,2955 1065,2955 1110,2955 1155,2955"/>
                <TextEquiv>
                    <Unicode>Sala.</Unicode>
                </TextEquiv>
            </TextLine>
            <TextLine id="tr_2_tl_5" custom="readingOrder {index:4;}">
                <Coords points="1105,3126 2585,3185 3075,3139 3075,3024 1105,3046"/>
                <Baseline points="1119,3101 1164,3098 1209,3101 1253,3101 1298,3101 1343,3101 1388,3101 1432,3101 1477,3098 1522,3098 1567,3101 1612,3098 1656,3101 1701,3098 1746,3098 1791,3101 1835,3101 1880,3101 1925,3101 1970,3101 2015,3104 2059,3104 2104,3104 2149,3104 2194,3101 2238,3101 2283,3101 2328,3101 2373,3098 2418,3098 2462,3098 2507,3098 2552,3101 2597,3101 2641,3101 2686,3098 2731,3101 2776,3101 2821,3101 2865,3098 2910,3098 2955,3098 3000,3098 3044,3098 3083,3101"/>
                <TextEquiv>
                    <Unicode>einsame Beschäftigung, besonders für unser</Unicode>
                </TextEquiv>
            </TextLine>
            <TextLine id="tr_2_tl_6" custom="readingOrder {index:5;}">
                <Coords points="1105,3254 1223,3313 1394,3260 2229,3262 2347,3343 2556,3367 2810,3305 2810,3153 1105,3220"/>
                <Baseline points="1119,3250 1161,3250 1206,3250 1250,3250 1295,3253 1340,3253 1385,3250 1429,3253 1474,3253 1519,3253 1564,3250 1609,3250 1653,3250 1698,3250 1743,3253 1788,3253 1832,3253 1877,3253 1922,3250 1967,3250 2012,3250 2056,3253 2101,3250 2146,3250 2191,3250 2235,3250 2280,3250 2325,3250 2370,3247 2415,3247 2459,3250 2504,3250 2549,3250 2594,3250 2638,3250 2683,3250 2728,3250 2773,3250 2818,3247"/>
                <TextEquiv>
                    <Unicode>einen, man muss sich eben bei Zeiten</Unicode>
                </TextEquiv>
            </TextLine>
            <TextLine id="tr_2_tl_7" custom="readingOrder {index:6;}">
                <Coords points="1113,3444 1408,3412 1657,3450 1748,3415 1841,3439 1954,3418 1954,3364 1766,3356 1699,3308 1651,3351 1469,3359 1287,3292 1113,3369"/>
                <Baseline points="1128,3403 1173,3403 1217,3403 1262,3403 1307,3406 1352,3403 1397,3403 1441,3403 1486,3403 1531,3403 1576,3403 1620,3403 1665,3403 1710,3400 1755,3400 1800,3403 1844,3403 1889,3403 1934,3406 1961,3403"/>
                <TextEquiv>
                    <Unicode>danach einrichten.</Unicode>
                </TextEquiv>
            </TextLine>
            <TextLine id="tr_2_tl_8" custom="readingOrder {index:7;}">
                <Coords points="905,3567 3032,3575 3056,3468 905,3503"/>
                <Baseline points="919,3558 964,3558 1009,3561 1053,3561 1098,3561 1143,3561 1188,3561 1232,3558 1277,3558 1322,3558 1367,3558 1412,3558 1456,3558 1501,3558 1546,3558 1591,3555 1635,3555 1680,3555 1725,3555 1770,3552 1815,3555 1859,3555 1904,3552 1949,3552 1994,3552 2038,3552 2083,3552 2128,3552 2173,3552 2218,3552 2262,3552 2307,3552 2352,3552 2397,3555 2441,3552 2486,3552 2531,3555 2576,3555 2621,3552 2665,3552 2710,3555 2755,3555 2800,3555 2844,3555 2889,3555 2934,3555 2979,3558 3024,3561 3059,3561"/>
                <TextEquiv>
                    <Unicode>Jul. Als wenn Sie keines Menschen bedürften...</Unicode>
                </TextEquiv>
            </TextLine>
        </TextRegion>
    </Page>
</PcGts>
