3464 4232
2660 808 2834 966 143
1003 943 2605 1184 gesagt was sie litt...... Dich hat
1003 1117 2855 1377 ste um den Tod gebeten...... und von mir
1021 1304 2909 1475 tst sie ohne Abschied fort. War es nicht
1031 1460 2821 1655 genug — muss ich sie noch einmal ver -
1021 1665 1431 1797 1 teren?
852 1821 1431 1946 Hans. Vater!
855 1886 2946 2117 Pflugf. Lass mich, laß mich.... rühr mich
1091 2057 2891 2223 nicht an. Verantworte was Du getan vor
1060 2210 2977 2403 andern als mir - mir schaudert vor Detner
1091 2364 2865 2538 Hand — vor Deinem Anblick - vor. alten
1073 2590 1423 2725 diesen.
1452 2717 2021 2857 Rasch ab
896 2821 2873 3044 Hans. / ihm nach zur Türe, bleibt stehen/
896 2959 2621 3187 Jultan und Sala retchen ihm die Hand
896 3117 2946 3312 Joh. / zu ihm, wie er ihr die Hand reicht /
1083 3333 1452 3507 Morgen!
1616 3494 1800 3603 ab
