<?xml version="1.0" encoding="UTF-8" standalone="yes"?>
<PcGts xmlns="http://schema.primaresearch.org/PAGE/gts/pagecontent/2013-07-15" xmlns:xsi="http://www.w3.org/2001/XMLSchema-instance" xsi:schemaLocation="http://schema.primaresearch.org/PAGE/gts/pagecontent/2013-07-15 http://schema.primaresearch.org/PAGE/gts/pagecontent/2013-07-15/pagecontent.xsd">
    <Metadata>
        <Creator>prov=READ-COOP:name=TrHtr:version=2.1.0:model_id=51170:date=28_07_2023_18:35</Creator>
        <Created>2023-05-10T11:41:20.067+02:00</Created>
        <LastChange>2023-07-28T18:35:04.728+02:00</LastChange>
        <TranskribusMetadata docId="1428170" pageId="55390944" pageNr="174" tsid="131370661" status="IN_PROGRESS" userId="64420" imgUrl="https://files.transkribus.eu/Get?id=SSFHSJAPTBGWWOIALFNRWCTP&amp;fileType=view" xmlUrl="https://files.transkribus.eu/Get?id=WWBPJFWCLZBFTBZZODEXKRJX" imageId="44665830"/>
    </Metadata>
    <Page imageFilename="1428170_0174.jpg" imageWidth="3544" imageHeight="4248">
        <ReadingOrder>
            <OrderedGroup id="ro_1711803033521" caption="Regions reading order">
                <RegionRefIndexed index="0" regionRef="tr_1"/>
                <RegionRefIndexed index="1" regionRef="tr_2"/>
            </OrderedGroup>
        </ReadingOrder>
        <TextRegion id="tr_1" custom="readingOrder {index:0;}">
            <Coords points="853,663 2979,663 2979,2004 853,2004"/>
            <TextLine id="tr_1_tl_1" custom="readingOrder {index:0;}">
                <Coords points="2738,727 2756,727 2770,745 2780,750 2800,745 2815,757 2837,740 2847,747 2880,725 2882,730 2902,722 2922,725 2927,640 2890,631 2877,638 2855,633 2835,645 2815,638 2780,658 2743,648"/>
                <Baseline points="2752,725 2791,722 2835,719 2880,716 2925,713"/>
                <TextEquiv>
                    <Unicode>170</Unicode>
                </TextEquiv>
            </TextLine>
            <TextLine id="tr_1_tl_2" custom="readingOrder {index:1;}">
                <Coords points="837,995 1132,936 2694,919 2833,891 2835,822 1368,876 1085,807 842,869"/>
                <Baseline points="853,937 868,937 913,937 958,937 1003,937 1047,937 1092,937 1137,934 1182,931 1226,931 1271,928 1316,928 1361,925 1406,925 1450,925 1495,922 1540,919 1585,916 1629,916 1674,913 1719,913 1764,913 1809,910 1853,910 1898,910 1943,907 1988,904 2032,904 2077,901 2122,901 2167,901 2212,898 2256,898 2301,898 2346,898 2391,895 2435,895 2480,892 2525,892 2570,889 2615,889 2659,886 2704,883 2749,883 2794,880 2838,886"/>
                <TextEquiv>
                    <Unicode>Hans. Es war nicht das erstemal, dass ich</Unicode>
                </TextEquiv>
            </TextLine>
            <TextLine id="tr_1_tl_3" custom="readingOrder {index:2;}">
                <Coords points="1050,1137 1085,1149 1177,1100 1256,1102 1298,1125 1328,1107 1373,1122 1415,1107 1477,1115 1480,966 1445,958 1400,986 1363,983 1293,1038 1216,1050 1177,1050 1139,1025 1053,1030"/>
                <Baseline points="1065,1086 1080,1089 1125,1089 1170,1089 1214,1089 1259,1086 1304,1086 1349,1083 1394,1083 1438,1080 1483,1080"/>
                <TextEquiv>
                    <Unicode>es getan.</Unicode>
                </TextEquiv>
            </TextLine>
            <TextLine id="tr_1_tl_4" custom="readingOrder {index:3;}">
                <Coords points="861,1256 941,1278 983,1259 1015,1291 1122,1251 1154,1274 1202,1251 1276,1259 1308,1246 1313,1122 1251,1102 1149,1139 1055,1142 968,1187 953,1174 864,1189"/>
                <Baseline points="874,1253 913,1247 958,1247 1003,1244 1047,1244 1092,1241 1137,1241 1182,1238 1226,1235 1271,1235 1316,1232"/>
                <TextEquiv>
                    <Unicode>Sala Wie?</Unicode>
                </TextEquiv>
            </TextLine>
            <TextLine id="tr_1_tl_5" custom="readingOrder {index:4;}">
                <Coords points="856,1415 2540,1395 2808,1358 2810,1199 1961,1202 1715,1281 1452,1209 1105,1373 859,1321"/>
                <Baseline points="871,1397 889,1397 934,1397 979,1397 1023,1397 1068,1397 1113,1394 1158,1394 1203,1394 1247,1391 1292,1391 1337,1388 1382,1388 1426,1388 1471,1385 1516,1382 1561,1379 1606,1379 1650,1376 1695,1376 1740,1376 1785,1373 1829,1373 1874,1370 1919,1370 1964,1370 2009,1370 2053,1367 2098,1367 2143,1367 2188,1364 2232,1361 2277,1361 2322,1358 2367,1358 2412,1358 2456,1358 2501,1355 2546,1352 2591,1352 2635,1349 2680,1349 2725,1346 2770,1343 2815,1343"/>
                <TextEquiv>
                    <Unicode>Hans. Es war nicht das erstemal, dass ich</Unicode>
                </TextEquiv>
            </TextLine>
            <TextLine id="tr_1_tl_6" custom="readingOrder {index:5;}">
                <Coords points="1045,1559 2199,1514 2490,1557 2808,1532 2810,1450 2070,1445 1825,1507 1477,1393 1048,1490"/>
                <Baseline points="1059,1546 1068,1546 1113,1546 1158,1543 1203,1543 1247,1540 1292,1540 1337,1540 1382,1540 1426,1537 1471,1537 1516,1534 1561,1534 1606,1531 1650,1531 1695,1528 1740,1528 1785,1525 1829,1525 1874,1522 1919,1525 1964,1522 2009,1519 2053,1519 2098,1516 2143,1516 2188,1516 2232,1513 2277,1513 2322,1513 2367,1513 2412,1510 2456,1507 2501,1507 2546,1504 2591,1501 2635,1501 2680,1501 2725,1498 2770,1498 2815,1501"/>
                <TextEquiv>
                    <Unicode>Leiden abkürzte, die ich nicht hetten</Unicode>
                </TextEquiv>
            </TextLine>
            <TextLine id="tr_1_tl_7" custom="readingOrder {index:6;}">
                <Coords points="1060,1713 2609,1686 2890,1666 2974,1584 2048,1624 1882,1544 1063,1651"/>
                <Baseline points="1077,1695 1098,1695 1143,1695 1188,1695 1232,1692 1277,1692 1322,1689 1367,1689 1412,1686 1456,1686 1501,1683 1546,1683 1591,1680 1635,1677 1680,1677 1725,1677 1770,1677 1815,1674 1859,1674 1904,1671 1949,1668 1994,1668 2038,1668 2083,1665 2128,1665 2173,1665 2218,1662 2262,1662 2307,1659 2352,1659 2397,1659 2441,1656 2486,1656 2531,1653 2576,1653 2621,1653 2665,1650 2710,1650 2755,1647 2800,1644 2844,1644 2889,1641 2934,1638 2979,1632"/>
                <TextEquiv>
                    <Unicode>konnte. Aber wann ich mich auch dazu ent¬</Unicode>
                </TextEquiv>
            </TextLine>
            <TextLine id="tr_1_tl_8" custom="readingOrder {index:7;}">
                <Coords points="1058,1862 2825,1835 2907,1817 2909,1750 2542,1651 2356,1713 1390,1720 1060,1782"/>
                <Baseline points="1074,1844 1119,1844 1164,1844 1209,1844 1253,1844 1298,1841 1343,1841 1388,1841 1432,1838 1477,1838 1522,1835 1567,1835 1612,1832 1656,1832 1701,1829 1746,1829 1791,1826 1835,1826 1880,1823 1925,1823 1970,1820 2015,1818 2059,1818 2104,1818 2149,1815 2194,1815 2238,1815 2283,1812 2328,1809 2373,1809 2418,1806 2462,1806 2507,1803 2552,1803 2597,1803 2641,1803 2686,1800 2731,1800 2776,1800 2821,1800 2865,1797 2910,1800"/>
                <TextEquiv>
                    <Unicode>schloss, ich hatte immer nur die Empfin</Unicode>
                </TextEquiv>
            </TextLine>
            <TextLine id="tr_1_tl_9" custom="readingOrder {index:8;}">
                <Coords points="1102,2031 2656,1956 2835,1996 2855,1889 2366,1817 1599,1897 1306,1864 1107,1924"/>
                <Baseline points="1119,1991 1155,1991 1200,1991 1244,1994 1289,1991 1334,1994 1379,1991 1423,1988 1468,1988 1513,1988 1558,1988 1603,1985 1647,1982 1692,1979 1737,1979 1782,1979 1826,1976 1871,1973 1916,1973 1961,1973 2006,1970 2050,1970 2095,1967 2140,1967 2185,1967 2229,1964 2274,1961 2319,1958 2364,1958 2409,1961 2453,1958 2498,1958 2543,1955 2588,1955 2632,1952 2677,1952 2722,1952 2767,1952 2812,1952 2856,1955"/>
                <TextEquiv>
                    <Unicode>dung, dass ich ein Werk der Erlösung</Unicode>
                </TextEquiv>
            </TextLine>
        </TextRegion>
        <TextRegion id="tr_2" custom="readingOrder {index:1;}">
            <Coords points="1077,2048 3027,2048 3027,3696 1077,3696"/>
            <TextLine id="tr_2_tl_1" custom="readingOrder {index:0;}">
                <Coords points="1060,2175 2825,2137 2937,2115 2942,1981 1817,2058 1418,2023 1063,2090"/>
                <Baseline points="1077,2146 1107,2146 1152,2146 1197,2143 1241,2143 1286,2143 1331,2140 1376,2140 1420,2137 1465,2134 1510,2134 1555,2134 1600,2134 1644,2134 1689,2134 1734,2131 1779,2131 1823,2131 1868,2131 1913,2128 1958,2125 2003,2122 2047,2119 2092,2119 2137,2116 2182,2119 2226,2116 2271,2116 2316,2113 2361,2113 2406,2113 2450,2110 2495,2110 2540,2110 2585,2107 2629,2107 2674,2107 2719,2104 2764,2104 2809,2104 2853,2101 2898,2101 2943,2098"/>
                <TextEquiv>
                    <Unicode>übte. Und auch als ich meiner Mutter die</Unicode>
                </TextEquiv>
            </TextLine>
            <TextLine id="tr_2_tl_2" custom="readingOrder {index:1;}">
                <Coords points="1063,2301 2870,2294 2954,2264 2959,2150 1264,2175 1065,2229"/>
                <Baseline points="1077,2298 1083,2298 1128,2298 1173,2298 1217,2298 1262,2295 1307,2295 1352,2292 1397,2289 1441,2289 1486,2286 1531,2286 1576,2286 1620,2283 1665,2283 1710,2286 1755,2283 1800,2283 1844,2280 1889,2280 1934,2277 1979,2277 2023,2277 2068,2274 2113,2271 2158,2271 2203,2268 2247,2268 2292,2268 2337,2265 2382,2265 2427,2262 2471,2262 2516,2262 2561,2259 2606,2259 2650,2259 2695,2259 2740,2256 2785,2256 2830,2256 2874,2253 2919,2250 2964,2247"/>
                <TextEquiv>
                    <Unicode>helfenden Tropfen ins Glas träufelte hat</Unicode>
                </TextEquiv>
            </TextLine>
            <TextLine id="tr_2_tl_3" custom="readingOrder {index:2;}">
                <Coords points="1070,2473 2803,2443 2994,2420 2999,2262 1072,2353"/>
                <Baseline points="1083,2453 1116,2453 1161,2453 1206,2450 1250,2447 1295,2447 1340,2441 1385,2441 1429,2441 1474,2441 1519,2438 1564,2438 1609,2438 1653,2438 1698,2435 1743,2432 1788,2432 1832,2432 1877,2429 1922,2427 1967,2427 2012,2427 2056,2424 2101,2424 2146,2421 2191,2421 2235,2421 2280,2421 2325,2421 2370,2418 2415,2415 2459,2412 2504,2412 2549,2412 2594,2412 2638,2409 2683,2409 2728,2409 2773,2409 2818,2406 2862,2403 2907,2400 2952,2400 2997,2397"/>
                <TextEquiv>
                    <Unicode>meine Hand nicht gezittert. So wenig war</Unicode>
                </TextEquiv>
            </TextLine>
            <TextLine id="tr_2_tl_4" custom="readingOrder {index:3;}">
                <Coords points="1125,2612 2914,2592 3009,2582 3011,2502 2634,2525 2487,2445 1127,2515"/>
                <Baseline points="1137,2609 1179,2606 1223,2606 1268,2603 1313,2603 1358,2600 1403,2600 1447,2597 1492,2597 1537,2597 1582,2594 1626,2594 1671,2594 1716,2594 1761,2594 1806,2591 1850,2591 1895,2591 1940,2588 1985,2588 2029,2585 2074,2585 2119,2582 2164,2582 2209,2582 2253,2579 2298,2576 2343,2576 2388,2576 2432,2573 2477,2573 2522,2570 2567,2570 2612,2573 2656,2570 2701,2570 2746,2570 2791,2567 2835,2567 2880,2567 2925,2564 2970,2561 3015,2561"/>
                <TextEquiv>
                    <Unicode>ich betrrt, dass ich entschlossen war met</Unicode>
                </TextEquiv>
            </TextLine>
            <TextLine id="tr_2_tl_5" custom="readingOrder {index:4;}">
                <Coords points="1070,2795 2783,2758 2882,2718 2885,2656 2185,2694 1996,2607 1537,2614 1072,2696"/>
                <Baseline points="1086,2761 1095,2764 1140,2758 1185,2758 1229,2755 1274,2752 1319,2752 1364,2752 1409,2749 1453,2749 1498,2749 1543,2749 1588,2746 1632,2746 1677,2743 1722,2743 1767,2743 1812,2743 1856,2740 1901,2740 1946,2737 1991,2737 2035,2737 2080,2737 2125,2734 2170,2734 2215,2731 2259,2731 2304,2731 2349,2728 2394,2728 2438,2728 2483,2725 2528,2725 2573,2725 2618,2725 2662,2722 2707,2719 2752,2719 2797,2716 2841,2716 2886,2716"/>
                <TextEquiv>
                    <Unicode>ne Tat als Geheimnis zu bewahren, denn</Unicode>
                </TextEquiv>
            </TextLine>
            <TextLine id="tr_2_tl_6" custom="readingOrder {index:5;}">
                <Coords points="1077,2934 2706,2914 2880,2880 2880,2818 1854,2850 1619,2768 1080,2855"/>
                <Baseline points="1092,2916 1095,2913 1140,2913 1185,2910 1229,2910 1274,2907 1319,2907 1364,2907 1409,2904 1453,2904 1498,2904 1543,2904 1588,2901 1632,2901 1677,2901 1722,2898 1767,2898 1812,2898 1856,2895 1901,2895 1946,2895 1991,2892 2035,2892 2080,2889 2125,2892 2170,2889 2215,2886 2259,2886 2304,2883 2349,2883 2394,2883 2438,2883 2483,2883 2528,2880 2573,2877 2618,2877 2662,2877 2707,2874 2752,2874 2797,2871 2841,2871 2886,2868"/>
                <TextEquiv>
                    <Unicode>wie Wenige konnten, wie Wenige durften</Unicode>
                </TextEquiv>
            </TextLine>
            <TextLine id="tr_2_tl_7" custom="readingOrder {index:6;}">
                <Coords points="1080,3076 2984,3066 3024,2954 2331,2994 2060,2902 1768,2909 1082,3029"/>
                <Baseline points="1095,3068 1101,3068 1146,3065 1191,3065 1235,3065 1280,3065 1325,3065 1370,3062 1415,3062 1459,3062 1504,3062 1549,3062 1594,3059 1638,3056 1683,3056 1728,3053 1773,3053 1818,3050 1862,3050 1907,3050 1952,3047 1997,3047 2041,3044 2086,3044 2131,3044 2176,3041 2221,3041 2265,3041 2310,3041 2355,3038 2400,3041 2444,3038 2489,3038 2534,3035 2579,3035 2624,3038 2668,3035 2713,3033 2758,3030 2803,3030 2847,3030 2892,3027 2937,3027 2982,3021 3027,3021"/>
                <TextEquiv>
                    <Unicode>es verstehen. Es war mir genug, dass ich</Unicode>
                </TextEquiv>
            </TextLine>
            <TextLine id="tr_2_tl_8" custom="readingOrder {index:7;}">
                <Coords points="1090,3252 2867,3215 2870,3133 1946,3155 1658,3066 1298,3091 1092,3173"/>
                <Baseline points="1104,3221 1128,3221 1173,3221 1217,3221 1262,3218 1307,3218 1352,3215 1397,3215 1441,3212 1486,3212 1531,3212 1576,3209 1620,3209 1665,3209 1710,3206 1755,3206 1800,3206 1844,3206 1889,3206 1934,3203 1979,3200 2023,3197 2068,3197 2113,3194 2158,3194 2203,3194 2247,3194 2292,3191 2337,3191 2382,3191 2427,3191 2471,3191 2516,3188 2561,3188 2606,3188 2650,3185 2695,3185 2740,3182 2785,3182 2830,3182 2874,3182"/>
                <TextEquiv>
                    <Unicode>es vor mir selbst verantworten konnte.</Unicode>
                </TextEquiv>
            </TextLine>
            <TextLine id="tr_2_tl_9" custom="readingOrder {index:8;}">
                <Coords points="1115,3394 2952,3356 2954,3284 2852,3247 2525,3287 2271,3197 2058,3302 1629,3215 1492,3267 1120,3247"/>
                <Baseline points="1131,3367 1164,3370 1209,3370 1253,3367 1298,3367 1343,3367 1388,3367 1432,3364 1477,3364 1522,3364 1567,3361 1612,3361 1656,3361 1701,3361 1746,3358 1791,3358 1835,3358 1880,3355 1925,3355 1970,3355 2015,3352 2059,3352 2104,3352 2149,3349 2194,3346 2238,3346 2283,3346 2328,3346 2373,3343 2418,3343 2462,3340 2507,3340 2552,3337 2597,3337 2641,3337 2686,3334 2731,3334 2776,3331 2821,3331 2865,3328 2910,3328 2955,3331"/>
                <TextEquiv>
                    <Unicode>Aber als ich in jener Stunde metnem Va</Unicode>
                </TextEquiv>
            </TextLine>
            <TextLine id="tr_2_tl_10" custom="readingOrder {index:9;}">
                <Coords points="1097,3562 2770,3540 3021,3515 3024,3421 2046,3480 1298,3394 1100,3436"/>
                <Baseline points="1110,3534 1146,3531 1191,3531 1235,3534 1280,3534 1325,3531 1370,3528 1415,3525 1459,3525 1504,3525 1549,3522 1594,3522 1638,3522 1683,3519 1728,3519 1773,3519 1818,3516 1862,3516 1907,3516 1952,3516 1997,3513 2041,3513 2086,3513 2131,3513 2176,3510 2221,3507 2265,3507 2310,3507 2355,3507 2400,3507 2444,3504 2489,3504 2534,3504 2579,3504 2624,3504 2668,3501 2713,3501 2758,3498 2803,3495 2847,3492 2892,3492 2937,3489 2982,3489 3027,3492"/>
                <TextEquiv>
                    <Unicode>ter gegenüber stand, der es nicht glaubte</Unicode>
                </TextEquiv>
            </TextLine>
            <TextLine id="tr_2_tl_11" custom="readingOrder {index:10;}">
                <Coords points="1097,3711 2152,3664 2492,3706 2748,3654 2867,3699 2885,3580 1842,3627 1748,3562 1485,3555 1097,3619"/>
                <Baseline points="1110,3686 1140,3683 1185,3683 1229,3683 1274,3686 1319,3686 1364,3686 1409,3683 1453,3680 1498,3680 1543,3677 1588,3677 1632,3674 1677,3671 1722,3671 1767,3671 1812,3668 1856,3668 1901,3665 1946,3668 1991,3668 2035,3665 2080,3665 2125,3662 2170,3662 2215,3662 2259,3662 2304,3662 2349,3659 2394,3659 2438,3659 2483,3659 2528,3659 2573,3659 2618,3659 2662,3656 2707,3653 2752,3650 2797,3650 2841,3647 2886,3647"/>
                <TextEquiv>
                    <Unicode>dass sie bereit war zu sterben, da wär</Unicode>
                </TextEquiv>
            </TextLine>
        </TextRegion>
    </Page>
</PcGts>
