3368 4264
2647 619 2769 757 47
1065 775 2769 1026 scheint erstaunt, gerührt, von Dank-
1047 947 2928 1169 barkeit erfüllt. Frau Pflugfelder endet
1086 1135 1840 1331 Sekunden Stille.
812 1282 2704 1509 Pflugfelder. Ist es denn möglich?.....
1091 1399 2892 1657 Niemals hast Du schöner gesungen, nie¬
830 1501 1021 1689 Dans
1094 1571 2769 1790 mals, Marie! Auch vor zwölf Jahren
1109 1696 2991 1944 sangst Du nicht schöner.... nicht wahr!
1078 1832 2910 2072 Frau Pflugf. / noch immer aufrecht, die
1122 2038 2412 2245 Augen ins Weite gerichtet /
1096 2161 2848 2406 am Klavier, küsst seiner Mutter die
851 2200 1075 2372 Hans
1138 2302 2941 2576 Hand, blickt zu ihr auf / Nun hab ichs
1107 2532 1749 2683 nicht gesagt?
877 2547 2949 2853 Frau Pflugf. / allmählig erwachend, lächelt,
1174 2785 2631 3030 geht wie mechanisch nach vorn.
895 2996 1579 3161 Pflugf. Marte!
908 3080 3009 3281 Frau Pflugs. / den Kopf hin und her wendend /
1164 3216 2887 3453 Nun, was ist denn das?.... Johanna!
1193 3388 3187 3612 So macht doch Licht..... was habt Ihr denn
1250 3521 2861 3784 .... was.... se macht doch wieder
