3352 4248
693 724 2677 979 Frau Pflugf. Ich werde mich wohl hüten; es
996 903 2754 1152 hat mich damals zu traurig gemacht. Es
1010 1067 2802 1339 war als wenn ich mein eigenes Gespenst
1033 1225 2708 1435 sähe. Darein muss man sich nun schon
1024 1358 2906 1568 finden. Man muss nicht alles haben — man
1024 1480 2867 1743 muss nicht alles behalten wollen.. Ists
1047 1636 2688 1893 nicht wahr? Mir ist ja so viel ge¬
1047 1823 2646 2072 schenkt worden im Leben — so viel!
2454 1998 2539 2100 G.F.P.
2244 1992 2417 2134 G.F.P.
1050 1984 2196 2210 /Blick auf ihre Kinder/
1067 2128 2855 2335 Ich erinnere mich noch so gut, gnädige
781 2171 1036 2374 Bala.
1073 2258 2898 2510 Frau, wann ich Sie das letztemal öffent
1075 2420 2943 2612 lich singen hörte. Es war in einem Wohl¬
1104 2570 3028 2793 tätigkeitskonzet... Ich glaube zu Gunsten
1095 2762 2049 2946 eines neuen Spitals.
821 2836 3096 3082 Frau Pflugf. Ja, das var vor swölf Jahren.
1107 3042 2858 3269 Meine Frau gehörte dem Komte an. Sie
824 3107 1081 3260 sala.
1121 3195 2887 3393 war es, die Sie dazu veranlasst hatte,
1129 3286 3051 3583 nach langer Zett wieder einmal öffentlich
1146 3560 1718 3704 aufzutreten.
