3384 4168
2739 494 2873 618 76
1114 648 2924 901 / etc. öffnet einen Schrank / / im Laufe
1142 807 3101 1050 der nächsten Minuten bereitet sie den Teel
845 1025 2109 1218 Jul. Wie lange bietbst Du
1185 1126 3081 1354 Ein paar Tage denk ich. Nun ja, was soll
861 1202 1152 1400 Irene.
1154 1281 3086 1536 ich denn hier? Dich hab ich wieder einmal
1162 1438 2949 1681 gesehen — bei den armen Pflugfelders
1154 1617 2903 1810 kann ich nicht viel helfen, meine Be-
1162 1736 2908 1984 stellungen sind gemacht...... na, das
1177 1873 3065 2144 kannst Du Dir ja denken, auf dem Gut bei
1212 2043 3075 2273 meiner Schwester braucht man wahrhaftig
1190 2240 1952 2453 keine Totletten.
1144 2357 2941 2589 Ja richtig, so erzähl doch. Wie behagt
911 2382 1114 2622 Jul.
1195 2526 2536 2658 Dirs denn eigentlich dort.!
924 2665 2956 2901 Irene. Herrlich! Ah nur endlich vom Theater
1210 2815 3045 3068 nichts wissen, das tat schon eine wahre
1207 3007 1693 3184 Seligkeit.
934 3131 2972 3351 Jul. Du kehrst ja doch wieder dahin zurück.
942 3286 2974 3488 Irene. Ich! Da trrst Du Dich aber gewaltig.
1245 3405 3141 3642 Warum denn! Bedenke doch, dass ich jetzt
