3448 4216
2921 624 3113 775 102
1261 811 3182 1006 von den Damen, die es veanstaltet hatten.
970 948 2184 1154 Sala. An diesem Abend —?
1220 1085 2978 1286 Ja. An diesem Abend sah ich ste zum
973 1121 1148 1264 Jul
1261 1261 3009 1423 erstenmal wieder. Ich war erst nicht
1258 1385 2976 1610 wenig erstaunt als sie mit einemmale
1234 1569 2423 1742 auf dem Podium erschien
975 1725 2448 1901 Sala. Weisse Rosen in der Hand.
973 1885 1247 2033 Jul?
973 2039 3182 2214 Sala. In der Stunde, da sie erblindete, hat at
1264 2176 2588 2352 von diesem Abend gesprochen.
978 2344 1758 2517 Jul. Wahrhaftig?
975 2467 3149 2682 Sala. War ich es nicht, der Ihre Bekanntschaft
1261 2635 2140 2822 mit ihr erneuertel
984 2789 3041 2976 Jul. Ja. Ich beglettete Sie ins Künstlerzim-
1264 2907 3077 3143 mer, wo Sie mich ihr vorstellten. Ich
1261 3091 3143 3275 hatte Sie darum gebeten. Aber ich glau-
1264 3245 3135 3415 be, auch Sie, wenn Sie uns aus trgend ei-
1261 3410 3017 3564 nem Grunde hätten beobachten wollen —
1275 3566 3182 3704 in dem Bltok, mit dem sie meine förmlich
