3480 4248
2768 439 2902 687 58
1166 750 1752 966 alter Wetse?
1124 853 2876 1089 Es scheint. - Ueberdies vergessen wir
847 984 1095 1113 Sala.
1126 1016 3010 1252 nicht: dieser Mann hat einen Beruf, ket¬
1145 1171 3039 1374 ne Beschäftigung, wie die meisten andern
1137 1271 3071 1526 Menschen; - nein, einen wirklichen Beruf,
1166 1416 3005 1655 der ihn umklammett hält. Das können wir
1124 1610 3052 1839 ja kaum werstehen, die wir von Gnaden des
1168 1752 3047 1955 Augenblicks Götter und wenn wir bei die¬
1187 1900 3055 2118 sem Iaunenhaften Fürsten in Ungnade fal¬
1192 2029 3047 2284 len zuwetlen etwas weniger als Menschen
1200 2302 1466 2434 s ind.
1171 2431 1613 2587 Und Hans?
937 2437 1139 2573 Jul.
939 2508 3055 2705 Sala. Nun, Sie können sich denken, wie schwer
1258 2615 3118 2852 er leidet; denn er weiss, was in seiner
1226 2871 2002 3005 Mutter vor geht.
968 2910 3079 3171 Jul. Und wetss wohl auch, was ihr bevorsteht.
976 3181 1742 3323 Sala. Natürlich.
979 3236 3029 3484 Jul. Er sollte doch Assistent bei Bernhartd
1271 3373 3029 3618 weden, als ich das letzemal hier war?
987 3584 2652 3873 Sala. Er ist es nicht geworden.....
