3352 4056
2399 134 2755 300 turen
407 206 2758 488 wirklich bleibt immer, bis seit den Sohn kommst, ihn liebt
2871 122 3040 507 D
422 453 1683 669 auf Euch Hans ihn verwegen.
241 569 2758 860 f. Gaas sowird durch den Ehefreies: beim Nabe.“. Mit uns
203 801 954 995 Sie abwendet.
363 898 2762 1151 nes, der müsse bleibt, wie es ambassari will.
266 1070 1457 1298 œlt but fui vereillig.....
369 1217 2865 1498 hilleicht Begrün. Zt Cab diese Künschen auf das Reitgeleicht.
178 1445 1573 1723 ich werde ihr einserfladplieren.
350 1661 1617 1842 Verzicht sie. d Kalm....
400 1661 2799 2017 Ah - der! - Der geklicht allmäly - ich mein ich
425 1961 2877 2333 die Mittel ich geblmern, sich Schreiben nicht.
325 2005 654 2221 sagen:
288 2289 1617 2540 aben - jetzt waren nicht.
410 2483 1342 2687 so auch der so sein
2142 2455 3056 2702 Hals, d ist reigt,
366 2505 2114 2871 Er kennt in den Haus... Unrecht sein
322 2793 1542 3062 istes nicht anerkannt.
2555 2818 3015 3043 Kesie!
413 2868 2540 3284 Er we ein leichnet wale.. M iß die
444 3043 2834 3484 me ist die Geld?.. Fort aller: „Meilied del’s
491 3387 826 3681 Ochsen.
