<?xml version="1.0" encoding="UTF-8" standalone="yes"?>
<PcGts xmlns="http://schema.primaresearch.org/PAGE/gts/pagecontent/2013-07-15" xmlns:xsi="http://www.w3.org/2001/XMLSchema-instance" xsi:schemaLocation="http://schema.primaresearch.org/PAGE/gts/pagecontent/2013-07-15 http://schema.primaresearch.org/PAGE/gts/pagecontent/2013-07-15/pagecontent.xsd">
    <Metadata>
        <Creator>prov=READ-COOP:name=TrHtr:version=2.1.0:model_id=51170:date=28_07_2023_18:34</Creator>
        <Created>2023-05-10T11:41:13.451+02:00</Created>
        <LastChange>2023-07-28T18:34:50.216+02:00</LastChange>
        <TranskribusMetadata docId="1428170" pageId="55390664" pageNr="123" tsid="131370610" status="IN_PROGRESS" userId="64420" imgUrl="https://files.transkribus.eu/Get?id=WYYNNJDIXBRVJNKHZOXRRARA&amp;fileType=view" xmlUrl="https://files.transkribus.eu/Get?id=CCCVZUIJRAGRCFWERRUONZXM" imageId="44665550"/>
    </Metadata>
    <Page imageFilename="1428170_0123.jpg" imageWidth="3400" imageHeight="4216">
        <ReadingOrder>
            <OrderedGroup id="ro_1711802990707" caption="Regions reading order">
                <RegionRefIndexed index="0" regionRef="tr_1"/>
                <RegionRefIndexed index="1" regionRef="tr_2"/>
            </OrderedGroup>
        </ReadingOrder>
        <TextRegion id="tr_1" custom="readingOrder {index:0;}">
            <Coords points="785,663 2955,663 2955,2097 785,2097"/>
            <TextLine id="tr_1_tl_1" custom="readingOrder {index:0;}">
                <Coords points="2746,750 2779,750 2817,732 2857,745 2875,734 2895,747 2920,745 2917,613 2892,613 2870,631 2842,639 2809,628 2781,656 2743,644"/>
                <Baseline points="2758,713 2803,716 2848,713 2893,716 2923,716"/>
                <TextEquiv>
                    <Unicode>119</Unicode>
                </TextEquiv>
            </TextLine>
            <TextLine id="tr_1_tl_2" custom="readingOrder {index:1;}">
                <Coords points="1070,861 2862,878 2859,737 2665,694 1068,712"/>
                <Baseline points="1083,833 1128,830 1173,830 1218,830 1263,833 1307,833 1352,833 1397,833 1442,833 1486,836 1531,839 1576,839 1621,839 1666,842 1710,842 1755,844 1800,844 1845,847 1890,844 1934,847 1979,847 2024,847 2069,850 2113,850 2158,850 2203,850 2248,853 2293,853 2337,856 2382,856 2427,856 2472,859 2517,859 2561,859 2606,859 2651,862 2696,865 2740,865 2785,862 2830,862 2869,862"/>
                <TextEquiv>
                    <Unicode>alte Bild, vor dem wir mit einander ge¬</Unicode>
                </TextEquiv>
            </TextLine>
            <TextLine id="tr_1_tl_3" custom="readingOrder {index:2;}">
                <Coords points="1065,1012 1126,1035 1219,1004 1522,1022 1575,1002 1615,1027 1716,1027 1731,954 1433,921 1380,944 1333,926 1229,939 1126,904 1062,911"/>
                <Baseline points="1080,985 1125,985 1170,985 1215,988 1260,988 1304,988 1349,988 1394,988 1439,991 1483,991 1528,994 1573,994 1618,994 1663,997 1707,1000 1737,1003"/>
                <TextEquiv>
                    <Unicode>standen haben.</Unicode>
                </TextEquiv>
            </TextLine>
            <TextLine id="tr_1_tl_4" custom="readingOrder {index:3;}">
                <Coords points="772,1148 798,1143 830,1156 873,1138 939,1148 989,1136 1004,1148 1025,1143 1022,1062 989,1078 969,1065 911,1078 881,1055 851,1060 828,1040 767,1040"/>
                <Baseline points="785,1122 830,1125 874,1128 919,1131 964,1131 1009,1134 1030,1137"/>
                <TextEquiv>
                    <Unicode>Hans.</Unicode>
                </TextEquiv>
            </TextLine>
            <TextLine id="tr_1_tl_5" custom="readingOrder {index:4;}">
                <Coords points="1065,1148 1214,1171 1327,1138 1454,1186 1570,1163 1648,1186 1645,1022 1582,1007 1512,1025 1479,1004 1416,1045 1373,1012 1221,1004 1062,1062"/>
                <Baseline points="1080,1128 1125,1131 1170,1131 1215,1134 1260,1134 1304,1137 1349,1137 1394,1134 1439,1137 1483,1140 1528,1137 1573,1137 1618,1140 1654,1140"/>
                <TextEquiv>
                    <Unicode>Welches Btd?</Unicode>
                </TextEquiv>
            </TextLine>
            <TextLine id="tr_1_tl_6" custom="readingOrder {index:5;}">
                <Coords points="772,1290 2781,1338 2794,1176 1481,1201 1292,1146 770,1239"/>
                <Baseline points="785,1277 830,1277 874,1280 919,1280 964,1283 1009,1280 1054,1280 1098,1283 1143,1283 1188,1286 1233,1286 1277,1286 1322,1286 1367,1286 1412,1286 1457,1286 1501,1289 1546,1289 1591,1292 1636,1295 1681,1295 1725,1295 1770,1298 1815,1298 1860,1298 1904,1301 1949,1301 1994,1301 2039,1301 2084,1301 2128,1304 2173,1304 2218,1307 2263,1310 2308,1313 2352,1316 2397,1316 2442,1316 2487,1316 2531,1316 2576,1316 2621,1316 2666,1316 2711,1319 2755,1319 2800,1322 2803,1322"/>
                <TextEquiv>
                    <Unicode>Joh. Es ist von einem Holländer, glaub ich.</Unicode>
                </TextEquiv>
            </TextLine>
            <TextLine id="tr_1_tl_7" custom="readingOrder {index:6;}">
                <Coords points="1040,1451 2930,1497 2945,1315 2372,1360 1121,1307 1037,1375"/>
                <Baseline points="1051,1439 1095,1436 1140,1439 1185,1439 1230,1442 1274,1442 1319,1445 1364,1442 1409,1445 1454,1442 1498,1445 1543,1445 1588,1445 1633,1448 1678,1451 1722,1451 1767,1451 1812,1451 1857,1454 1901,1457 1946,1457 1991,1460 2036,1460 2081,1460 2125,1460 2170,1460 2215,1460 2260,1463 2305,1466 2349,1466 2394,1469 2439,1469 2484,1469 2529,1472 2573,1472 2618,1472 2663,1475 2708,1475 2752,1477 2797,1477 2842,1477 2887,1477 2932,1477 2955,1480"/>
                <TextEquiv>
                    <Unicode>Erinnerst Du Dich nicht? Es ist gar nicht</Unicode>
                </TextEquiv>
            </TextLine>
            <TextLine id="tr_1_tl_8" custom="readingOrder {index:7;}">
                <Coords points="1055,1628 2685,1663 2872,1653 2872,1582 2446,1492 1691,1459 1504,1461 1315,1555 1052,1539"/>
                <Baseline points="1068,1597 1113,1591 1158,1594 1203,1594 1248,1597 1292,1597 1337,1600 1382,1600 1427,1597 1472,1597 1516,1594 1561,1594 1606,1597 1651,1597 1695,1600 1740,1603 1785,1606 1830,1606 1875,1606 1919,1609 1964,1609 2009,1609 2054,1609 2099,1609 2143,1612 2188,1612 2233,1615 2278,1615 2322,1618 2367,1621 2412,1621 2457,1621 2502,1621 2546,1624 2591,1624 2636,1627 2681,1627 2726,1630 2770,1633 2815,1630 2860,1630 2878,1633"/>
                <TextEquiv>
                    <Unicode>gross, aber es tst eine Menge drauf.</Unicode>
                </TextEquiv>
            </TextLine>
            <TextLine id="tr_1_tl_9" custom="readingOrder {index:8;}">
                <Coords points="1047,1751 2907,1787 2905,1698 2791,1633 2602,1688 2135,1643 2034,1731 1047,1668"/>
                <Baseline points="1062,1743 1107,1743 1152,1743 1197,1746 1242,1749 1286,1749 1331,1752 1376,1752 1421,1752 1466,1755 1510,1755 1555,1755 1600,1755 1645,1755 1689,1761 1734,1761 1779,1761 1824,1764 1869,1764 1913,1767 1958,1767 2003,1770 2048,1770 2093,1770 2137,1770 2182,1773 2227,1770 2272,1773 2317,1773 2361,1776 2406,1776 2451,1776 2496,1779 2540,1782 2585,1782 2630,1782 2675,1782 2720,1782 2764,1782 2809,1782 2854,1782 2899,1785 2914,1782"/>
                <TextEquiv>
                    <Unicode>Vorn ist eine Wiese, auf der lagern Rit-</Unicode>
                </TextEquiv>
            </TextLine>
            <TextLine id="tr_1_tl_10" custom="readingOrder {index:9;}">
                <Coords points="1047,1933 2892,1969 2887,1797 2001,1777 1840,1895 1439,1825 1047,1852"/>
                <Baseline points="1062,1898 1107,1898 1152,1901 1197,1904 1242,1904 1286,1904 1331,1904 1376,1904 1421,1907 1466,1907 1510,1907 1555,1907 1600,1910 1645,1910 1689,1913 1734,1919 1779,1922 1824,1922 1869,1922 1913,1922 1958,1922 2003,1922 2048,1922 2093,1922 2137,1925 2182,1925 2227,1925 2272,1925 2317,1925 2361,1928 2406,1931 2451,1931 2496,1934 2540,1934 2585,1937 2630,1937 2675,1937 2720,1937 2764,1940 2809,1940 2854,1940 2899,1943"/>
                <TextEquiv>
                    <Unicode>ter und Damen, - gleich daneben ist ein</Unicode>
                </TextEquiv>
            </TextLine>
            <TextLine id="tr_1_tl_11" custom="readingOrder {index:10;}">
                <Coords points="1037,2059 2703,2102 2549,1951 2191,1981 1269,1910 1035,1961"/>
                <Baseline points="1051,2042 1095,2045 1140,2045 1185,2048 1230,2051 1274,2051 1319,2054 1364,2051 1409,2054 1454,2051 1498,2054 1543,2054 1588,2057 1633,2057 1678,2057 1722,2057 1767,2060 1812,2063 1857,2063 1901,2063 1946,2066 1991,2066 2036,2069 2081,2069 2125,2069 2170,2072 2215,2072 2260,2072 2305,2075 2349,2075 2394,2075 2439,2075 2484,2078 2529,2081 2573,2084 2618,2084 2663,2087 2708,2087 2715,2079"/>
                <TextEquiv>
                    <Unicode>Wald, in dem Paare sich verlieren,</Unicode>
                </TextEquiv>
            </TextLine>
        </TextRegion>
        <TextRegion id="tr_2" custom="readingOrder {index:1;}">
            <Coords points="991,2156 2908,2156 2908,3661 991,3661"/>
            <TextLine id="tr_2_tl_1" custom="readingOrder {index:0;}">
                <Coords points="1037,2223 2796,2269 2794,2138 2738,2120 2345,2170 2077,2100 1908,2188 1035,2128"/>
                <Baseline points="1051,2206 1095,2206 1140,2206 1185,2209 1230,2212 1274,2212 1319,2212 1364,2215 1409,2215 1454,2215 1498,2215 1543,2218 1588,2218 1633,2218 1678,2221 1722,2221 1767,2221 1812,2224 1857,2224 1901,2227 1946,2227 1991,2227 2036,2227 2081,2230 2125,2230 2170,2230 2215,2233 2260,2233 2305,2236 2349,2236 2394,2236 2439,2236 2484,2239 2529,2242 2573,2242 2618,2245 2663,2245 2708,2248 2752,2248 2797,2251 2803,2248"/>
                <TextEquiv>
                    <Unicode>und auf der andern Seite ist ein Wein-</Unicode>
                </TextEquiv>
            </TextLine>
            <TextLine id="tr_2_tl_2" custom="readingOrder {index:1;}">
                <Coords points="1027,2380 2819,2438 2817,2350 2620,2372 2261,2241 1986,2340 1025,2299"/>
                <Baseline points="1042,2364 1086,2364 1131,2364 1176,2367 1221,2367 1265,2370 1310,2367 1355,2370 1400,2370 1445,2370 1489,2373 1534,2373 1579,2376 1624,2379 1669,2379 1713,2379 1758,2379 1803,2382 1848,2382 1893,2382 1937,2385 1982,2385 2027,2385 2072,2385 2116,2388 2161,2388 2206,2391 2251,2391 2296,2394 2340,2394 2385,2394 2430,2394 2475,2397 2520,2397 2564,2400 2609,2403 2654,2403 2699,2406 2743,2409 2788,2412 2824,2415"/>
                <TextEquiv>
                    <Unicode>berg — und zu Füssen des Geländes tst</Unicode>
                </TextEquiv>
            </TextLine>
            <TextLine id="tr_2_tl_3" custom="readingOrder {index:2;}">
                <Coords points="1025,2531 2829,2574 2827,2438 2640,2403 2387,2501 1391,2471 1257,2375 1022,2438"/>
                <Baseline points="1036,2514 1080,2514 1125,2517 1170,2520 1215,2523 1260,2523 1304,2523 1349,2526 1394,2526 1439,2526 1483,2529 1528,2529 1573,2529 1618,2531 1663,2534 1707,2534 1752,2534 1797,2537 1842,2537 1887,2537 1931,2537 1976,2540 2021,2540 2066,2540 2110,2540 2155,2540 2200,2543 2245,2543 2290,2546 2334,2546 2379,2546 2424,2549 2469,2552 2514,2552 2558,2555 2603,2555 2648,2558 2693,2558 2738,2558 2782,2561 2827,2564 2836,2564"/>
                <TextEquiv>
                    <Unicode>ein Wirtshaus, vor dem tanzen Bir schen</Unicode>
                </TextEquiv>
            </TextLine>
            <TextLine id="tr_2_tl_4" custom="readingOrder {index:3;}">
                <Coords points="1025,2703 2632,2736 2819,2728 2822,2663 1022,2607"/>
                <Baseline points="1036,2666 1080,2669 1125,2669 1170,2672 1215,2675 1260,2675 1304,2675 1349,2675 1394,2678 1439,2678 1483,2678 1528,2678 1573,2681 1618,2684 1663,2684 1707,2684 1752,2684 1797,2684 1842,2687 1887,2687 1931,2690 1976,2690 2021,2693 2066,2696 2110,2699 2155,2699 2200,2699 2245,2699 2290,2699 2334,2702 2379,2705 2424,2705 2469,2705 2514,2705 2558,2708 2603,2711 2648,2711 2693,2714 2738,2717 2782,2717 2827,2720"/>
                <TextEquiv>
                    <Unicode>und Mädeln — und Bauersleute sitzen an</Unicode>
                </TextEquiv>
            </TextLine>
            <TextLine id="tr_2_tl_5" custom="readingOrder {index:4;}">
                <Coords points="1050,2834 2854,2920 2849,2748 2423,2728 2287,2814 1047,2766"/>
                <Baseline points="1065,2821 1110,2824 1155,2827 1200,2830 1245,2833 1289,2836 1334,2836 1379,2836 1424,2839 1469,2839 1513,2839 1558,2839 1603,2842 1648,2842 1692,2845 1737,2845 1782,2845 1827,2845 1872,2848 1916,2848 1961,2848 2006,2851 2051,2854 2096,2854 2140,2854 2185,2857 2230,2857 2275,2860 2319,2860 2364,2863 2409,2866 2454,2866 2499,2869 2543,2866 2588,2869 2633,2872 2678,2872 2723,2875 2767,2878 2812,2875 2857,2875 2860,2872"/>
                <TextEquiv>
                    <Unicode>Tischen und trinken — und drüben ltegt</Unicode>
                </TextEquiv>
            </TextLine>
            <TextLine id="tr_2_tl_6" custom="readingOrder {index:5;}">
                <Coords points="1007,3016 2799,3041 2753,2885 2536,2968 1004,2923"/>
                <Baseline points="1021,2985 1065,2985 1110,2988 1155,2988 1200,2991 1245,2994 1289,2994 1334,2994 1379,2994 1424,2997 1469,2994 1513,2997 1558,3000 1603,3000 1648,3000 1692,3000 1737,3000 1782,3003 1827,3006 1872,3006 1916,3006 1961,3006 2006,3006 2051,3006 2096,3012 2140,3012 2185,3015 2230,3015 2275,3018 2319,3018 2364,3021 2409,3021 2454,3021 2499,3024 2543,3024 2588,3024 2633,3027 2678,3024 2723,3024 2767,3024 2806,3024"/>
                <TextEquiv>
                    <Unicode>eine grosse Stadt mit Kirohen und Tür¬</Unicode>
                </TextEquiv>
            </TextLine>
            <TextLine id="tr_2_tl_7" custom="readingOrder {index:6;}">
                <Coords points="987,3165 2882,3220 2900,3044 2448,3122 984,3087"/>
                <Baseline points="1000,3144 1045,3141 1089,3141 1134,3141 1179,3141 1224,3144 1268,3147 1313,3147 1358,3144 1403,3147 1448,3150 1492,3150 1537,3150 1582,3150 1627,3150 1672,3153 1716,3153 1761,3156 1806,3159 1851,3159 1896,3159 1940,3162 1985,3159 2030,3159 2075,3162 2119,3162 2164,3164 2209,3164 2254,3167 2299,3170 2343,3170 2388,3170 2433,3173 2478,3173 2523,3176 2567,3179 2612,3179 2657,3179 2702,3179 2746,3182 2791,3185 2836,3185 2881,3191 2908,3197"/>
                <TextEquiv>
                    <Unicode>men — und Mitten durch strömt ein Fluss</Unicode>
                </TextEquiv>
            </TextLine>
            <TextLine id="tr_2_tl_8" custom="readingOrder {index:7;}">
                <Coords points="989,3309 2001,3321 2269,3379 2700,3346 2658,3276 1784,3266 1466,3157 987,3205"/>
                <Baseline points="1003,3293 1048,3293 1092,3293 1137,3296 1182,3296 1227,3299 1271,3299 1316,3299 1361,3302 1406,3305 1451,3305 1495,3305 1540,3308 1585,3308 1630,3308 1675,3308 1719,3308 1764,3314 1809,3314 1854,3314 1898,3317 1943,3317 1988,3317 2033,3320 2078,3323 2122,3323 2167,3326 2212,3329 2257,3332 2302,3329 2346,3329 2391,3329 2436,3332 2481,3332 2526,3335 2570,3335 2615,3335 2660,3338 2705,3338"/>
                <TextEquiv>
                    <Unicode>den Brücken überspannen., — Soldaten</Unicode>
                </TextEquiv>
            </TextLine>
            <TextLine id="tr_2_tl_9" custom="readingOrder {index:8;}">
                <Coords points="979,3470 2791,3528 2789,3440 2446,3399 977,3399"/>
                <Baseline points="991,3448 1036,3445 1080,3445 1125,3448 1170,3448 1215,3448 1260,3451 1304,3454 1349,3454 1394,3454 1439,3454 1483,3457 1528,3457 1573,3457 1618,3460 1663,3460 1707,3463 1752,3463 1797,3466 1842,3466 1887,3466 1931,3469 1976,3469 2021,3475 2066,3478 2110,3478 2155,3478 2200,3481 2245,3484 2290,3484 2334,3484 2379,3484 2424,3484 2469,3487 2514,3490 2558,3487 2603,3490 2648,3490 2693,3493 2738,3496 2782,3502 2794,3499"/>
                <TextEquiv>
                    <Unicode>ziehen drüber und Schiffe gleiten hin,</Unicode>
                </TextEquiv>
            </TextLine>
            <TextLine id="tr_2_tl_10" custom="readingOrder {index:9;}">
                <Coords points="977,3614 1396,3677 2327,3639 2637,3705 2832,3657 2827,3536 2569,3503 972,3483"/>
                <Baseline points="991,3600 1036,3597 1080,3600 1125,3600 1170,3603 1215,3606 1260,3606 1304,3606 1349,3609 1394,3609 1439,3609 1483,3612 1528,3612 1573,3612 1618,3612 1663,3615 1707,3615 1752,3618 1797,3618 1842,3621 1887,3621 1931,3624 1976,3627 2021,3627 2066,3630 2110,3630 2155,3633 2200,3633 2245,3633 2290,3633 2334,3636 2379,3636 2424,3636 2469,3642 2514,3642 2558,3645 2603,3645 2648,3648 2693,3651 2738,3645 2782,3645 2827,3648 2833,3645"/>
                <TextEquiv>
                    <Unicode>und weiter draussen regt ein hügel, und</Unicode>
                </TextEquiv>
            </TextLine>
        </TextRegion>
    </Page>
</PcGts>
