3464 4264
2826 548 2962 730 56
891 774 2965 1003 Sala. Sie wird es wahrscheinlich nicht lange
1180 970 1946 1153 zu tragen haben.
905 1093 2180 1311 Jul. Das bedeutet wohl.....
910 1256 2948 1491 Sala. Ja, es ist das Anzeichen einestiefern
1191 1444 1600 1610 Leidens.
1161 1608 1654 1736 Furcht bar!
932 1605 1123 1728 Jul.
929 1687 3052 1921 Sala. Denken Sie: während das Unglück eintrat
1226 1831 3014 2041 war ich dort. Es kam so plötzlich, dass
1229 1992 3022 2188 ste im ersten Moment glaubte, man habe
1237 2180 3068 2327 die Lichter ausgelöscht. Es war grauen-
1234 2316 3169 2512 haft. Und sie war die erste, die die Fase
1240 2458 3036 2649 ung wieder gewann. Sie rief die Kinder
1254 2591 3128 2760 und thren Gatten zu sich heranr sie ver-
1259 2736 2965 2962 suchte alle zu trösten- und mit Irene
1254 2886 3161 3106 Herms, die zufällig noch am selben Abend
1275 3117 1662 3254 kam....
1240 3199 2747 3409 Ich weiss, dass sie in Wien ist.
995 3267 1188 3398 Jul.
1006 3335 3199 3575 Sala. Mit Irene Herms sprach sie noch über alle
1281 3493 3210 3703 möglichen Dinge, die sie wahrhaftig nicht
