3496 4264
2686 578 2836 706 65
1086 753 2910 985 Und doch — ich habe Sie manchmal benei¬
1100 911 2838 1145 det Julian. Und manchmal hätt' ich für
1065 1084 2881 1259 ein Bild, wie Sies in früherer Zeit ge-
1100 1195 3043 1427 malt haben, an dem die Farben heute schon
1126 1361 2905 1574 veblassen, aber bei dem man doch her
1132 1499 2998 1701 tausfühlt: Sie waren nahe daran über das
1126 1675 2825 1845 Modell den Verstand zu verlieren....
1134 1792 2931 2008 ja, Jultan, es gab Momente, wo ich für
1148 1984 2894 2157 solch ein miserables Bild meine ganze
1153 2133 2854 2295 Schreiberei mit Vergnügen hergegeben
1156 2268 2987 2452 hätte. Allerdings wärs auch möglich...
1132 2513 1334 2615 Was?
892 2481 1084 2625 Jul.
881 2577 3025 2772 Sala. Dass ich mich an Ihrer Stelle mit vter-
1177 2750 2495 2923 zig Jahren umgebracht hätte.
1150 2873 3118 3067 nach einer leichten Bewegung; lächelnd /
905 2963 1113 3086 Jul.
1187 3067 2274 3240 Das bleibt einem immer.
916 3131 2942 3373 Sala. Ach Sie werdens ja doch nicht tun. Es
1209 3304 2961 3546 wäre auch nicht Ihr Stil. — Gott sei
1187 3475 3027 3693 Dank. Sie wtssen ja, dass Sie mir doch
