3336 4120
2520 136 2937 357 tuzän-
50 203 2038 507 3. Att. (vielleicht vermand ik C. Chter.)
121 232 3005 646 nen Zülian Einkünl; Gespräch auf König: 13
150 582 1513 849 dem Kail Einwosel.
232 635 2623 1049 net Unterher zwischen und sehr.
468 910 2684 1303 Gebrach Johanna. - Karl. Sie nagende
239 1156 1328 1445 Ant der Nachsfr.
443 1192 2605 1574 lieb der Vaters zur trok luth.
282 1381 2866 1738 Ement genau alla Frauw den Hause, Arzt
214 1581 2263 1913 ein seltsam Koll zugetheilen -
350 1717 2866 2134 Auf in Goist, den allen Schüssel ist, d
314 2034 1502 2295 but he in amrachl.
428 2077 2555 2477 Gespräch mit Karl. diese Art selve
314 2230 2894 2662 Ich gerufs alders: - Nun, ich will doch so nur habe
546 2437 2887 2798 Marne?... Ich drift an thien!... Nun, worin.
460 2552 2987 3008 Sie wollt ja de Nach alden lager:. soekumt zal
553 2844 2420 3201 Je... der ist doch keine Beziehung?
1231 3101 1574 3326 ig 2.
464 3112 1245 3358 Marin dnt t
478 3215 2209 3533 de laßenht... lager mir ihn...
671 3358 2477 3690 (kathuft in disf tilumme?
2177 3594 2798 3904 - 4/nogarf it
1085 3662 2156 3947 prt. Cpt unto that payer’s.
393 3722 674 3915 June
