3464 4232
2776 605 2949 784 10
1065 740 2870 949 damals fühlte ich, dass ich eigentlich
1070 933 2969 1125 alles hätte sagen dürfen, dass er reif
1070 1095 2955 1244 war alles zu verstehen. Un d so hab ichs
1073 1252 2828 1431 entschlossen versucht noch seinmal vor
1076 1411 3004 1560 der Türe zu rütteln, die sich vor so lan-
1084 1574 2355 1755 ger Zeit geschlossen hatte.
1081 1766 1381 1868 Wie?.
795 1758 1043 1882 Sala.
798 1885 3007 2030 Jul. Ich habe von der Mutter meines Sohnes ver¬
1084 2006 2974 2193 langt, dass ich ihm endlich die Wahrheit
1087 2204 1651 2358 sagen dürfe.
1078 2328 2201 2515 Nun.... und ste-?
809 2339 1048 2479 Sala.
2102 2416 2355 2542 mich
1070 2457 3024 2658 Mir war als hätte sie jetzt eben dort, wo
806 2512 999 2655 Jul.
1089 2641 2864 2773 sie mich haben wollte. Sie verbot mir,
1081 2773 2842 2933 dieses Ansinnen an sie zu stellen und
1095 2941 2916 3068 endlich verlangte sie von mir, dass ich
1087 3106 2875 3246 unseren Sohn längere Zeit nicht wieder
1087 3235 2914 3387 sehen sollte. Ich habe thren Wunsch er¬
1092 3395 2889 3552 füllt und als ich fortreiste, nahm sie
1081 3527 3002 3709 mir das Versprechen ab, Hans nicht früher
