3496 4248
2747 461 2932 584 151
1077 609 2981 904 erschauern, wie man es nur kann, wenn ei
1121 811 2895 1045 nem nichts fremd geblieben ist; — wie
1091 951 3025 1220 es gewiss Dir geschteht, wenn Du auf Dein
1104 1163 2052 1377 Leben zurückblickst.
929 1264 2870 1535 Sala. Es gibt solche Augenblicke, Du hast
1133 1404 3028 1670 recht. Es sind dieselben seltsamen Augen
1153 1550 2942 1801 blicke, in denen die Alltagswahrheiten
1158 1715 3003 2008 mit einemmal verlöschen, wie Fackeln im
1220 1843 2971 2104 Sturm. Unglück, Schuld, Verführung, S
1190 2003 3176 2249 Schmerz.... alles das hats dann in unserm
1197 2178 2954 2417 Dasein nicht mehr gegeben. Alle diese
1259 2296 3230 2565 nichtigen Worte erhielten eine trügerische
1234 2449 3154 2727 Fülle aus der Täuschung, dass Vergangenes
1249 2641 3124 2868 wirklich vorbet und dass uns Zukünftiges
1254 2769 3102 3040 wirklich verborgen und dass wir mit dem
1261 2917 3173 3193 Moment Brust an Brust stehen, wie mit ei
1289 3085 3260 3351 nem Freund, den wir umarmen oder mit einem
1387 3235 3181 3469 Feind, der uns bedrängt. Was der ist
1316 3343 3067 3632 vorbei und was heisst jetzt, Johanna.
