3400 4264
1190 754 3001 938 krank ist. — Stehen auch die römischen
1174 938 2573 1112 Katserstatuen schon am Teich!
892 1057 2844 1282 Sala. Ja. Wie Sie sich an alles erinnern.
903 1217 3083 1423 Joh. Es muss schön sein so zu wohnen, von lau¬
1198 1391 2991 1578 ter Dingen umgeben, die man nach etge-
1234 1529 2611 1732 nem Geschmack ausgewählt hat.
1193 1676 2999 1876 Ich wohne noch nicht dort. Morgen zieh
911 1727 1155 1868 Sala.
1193 1857 1594 1960 ich ein.
911 1995 2145 2185 Joh. Freuen Sie sich sehr
1220 2147 2115 2351 Das wäre zu früh.
916 2153 1163 2267 Sala
1209 2307 2489 2467 Sind Sie so abergläubisch!
914 2332 1171 2440 Joh.
922 2443 2972 2633 Sala. Es ist nicht deshalb. Aber ich bezieh
1201 2565 3121 2741 es vorläufig nur auf ziemlich kruze Zeit.
916 2711 1708 2885 Joh. Warum denn?
1247 2863 2538 3031 Ich werde auf Reisen gehen.
922 2869 1171 3064 Sala.
922 3001 3075 3183 Joh. Ah, wie sind Sie zu beneiden. Ich möchte
1212 3178 2936 3362 auch überall in der Welt herumfahren
1196 3305 3129 3500 können, wie Sie. Mich um keinen Menschen
1215 3525 1933 3644 kümmern milssen.
925 3592 3085 3869 Sala, (lächelnd) Ich werde doch aufhören Ihnen
