3448 4216
2764 601 2936 741 107
1115 778 2914 903 der Jahre immer lebhafter Und dann kam
1105 859 3037 1112 noch etwas dazu. : mir war, als entdeckte
1117 1083 2944 1287 Ich gewisse Aehnlichkeiten zwischen mir
1115 1208 3010 1440 und ihm, ohne dass ich recht sagen konnte
1127 1317 3017 1526 worin sie eigentlich bestanden. Ich freu¬
1122 1487 3057 1669 te mich an seinem ganzen Wesen, ich spürte
1127 1688 2941 1826 ein merkwürdiges Behagen, wenn ich ihm
1132 1853 2936 1971 durch die Haare strich, einen gewissen
1132 1994 2973 2188 Stolz, wenn ich mit ihm spazieren gehen
1142 2146 2978 2264 konnte — und am Ende keimte in mir eine
1770 2235 2412 2350 gegenden Mann
1135 2284 3049 2456 Art Etfersucht zu dem Hans mit seiner ga¬
1144 2378 3123 2562 zen kindlichen XXXN XX Liebe aufsah, Me
1167 2606 3057 2754 in einem höheren Sinne eigentlich mir zu-
1154 2725 3091 2912 gekommen wäre. Das alles war anfangs kaum
1147 2922 2985 3121 bewusst. Aber allmählich wurde es immer
1144 3057 3096 3266 deutlicher, schmerzlich beinahe, das viel-
1154 3212 3116 3421 leicht trügerische Gefühl steg in mir af
1167 3362 3143 3502 als hätte ich einmal einen mindesten recht
1169 3529 3013 3680 törichten Streich verübt, als hätte ich
