3496 4248
2731 670 2914 830 175
1128 818 2901 1008 zehn Tage.... dret und er wird fühlen,
1141 988 3014 1153 dass ich ihm alles ersetzen kann, was er
1146 1128 2984 1323 vefor. Wenn heute diese Begegnung nicht
1156 1273 3022 1458 gewesen wäre - ich verstehre Sie, er war
1166 1446 2986 1621 ganz stark. Diese letzten drei Tage hat
1213 1623 2394 1768 ihn kein Zweifel gequält.
980 1751 2971 1933 Sala. Ja ich versteh Sie kaum. Was dachten
1161 1893 3022 2071 Sie? Was denken Sie? Er würde Ihnen in
1178 2024 3112 2209 die Arme stürzen wied der wiedergefundene
1173 2214 2896 2361 Sohn in der Komödte? Dazu liegt doch
1191 2346 3082 2551 wirklich kein Anlass vor. Sie haben doch
1206 2506 2996 2684 wahrhaftig keinerlei Anspruch auf ihn
1276 2649 3009 2811 . Den mach ich auch nicht. Aber sehen
1023 2716 1186 2836 Jul
1251 2794 3117 2974 Sie meine Empfindung sagt mir ganz deut
1258 2969 3017 3157 lich: wenn er nur seinen klaren Blick
1231 3127 3039 3292 wieder hat, wenn sein Sinn fürs Wesent
1236 3232 3252 3447 liche wieder erwacht, würde ich ihm so viel
1248 3392 3094 3597 bedeuten als ich möchte. Glauben Sie es
