3464 4232
2807 575 3003 778 111
1158 751 3149 952 wiederzusehen, als bis sie selbst der Uehr-
1161 925 3065 1142 zeugung sei, dass er die Wahrheit erfah¬
1169 1126 1657 1310 ren dürfe.
1177 1253 2704 1432 Und als Grund nehmen Sie an....?
895 1291 1147 1427 Sala.
898 1389 3079 1565 Jul. Sie fragen? — — Es gibt doch nur eine Er¬
1188 1576 3079 1722 klärung. Als sie mit Sicherheit sah, das
1204 1722 2989 1858 ich unsern Sohn liebte, wusste sie, wo
1204 1899 2981 2013 ich am empfindlichsten zu treffen war.
1196 1980 3133 2189 Es war eine späte Vergeltung aber ich bin
1164 2175 3052 2325 überzeugt, ste hat immer daran gedacht -
1253 2289 3041 2493 sie hat dieser Stunde entgegen gelebt,
1221 2455 3106 2618 da sie mich wegschicken durfte, um mich
1215 2656 1744 2794 zu strafen.
1223 2740 3130 2924 Es scheint nicht möglich, Frauen, die man
933 2818 1183 2970 Sala.
1226 2902 3114 3103 einmal geliebt hat ganz zu kennen. Aber
1242 3062 3114 3209 ich glaube keineswegs, dass die Frau die
1229 3222 3071 3453 heute starb eine voh denen war, die Ra¬
1234 3412 1676 3551 che über.
952 3491 3008 3746 Jul. Wie immer - da sie starb ohne mich von
