3432 4216
2799 619 2986 782 123
1132 834 1442 1024 gehen.
844 967 2142 1178 Joh. Milssen es Träume sein!
842 1113 2905 1300 Hans. Ich möchte es nicht anders nennen mit¬
1140 1252 2848 1496 sen. Du bist ja se klug, nicht wahr?
869 1417 2916 1610 Joh. Was meinst Du......? Nun ja... er fährt
1146 1575 2989 1792 weg - wett — für lang - für immer vtel-
1203 1759 1678 1949 leicht....
1159 1890 1974 2088 Das wäre möglich.
877 1922 1116 2047 Hans.
877 1990 3014 2264 Joh. Nun ja... aber glaubst Du nicht, dass es
1165 2123 3052 2403 die Bestimmung mancher Menschen, ist ein-
1173 2286 3068 2541 ander einmal nichts zu bedeuten, als ei-
1170 2522 1854 2693 ne Erinnerung?
1181 2647 2327 2870 Und wenn er hier bliebe
891 2696 1143 2799 Hans.
893 2742 2734 3003 Joh. Wenn er...f Er bleibt nicht hier.
901 2919 3008 3158 Hans. Man kann aus irgend einem Anlass seine
1173 3139 2101 3312 Entschlüsse ändern.
893 3280 2289 3505 Joh. Nein, das wird er nicht.
910 3334 3092 3576 Hans. Es gibt Notwendigketten, und es gibt Lau¬
1200 3568 2889 3806 nen, die eben so stark sind wie Not
