<?xml version="1.0" encoding="UTF-8" standalone="yes"?>
<PcGts xmlns="http://schema.primaresearch.org/PAGE/gts/pagecontent/2013-07-15" xmlns:xsi="http://www.w3.org/2001/XMLSchema-instance" xsi:schemaLocation="http://schema.primaresearch.org/PAGE/gts/pagecontent/2013-07-15 http://schema.primaresearch.org/PAGE/gts/pagecontent/2013-07-15/pagecontent.xsd">
    <Metadata>
        <Creator>prov=READ-COOP:name=TrHtr:version=2.1.0:model_id=51170:date=28_07_2023_18:34</Creator>
        <Created>2023-05-10T11:41:04.903+02:00</Created>
        <LastChange>2023-07-28T18:34:32.400+02:00</LastChange>
        <TranskribusMetadata docId="1428170" pageId="55390244" pageNr="59" tsid="131370543" status="IN_PROGRESS" userId="64420" imgUrl="https://files.transkribus.eu/Get?id=LMXTWFUQBPMPRCKNIFXMHXNH&amp;fileType=view" xmlUrl="https://files.transkribus.eu/Get?id=MNONAMLPBEELYHPOXAICBNHS" imageId="44665130"/>
    </Metadata>
    <Page imageFilename="1428170_0059.jpg" imageWidth="3480" imageHeight="4264">
        <ReadingOrder>
            <OrderedGroup id="ro_1711802910943" caption="Regions reading order">
                <RegionRefIndexed index="0" regionRef="tr_1"/>
                <RegionRefIndexed index="1" regionRef="tr_2"/>
            </OrderedGroup>
        </ReadingOrder>
        <TextRegion id="tr_1" custom="readingOrder {index:0;}">
            <Coords points="976,520 3203,520 3203,1897 976,1897"/>
            <TextLine id="tr_1_tl_1" custom="readingOrder {index:0;}">
                <Coords points="2860,620 2889,618 2899,607 2927,605 2943,592 2956,599 2964,592 2987,594 2992,468 2979,465 2948,491 2925,481 2920,486 2904,481 2899,475 2865,483"/>
                <Baseline points="2875,576 2908,573 2953,573 2997,570"/>
                <TextEquiv>
                    <Unicode>55</Unicode>
                </TextEquiv>
            </TextLine>
            <TextLine id="tr_1_tl_2" custom="readingOrder {index:1;}">
                <Coords points="1248,837 1354,871 2749,775 2759,661 2607,630 2398,700 2160,633 1997,718 1656,705 1253,785"/>
                <Baseline points="1263,848 1283,845 1328,839 1373,836 1418,830 1463,827 1507,824 1552,821 1597,818 1642,815 1687,812 1731,806 1776,803 1821,800 1866,797 1911,794 1955,788 2000,785 2045,779 2090,776 2134,770 2179,767 2224,764 2269,764 2314,758 2358,752 2403,752 2448,749 2493,743 2538,737 2582,734 2627,728 2672,725 2717,719 2764,713"/>
                <TextEquiv>
                    <Unicode>raucht, überlegend / sagen Sie</Unicode>
                </TextEquiv>
            </TextLine>
            <TextLine id="tr_1_tl_3" custom="readingOrder {index:2;}">
                <Coords points="1222,1010 1630,1018 2362,907 2687,912 2860,992 2876,783 1235,860"/>
                <Baseline points="1236,997 1266,994 1310,988 1355,985 1400,979 1445,976 1490,973 1534,967 1579,964 1624,961 1669,958 1713,955 1758,949 1803,946 1848,943 1893,937 1937,934 1982,931 2027,928 2072,922 2117,919 2161,913 2206,910 2251,907 2296,904 2341,901 2385,901 2430,895 2475,892 2520,889 2564,886 2609,880 2654,874 2699,868 2744,865 2788,862 2833,856 2878,853"/>
                <TextEquiv>
                    <Unicode>Sie haben noch niemanden gesprochen</Unicode>
                </TextEquiv>
            </TextLine>
            <TextLine id="tr_1_tl_4" custom="readingOrder {index:3;}">
                <Coords points="1235,1152 1920,1096 2070,1139 2147,1096 2230,1116 2240,990 1977,1028 1760,966 1630,1021 1406,990 1336,1039 1248,1026"/>
                <Baseline points="1251,1152 1257,1146 1301,1137 1346,1134 1391,1131 1436,1125 1481,1122 1525,1116 1570,1113 1615,1113 1660,1107 1705,1104 1749,1098 1794,1095 1839,1089 1884,1086 1928,1083 1973,1083 2018,1077 2063,1071 2108,1068 2152,1063 2197,1060 2242,1063"/>
                <TextEquiv>
                    <Unicode>seit Sie zurück sind?</Unicode>
                </TextEquiv>
            </TextLine>
            <TextLine id="tr_1_tl_5" custom="readingOrder {index:4;}">
                <Coords points="959,1333 1470,1320 1803,1253 2098,1284 2225,1248 2230,1183 2160,1147 2015,1176 1896,1124 1511,1165 1385,1238 1271,1204 1168,1258 966,1248"/>
                <Baseline points="976,1319 1012,1313 1057,1313 1101,1310 1146,1310 1191,1307 1209,1301 1248,1295 1292,1292 1337,1289 1382,1286 1427,1283 1472,1280 1516,1275 1561,1272 1606,1266 1651,1263 1696,1257 1740,1251 1785,1248 1830,1245 1875,1242 1919,1236 1964,1233 2009,1230 2054,1224 2099,1221 2143,1218 2188,1215 2233,1215"/>
                <TextEquiv>
                    <Unicode>Jul. Nein, keinen Menschen.</Unicode>
                </TextEquiv>
            </TextLine>
            <TextLine id="tr_1_tl_6" custom="readingOrder {index:5;}">
                <Coords points="977,1504 2984,1346 3049,1217 1532,1300 984,1408"/>
                <Baseline points="994,1469 1036,1466 1080,1463 1125,1460 1170,1454 1215,1448 1260,1445 1304,1442 1349,1436 1394,1436 1439,1430 1484,1427 1528,1421 1573,1418 1618,1415 1663,1409 1707,1406 1752,1400 1797,1397 1842,1394 1887,1391 1931,1385 1976,1382 2021,1376 2066,1373 2111,1370 2155,1364 2200,1364 2245,1358 2290,1355 2335,1352 2379,1349 2424,1346 2469,1340 2514,1337 2558,1334 2603,1328 2648,1325 2693,1322 2738,1319 2782,1316 2827,1313 2872,1310 2917,1304 2962,1301 3006,1298 3051,1298"/>
                <TextEquiv>
                    <Unicode>Sala Da wissen Sie wahrscheinlich nicht, was</Unicode>
                </TextEquiv>
            </TextLine>
            <TextLine id="tr_1_tl_7" custom="readingOrder {index:6;}">
                <Coords points="1271,1602 3015,1491 3196,1442 3204,1349 2418,1460 1837,1437 1708,1511 1282,1478"/>
                <Baseline points="1289,1594 1322,1594 1367,1588 1412,1585 1457,1579 1501,1573 1546,1570 1591,1567 1636,1564 1681,1558 1725,1555 1770,1549 1815,1546 1860,1543 1905,1540 1949,1534 1994,1531 2039,1525 2084,1522 2129,1519 2173,1516 2218,1513 2263,1507 2308,1504 2352,1501 2397,1498 2442,1492 2487,1490 2532,1484 2576,1484 2621,1478 2666,1475 2711,1472 2756,1469 2800,1463 2845,1460 2890,1457 2935,1454 2980,1451 3024,1445 3069,1442 3114,1436 3159,1433 3203,1436"/>
                <TextEquiv>
                    <Unicode>in der letzten Zeit hier vorgefallen ist?</Unicode>
                </TextEquiv>
            </TextLine>
            <TextLine id="tr_1_tl_8" custom="readingOrder {index:7;}">
                <Coords points="1279,1754 3005,1633 3116,1602 3124,1509 1716,1651 1493,1599 1287,1667"/>
                <Baseline points="1292,1743 1331,1737 1376,1731 1421,1728 1466,1725 1510,1722 1555,1716 1600,1713 1645,1710 1690,1705 1734,1702 1779,1696 1824,1693 1869,1687 1914,1687 1958,1681 2003,1678 2048,1675 2093,1669 2137,1669 2182,1663 2227,1660 2272,1657 2317,1651 2361,1648 2406,1642 2451,1639 2496,1636 2541,1633 2585,1627 2630,1624 2675,1621 2720,1618 2765,1615 2809,1609 2854,1606 2899,1603 2944,1600 2988,1594 3033,1588 3078,1585 3123,1582"/>
                <TextEquiv>
                    <Unicode>Ich meine bei unsern gemeinschaftlichen</Unicode>
                </TextEquiv>
            </TextLine>
            <TextLine id="tr_1_tl_9" custom="readingOrder {index:8;}">
                <Coords points="1289,1896 2511,1791 2979,1822 3028,1685 1300,1788"/>
                <Baseline points="1304,1887 1328,1887 1373,1881 1418,1878 1463,1875 1507,1869 1552,1866 1597,1863 1642,1860 1687,1854 1731,1851 1776,1848 1821,1845 1866,1842 1911,1839 1955,1836 2000,1830 2045,1824 2090,1821 2134,1815 2179,1812 2224,1806 2269,1806 2314,1800 2358,1797 2403,1794 2448,1791 2493,1788 2538,1785 2582,1782 2627,1776 2672,1773 2717,1767 2762,1764 2806,1758 2851,1755 2896,1752 2941,1746 2985,1740 3030,1737"/>
                <TextEquiv>
                    <Unicode>Bekannten, Pflugfelders...... man war</Unicode>
                </TextEquiv>
            </TextLine>
        </TextRegion>
        <TextRegion id="tr_2" custom="readingOrder {index:1;}">
            <Coords points="1060,1837 3302,1837 3302,3694 1060,3694"/>
            <TextLine id="tr_2_tl_1" custom="readingOrder {index:0;}">
                <Coords points="1300,2049 2982,1948 2992,1822 2765,1860 2628,1801 2088,1917 1310,1922"/>
                <Baseline points="1313,2036 1337,2030 1382,2027 1427,2024 1472,2021 1516,2018 1561,2012 1606,2009 1651,2006 1696,2003 1740,1997 1785,1991 1830,1988 1875,1985 1919,1979 1964,1976 2009,1973 2054,1970 2099,1964 2143,1961 2188,1955 2233,1952 2278,1949 2323,1943 2367,1940 2412,1937 2457,1934 2502,1931 2547,1928 2591,1925 2636,1922 2681,1919 2726,1917 2771,1914 2815,1908 2860,1905 2905,1899 2950,1893 2994,1887"/>
                <TextEquiv>
                    <Unicode>übrigens sehr verwudert dort, so gar</Unicode>
                </TextEquiv>
            </TextLine>
            <TextLine id="tr_2_tl_2" custom="readingOrder {index:1;}">
                <Coords points="1310,2186 1651,2191 2356,2095 2434,2121 2535,2108 2540,2031 2310,2000 2111,2064 1899,2041 1827,2080 1318,2088"/>
                <Baseline points="1325,2182 1334,2182 1379,2179 1424,2176 1469,2170 1513,2167 1558,2161 1603,2158 1648,2152 1693,2149 1737,2146 1782,2140 1827,2137 1872,2134 1917,2129 1961,2126 2006,2123 2051,2117 2096,2114 2140,2111 2185,2105 2230,2099 2275,2096 2320,2090 2364,2090 2409,2084 2454,2084 2499,2081 2544,2081"/>
                <TextEquiv>
                    <Unicode>nichts von Ihnen zu hören.</Unicode>
                </TextEquiv>
            </TextLine>
            <TextLine id="tr_2_tl_3" custom="readingOrder {index:2;}">
                <Coords points="1287,2354 3020,2243 3237,2207 3248,2090 1297,2240"/>
                <Baseline points="1304,2332 1322,2332 1367,2332 1412,2326 1457,2326 1501,2320 1546,2314 1591,2308 1636,2308 1681,2302 1725,2296 1770,2293 1815,2290 1860,2287 1905,2284 1949,2278 1994,2275 2039,2275 2084,2269 2129,2263 2173,2260 2218,2257 2263,2251 2308,2248 2352,2242 2397,2239 2442,2236 2487,2233 2532,2227 2576,2224 2621,2221 2666,2215 2711,2212 2756,2206 2800,2203 2845,2200 2890,2194 2935,2191 2980,2188 3024,2182 3069,2179 3114,2176 3159,2170 3203,2167 3248,2170"/>
                <TextEquiv>
                    <Unicode>Was ist dort vorgefallen? Hans schrieb mir</Unicode>
                </TextEquiv>
            </TextLine>
            <TextLine id="tr_2_tl_4" custom="readingOrder {index:3;}">
                <Coords points="1341,2501 3132,2382 3289,2346 3299,2230 1351,2395"/>
                <Baseline points="1358,2472 1376,2472 1421,2469 1466,2463 1510,2460 1555,2457 1600,2451 1645,2448 1690,2445 1734,2439 1779,2436 1824,2433 1869,2427 1914,2424 1958,2418 2003,2415 2048,2412 2093,2409 2137,2406 2182,2400 2227,2397 2272,2394 2317,2388 2361,2385 2406,2382 2451,2379 2496,2373 2541,2370 2585,2364 2630,2361 2675,2355 2720,2349 2765,2349 2809,2344 2854,2341 2899,2335 2944,2332 2988,2329 3033,2326 3078,2323 3123,2320 3168,2314 3212,2311 3257,2308 3302,2302"/>
                <TextEquiv>
                    <Unicode>vor Monaten schon, dass seine Mutter etwas</Unicode>
                </TextEquiv>
            </TextLine>
            <TextLine id="tr_2_tl_5" custom="readingOrder {index:4;}">
                <Coords points="1044,2393 1067,2390 1075,2398 1106,2387 1108,2395 1145,2369 1178,2385 1199,2367 1212,2374 1238,2364 1243,2289 1225,2289 1181,2263 1150,2263 1108,2245 1052,2243"/>
                <Baseline points="1060,2352 1066,2355 1110,2352 1155,2349 1200,2346 1245,2346"/>
                <TextEquiv>
                    <Unicode>Jul.</Unicode>
                </TextEquiv>
            </TextLine>
            <TextLine id="tr_2_tl_6" custom="readingOrder {index:5;}">
                <Coords points="1346,2654 2302,2550 2765,2584 3095,2483 3279,2527 3292,2380 2284,2511 2088,2462 1902,2527 1359,2504"/>
                <Baseline points="1364,2627 1367,2624 1412,2621 1457,2618 1501,2612 1546,2609 1591,2603 1636,2600 1681,2597 1725,2591 1770,2588 1815,2585 1860,2579 1905,2576 1949,2573 1994,2570 2039,2564 2084,2558 2129,2556 2173,2553 2218,2550 2263,2547 2308,2544 2352,2538 2397,2535 2442,2529 2487,2526 2532,2523 2576,2517 2621,2514 2666,2511 2711,2505 2756,2505 2800,2499 2845,2499 2890,2493 2935,2487 2980,2484 3024,2481 3069,2478 3114,2472 3159,2469 3203,2463 3248,2457 3293,2457"/>
                <TextEquiv>
                    <Unicode>leidend set. Ist es etwa ernster, als ich</Unicode>
                </TextEquiv>
            </TextLine>
            <TextLine id="tr_2_tl_7" custom="readingOrder {index:6;}">
                <Coords points="1364,2801 2522,2708 2576,2695 2581,2641 2418,2604 2064,2666 1922,2635 1375,2685"/>
                <Baseline points="1382,2776 1418,2771 1463,2768 1507,2765 1552,2762 1597,2756 1642,2753 1687,2750 1731,2744 1776,2741 1821,2738 1866,2735 1911,2732 1955,2726 2000,2723 2045,2720 2090,2714 2134,2708 2179,2705 2224,2702 2269,2699 2314,2693 2358,2690 2403,2687 2448,2684 2493,2681 2538,2678 2582,2681"/>
                <TextEquiv>
                    <Unicode>vermutete? Ist sie tot?...</Unicode>
                </TextEquiv>
            </TextLine>
            <TextLine id="tr_2_tl_8" custom="readingOrder {index:7;}">
                <Coords points="1093,2979 2754,2873 3111,2793 3121,2679 1829,2834 1380,2819 1101,2902"/>
                <Baseline points="1110,2956 1146,2953 1191,2947 1236,2944 1280,2941 1325,2935 1370,2929 1415,2926 1460,2923 1504,2920 1549,2917 1594,2911 1639,2908 1684,2905 1728,2899 1773,2899 1818,2896 1863,2890 1908,2884 1952,2881 1997,2875 2042,2869 2087,2866 2132,2860 2176,2857 2221,2854 2266,2851 2311,2845 2355,2842 2400,2836 2445,2833 2490,2830 2535,2827 2579,2824 2624,2818 2669,2815 2714,2812 2759,2809 2803,2803 2848,2800 2893,2794 2938,2791 2983,2785 3027,2782 3072,2779 3117,2779"/>
                <TextEquiv>
                    <Unicode>Sala. Nein, sie ist seit drei Wochen blind.</Unicode>
                </TextEquiv>
            </TextLine>
            <TextLine id="tr_2_tl_9" custom="readingOrder {index:8;}">
                <Coords points="1108,3108 2873,2989 3062,3057 3098,2871 1116,3015"/>
                <Baseline points="1122,3102 1128,3102 1173,3099 1218,3096 1263,3093 1307,3090 1352,3087 1397,3078 1442,3075 1487,3069 1531,3066 1576,3063 1621,3060 1666,3054 1710,3051 1755,3048 1800,3042 1845,3039 1890,3036 1934,3030 1979,3030 2024,3024 2069,3018 2114,3015 2158,3012 2203,3006 2248,3000 2293,2997 2338,2994 2382,2991 2427,2988 2472,2985 2517,2983 2561,2980 2606,2974 2651,2971 2696,2965 2741,2959 2785,2956 2830,2953 2875,2947 2920,2947 2965,2941 3009,2938 3054,2932 3099,2932"/>
                <TextEquiv>
                    <Unicode>Jul. Um Himmelswillen! Blind?... Plötzlich</Unicode>
                </TextEquiv>
            </TextLine>
            <TextLine id="tr_2_tl_10" custom="readingOrder {index:9;}">
                <Coords points="1408,3248 1470,3274 1542,3263 1615,3209 1661,3230 1708,3206 1739,3235 1801,3196 1917,3212 1966,3183 2046,3188 2049,3144 1878,3163 1811,3111 1729,3147 1695,3113 1527,3160 1418,3137"/>
                <Baseline points="1424,3233 1427,3233 1472,3224 1516,3215 1561,3209 1606,3206 1651,3203 1696,3200 1740,3198 1785,3195 1830,3192 1875,3189 1919,3186 1964,3180 2009,3177 2054,3171"/>
                <TextEquiv>
                    <Unicode>geworden?</Unicode>
                </TextEquiv>
            </TextLine>
            <TextLine id="tr_2_tl_11" custom="readingOrder {index:10;}">
                <Coords points="1127,3423 1204,3447 1336,3400 1372,3413 1406,3385 1442,3395 1532,3377 1574,3398 1584,3287 1558,3276 1478,3307 1444,3289 1390,3310 1287,3281 1196,3338 1134,3330"/>
                <Baseline points="1140,3407 1179,3404 1224,3398 1269,3395 1313,3392 1358,3389 1403,3383 1448,3380 1492,3374 1537,3374 1582,3374"/>
                <TextEquiv>
                    <Unicode>Sala. Ja.</Unicode>
                </TextEquiv>
            </TextLine>
            <TextLine id="tr_2_tl_12" custom="readingOrder {index:11;}">
                <Coords points="1142,3581 2356,3449 3194,3460 3227,3289 2958,3261 2692,3380 2075,3351 1155,3439"/>
                <Baseline points="1158,3556 1164,3556 1209,3550 1254,3550 1298,3547 1343,3541 1388,3535 1433,3532 1478,3526 1522,3523 1567,3520 1612,3514 1657,3511 1702,3508 1746,3502 1791,3499 1836,3493 1881,3490 1925,3487 1970,3481 2015,3478 2060,3475 2105,3472 2149,3472 2194,3463 2239,3457 2284,3454 2329,3451 2373,3445 2418,3442 2463,3439 2508,3436 2553,3433 2597,3430 2642,3427 2687,3421 2732,3418 2776,3412 2821,3410 2866,3404 2911,3398 2956,3398 3000,3392 3045,3392 3090,3389 3135,3386 3180,3383 3224,3377"/>
                <TextEquiv>
                    <Unicode>Jul. Wie ist es denn gekommen!.... Wie trägt</Unicode>
                </TextEquiv>
            </TextLine>
            <TextLine id="tr_2_tl_13" custom="readingOrder {index:12;}">
                <Coords points="1439,3703 1542,3726 1566,3749 1659,3726 1734,3677 1850,3651 1935,3656 1943,3566 1907,3566 1868,3597 1806,3573 1690,3607 1646,3568 1605,3560 1524,3589 1452,3568"/>
                <Baseline points="1457,3684 1495,3678 1540,3678 1585,3672 1630,3669 1675,3666 1719,3660 1764,3657 1809,3651 1854,3648 1899,3642 1943,3642"/>
                <TextEquiv>
                    <Unicode>stes denn!</Unicode>
                </TextEquiv>
            </TextLine>
        </TextRegion>
    </Page>
</PcGts>
