<?xml version="1.0" encoding="UTF-8" standalone="yes"?>
<PcGts xmlns="http://schema.primaresearch.org/PAGE/gts/pagecontent/2013-07-15" xmlns:xsi="http://www.w3.org/2001/XMLSchema-instance" xsi:schemaLocation="http://schema.primaresearch.org/PAGE/gts/pagecontent/2013-07-15 http://schema.primaresearch.org/PAGE/gts/pagecontent/2013-07-15/pagecontent.xsd">
    <Metadata>
        <Creator>prov=READ-COOP:name=TrHtr:version=2.1.0:model_id=51170:date=28_07_2023_18:35</Creator>
        <Created>2023-05-10T11:41:20.208+02:00</Created>
        <LastChange>2023-07-28T18:35:04.992+02:00</LastChange>
        <TranskribusMetadata docId="1428170" pageId="55390949" pageNr="175" tsid="131370662" status="IN_PROGRESS" userId="64420" imgUrl="https://files.transkribus.eu/Get?id=RSRCUJOBZQZHNRUSIGLKHFEY&amp;fileType=view" xmlUrl="https://files.transkribus.eu/Get?id=SVITLCZVCXPYBKFVPHEHCZTF" imageId="44665835"/>
    </Metadata>
    <Page imageFilename="1428170_0175.jpg" imageWidth="3464" imageHeight="4216">
        <ReadingOrder>
            <OrderedGroup id="ro_1711803034309" caption="Regions reading order">
                <RegionRefIndexed index="0" regionRef="tr_1"/>
                <RegionRefIndexed index="1" regionRef="tr_2"/>
            </OrderedGroup>
        </ReadingOrder>
        <TextRegion id="tr_1" custom="readingOrder {index:0;}">
            <Coords points="1158,735 3093,735 3093,2100 1158,2100"/>
            <TextLine id="tr_1_tl_1" custom="readingOrder {index:0;}">
                <Coords points="2844,805 2878,803 2899,825 2913,820 2921,827 2928,820 2956,829 2999,820 3021,829 3026,681 3011,679 2990,695 2983,691 2925,731 2892,719 2863,739 2846,736"/>
                <Baseline points="2857,791 2890,788 2935,788 2979,785 3024,788"/>
                <TextEquiv>
                    <Unicode>171</Unicode>
                </TextEquiv>
            </TextLine>
            <TextLine id="tr_1_tl_2" custom="readingOrder {index:1;}">
                <Coords points="1145,1030 2801,1025 2978,973 2980,875 1147,923"/>
                <Baseline points="1158,1018 1194,1015 1239,1012 1283,1012 1328,1012 1373,1009 1418,1006 1463,1006 1507,1006 1552,1003 1597,1000 1642,997 1686,997 1731,997 1776,994 1821,994 1866,994 1910,994 1955,991 2000,991 2045,988 2090,988 2134,988 2179,985 2224,985 2269,982 2314,979 2358,979 2403,976 2448,976 2493,976 2537,973 2582,973 2627,973 2672,973 2717,973 2761,970 2806,970 2851,967 2896,964 2941,961 2985,961"/>
                <TextEquiv>
                    <Unicode>ich mir wie ein Lügner erschienen, wenn</Unicode>
                </TextEquiv>
            </TextLine>
            <TextLine id="tr_1_tl_3" custom="readingOrder {index:2;}">
                <Coords points="1157,1193 2964,1154 3076,1135 3078,1009 1159,1076"/>
                <Baseline points="1170,1167 1200,1167 1245,1164 1289,1164 1334,1164 1379,1161 1424,1158 1469,1158 1513,1155 1558,1155 1603,1152 1648,1152 1692,1152 1737,1149 1782,1149 1827,1146 1872,1149 1916,1143 1961,1143 2006,1140 2051,1137 2096,1137 2140,1137 2185,1137 2230,1134 2275,1134 2319,1131 2364,1131 2409,1131 2454,1131 2499,1128 2543,1128 2588,1125 2633,1125 2678,1125 2723,1125 2767,1122 2812,1119 2857,1119 2902,1116 2947,1113 2991,1113 3036,1110 3081,1107"/>
                <TextEquiv>
                    <Unicode>ich geschwiegen hätte. Da hab ich gefühlt</Unicode>
                </TextEquiv>
            </TextLine>
            <TextLine id="tr_1_tl_4" custom="readingOrder {index:3;}">
                <Coords points="1190,1324 2180,1341 2548,1283 2720,1348 3057,1283 3093,1183 1451,1245 1195,1200"/>
                <Baseline points="1203,1319 1212,1319 1257,1319 1301,1319 1346,1319 1391,1319 1436,1316 1480,1313 1525,1310 1570,1307 1615,1307 1660,1307 1704,1304 1749,1304 1794,1301 1839,1304 1884,1301 1928,1301 1973,1298 2018,1298 2063,1295 2108,1292 2152,1292 2197,1292 2242,1289 2287,1286 2331,1283 2376,1283 2421,1283 2466,1280 2511,1283 2555,1280 2600,1280 2645,1277 2690,1277 2735,1274 2779,1274 2824,1274 2869,1271 2914,1268 2958,1265 3003,1263 3048,1263 3093,1265"/>
                <TextEquiv>
                    <Unicode>dass ich es auf mich nehmen musste- auch</Unicode>
                </TextEquiv>
            </TextLine>
            <TextLine id="tr_1_tl_5" custom="readingOrder {index:4;}">
                <Coords points="1157,1496 2858,1467 3045,1427 3047,1310 2287,1381 1159,1362"/>
                <Baseline points="1170,1477 1212,1472 1257,1472 1301,1472 1346,1472 1391,1469 1436,1466 1480,1466 1525,1463 1570,1463 1615,1460 1660,1460 1704,1457 1749,1457 1794,1457 1839,1454 1884,1454 1928,1454 1973,1451 2018,1448 2063,1448 2108,1448 2152,1445 2197,1445 2242,1442 2287,1442 2331,1439 2376,1439 2421,1439 2466,1436 2511,1436 2555,1436 2600,1433 2645,1433 2690,1430 2735,1427 2779,1427 2824,1424 2869,1424 2914,1424 2958,1421 3003,1418 3048,1421"/>
                <TextEquiv>
                    <Unicode>vor andern. Was ich gerade von ihm hätte</Unicode>
                </TextEquiv>
            </TextLine>
            <TextLine id="tr_1_tl_6" custom="readingOrder {index:5;}">
                <Coords points="1190,1635 2892,1613 2947,1606 2949,1508 1193,1556"/>
                <Baseline points="1203,1624 1206,1627 1251,1624 1295,1621 1340,1621 1385,1621 1430,1618 1475,1615 1519,1615 1564,1615 1609,1615 1654,1612 1698,1609 1743,1609 1788,1606 1833,1606 1878,1606 1922,1603 1967,1603 2012,1603 2057,1600 2102,1600 2146,1597 2191,1597 2236,1597 2281,1594 2325,1591 2370,1591 2415,1591 2460,1591 2505,1588 2549,1588 2594,1585 2639,1585 2684,1582 2729,1582 2773,1582 2818,1579 2863,1576 2908,1576 2952,1576"/>
                <TextEquiv>
                    <Unicode>hören wollen das können Sie sich wohl</Unicode>
                </TextEquiv>
            </TextLine>
            <TextLine id="tr_1_tl_7" custom="readingOrder {index:6;}">
                <Coords points="1200,1792 2949,1761 2952,1668 1979,1683 1883,1640 1594,1721 1393,1661 1202,1730"/>
                <Baseline points="1212,1782 1254,1779 1298,1779 1343,1776 1388,1776 1433,1776 1477,1776 1522,1776 1567,1773 1612,1770 1657,1767 1701,1767 1746,1764 1791,1764 1836,1761 1881,1758 1925,1758 1970,1761 2015,1758 2060,1758 2105,1755 2149,1755 2194,1752 2239,1752 2284,1752 2328,1752 2373,1749 2418,1746 2463,1746 2508,1743 2552,1743 2597,1740 2642,1740 2687,1737 2732,1737 2776,1737 2821,1734 2866,1731 2911,1731 2955,1728"/>
                <TextEquiv>
                    <Unicode>denken, aber er sprachs nicht aus. Er</Unicode>
                </TextEquiv>
            </TextLine>
            <TextLine id="tr_1_tl_8" custom="readingOrder {index:7;}">
                <Coords points="1164,1943 2256,1902 2674,1945 2971,1895 2973,1776 2032,1862 1819,1804 1628,1874 1166,1852"/>
                <Baseline points="1176,1937 1185,1934 1230,1931 1274,1931 1319,1928 1364,1928 1409,1928 1454,1925 1498,1922 1543,1922 1588,1922 1633,1916 1678,1916 1722,1916 1767,1919 1812,1916 1857,1913 1901,1913 1946,1913 1991,1910 2036,1907 2081,1907 2125,1904 2170,1904 2215,1901 2260,1901 2305,1901 2349,1901 2394,1898 2439,1896 2484,1896 2529,1896 2573,1893 2618,1890 2663,1893 2708,1890 2752,1887 2797,1884 2842,1884 2887,1884 2932,1881 2976,1881"/>
                <TextEquiv>
                    <Unicode>hat mich verdammt. Und in diesem Augen</Unicode>
                </TextEquiv>
            </TextLine>
            <TextLine id="tr_1_tl_9" custom="readingOrder {index:8;}">
                <Coords points="1169,2094 3031,2070 3047,1977 1173,2000"/>
                <Baseline points="1185,2090 1218,2087 1263,2087 1307,2087 1352,2084 1397,2087 1442,2084 1486,2081 1531,2078 1576,2075 1621,2075 1666,2075 1710,2072 1755,2072 1800,2072 1845,2069 1890,2066 1934,2066 1979,2069 2024,2063 2069,2060 2113,2060 2158,2060 2203,2060 2248,2057 2293,2057 2337,2057 2382,2054 2427,2057 2472,2051 2517,2048 2561,2045 2606,2045 2651,2045 2696,2042 2740,2042 2785,2039 2830,2039 2875,2036 2920,2033 2964,2033 3009,2030 3054,2027"/>
                <TextEquiv>
                    <Unicode>blick fuhr es mir durch denn Kopf: auch</Unicode>
                </TextEquiv>
            </TextLine>
        </TextRegion>
        <TextRegion id="tr_2" custom="readingOrder {index:1;}">
            <Coords points="1173,2147 3024,2147 3024,3625 1173,3625"/>
            <TextLine id="tr_2_tl_1" custom="readingOrder {index:0;}">
                <Coords points="1166,2263 2357,2211 2811,2247 2901,2218 2904,2127 2455,2091 2275,2146 1169,2153"/>
                <Baseline points="1179,2254 1206,2245 1251,2242 1295,2239 1340,2239 1385,2236 1430,2236 1475,2233 1519,2230 1564,2230 1609,2230 1654,2227 1698,2227 1743,2224 1788,2224 1833,2221 1878,2221 1922,2221 1967,2218 2012,2218 2057,2215 2102,2215 2146,2212 2191,2212 2236,2212 2281,2212 2325,2212 2370,2212 2415,2209 2460,2206 2505,2206 2549,2206 2594,2203 2639,2203 2684,2200 2729,2197 2773,2197 2818,2197 2863,2197 2908,2200"/>
                <TextEquiv>
                    <Unicode>jene Andern waren Gatten, Schwesearn,</Unicode>
                </TextEquiv>
            </TextLine>
            <TextLine id="tr_2_tl_2" custom="readingOrder {index:1;}">
                <Coords points="1166,2409 3009,2368 3011,2270 1171,2290"/>
                <Baseline points="1179,2397 1224,2391 1268,2391 1313,2388 1358,2388 1403,2388 1448,2388 1492,2385 1537,2382 1582,2382 1627,2379 1672,2379 1716,2376 1761,2376 1806,2373 1851,2373 1896,2373 1940,2373 1985,2370 2030,2367 2075,2367 2119,2367 2164,2364 2209,2364 2254,2361 2299,2361 2343,2361 2388,2358 2433,2358 2478,2355 2523,2352 2567,2352 2612,2352 2657,2349 2702,2349 2746,2349 2791,2346 2836,2346 2881,2346 2926,2343 2970,2343 3015,2343"/>
                <TextEquiv>
                    <Unicode>Söhne. Ihr Leben gehörte nicht ihnen al</Unicode>
                </TextEquiv>
            </TextLine>
            <TextLine id="tr_2_tl_3" custom="readingOrder {index:2;}">
                <Coords points="1159,2562 2940,2545 3019,2529 3021,2426 1162,2452"/>
                <Baseline points="1173,2543 1188,2546 1233,2540 1277,2540 1322,2540 1367,2540 1412,2537 1457,2537 1501,2537 1546,2534 1591,2531 1636,2529 1681,2529 1725,2526 1770,2526 1815,2526 1860,2526 1904,2523 1949,2520 1994,2520 2039,2520 2084,2520 2128,2520 2173,2517 2218,2517 2263,2514 2308,2511 2352,2511 2397,2511 2442,2508 2487,2508 2531,2505 2576,2505 2621,2502 2666,2499 2711,2502 2755,2499 2800,2499 2845,2496 2890,2496 2935,2493 2979,2493 3024,2493"/>
                <TextEquiv>
                    <Unicode>lein, sondern auch denjenigen von denen</Unicode>
                </TextEquiv>
            </TextLine>
            <TextLine id="tr_2_tl_4" custom="readingOrder {index:3;}">
                <Coords points="1171,2705 2944,2682 3016,2670 3019,2538 2075,2622 1981,2572 1730,2624 1173,2596"/>
                <Baseline points="1185,2693 1230,2687 1274,2684 1319,2684 1364,2687 1409,2684 1454,2684 1498,2681 1543,2678 1588,2675 1633,2675 1678,2675 1722,2675 1767,2672 1812,2669 1857,2669 1901,2669 1946,2669 1991,2666 2036,2666 2081,2669 2125,2669 2170,2666 2215,2663 2260,2663 2305,2663 2349,2660 2394,2657 2439,2654 2484,2654 2529,2651 2573,2648 2618,2648 2663,2648 2708,2645 2752,2645 2797,2642 2842,2642 2887,2639 2932,2636 2976,2636 3021,2636"/>
                <TextEquiv>
                    <Unicode>sie geliebt wurden, für die jede Stunde</Unicode>
                </TextEquiv>
            </TextLine>
            <TextLine id="tr_2_tl_5" custom="readingOrder {index:4;}">
                <Coords points="1193,2861 2416,2811 2581,2868 2976,2811 2980,2720 1195,2775"/>
                <Baseline points="1206,2842 1239,2839 1283,2839 1328,2836 1373,2836 1418,2833 1463,2833 1507,2833 1552,2833 1597,2830 1642,2830 1686,2827 1731,2827 1776,2824 1821,2824 1866,2824 1910,2824 1955,2821 2000,2821 2045,2818 2090,2818 2134,2815 2179,2812 2224,2812 2269,2809 2314,2809 2358,2809 2403,2806 2448,2806 2493,2803 2537,2803 2582,2803 2627,2803 2672,2800 2717,2800 2761,2797 2806,2797 2851,2794 2896,2794 2941,2791 2985,2791"/>
                <TextEquiv>
                    <Unicode>thres Lebens ein Besitz bedeutete. Und</Unicode>
                </TextEquiv>
            </TextLine>
            <TextLine id="tr_2_tl_6" custom="readingOrder {index:5;}">
                <Coords points="1181,3004 2930,2988 2933,2878 1183,2909"/>
                <Baseline points="1194,2997 1233,2994 1277,2994 1322,2994 1367,2991 1412,2991 1457,2991 1501,2988 1546,2988 1591,2988 1636,2985 1681,2982 1725,2982 1770,2982 1815,2979 1860,2979 1904,2976 1949,2976 1994,2973 2039,2973 2084,2973 2128,2973 2173,2970 2218,2970 2263,2970 2308,2967 2352,2967 2397,2964 2442,2964 2487,2964 2531,2961 2576,2961 2621,2961 2666,2958 2711,2958 2755,2958 2800,2955 2845,2955 2890,2952 2935,2952"/>
                <TextEquiv>
                    <Unicode>nun verste h ich meinen Vater, versteh</Unicode>
                </TextEquiv>
            </TextLine>
            <TextLine id="tr_2_tl_7" custom="readingOrder {index:6;}">
                <Coords points="1188,3179 2739,3117 2880,3164 2925,3047 1190,3081"/>
                <Baseline points="1203,3150 1227,3150 1271,3147 1316,3144 1361,3144 1406,3144 1451,3144 1495,3141 1540,3138 1585,3138 1630,3138 1675,3135 1719,3132 1764,3132 1809,3132 1854,3132 1898,3132 1943,3129 1988,3129 2033,3129 2078,3126 2122,3126 2167,3126 2212,3123 2257,3123 2302,3120 2346,3120 2391,3117 2436,3117 2481,3114 2526,3114 2570,3114 2615,3114 2660,3114 2705,3114 2749,3111 2794,3111 2839,3108 2884,3108 2929,3108"/>
                <TextEquiv>
                    <Unicode>ihn in manchem Augenblick besser, als</Unicode>
                </TextEquiv>
            </TextLine>
            <TextLine id="tr_2_tl_8" custom="readingOrder {index:7;}">
                <Coords points="1183,3336 2890,3293 2988,3277 2990,3198 2596,3212 2466,3155 2108,3224 1185,3215"/>
                <Baseline points="1197,3302 1206,3302 1251,3302 1295,3299 1340,3299 1385,3299 1430,3299 1475,3296 1519,3293 1564,3293 1609,3293 1654,3290 1698,3290 1743,3287 1788,3287 1833,3287 1878,3284 1922,3281 1967,3284 2012,3281 2057,3281 2102,3278 2146,3278 2191,3278 2236,3278 2281,3275 2325,3278 2370,3275 2415,3272 2460,3272 2505,3269 2549,3269 2594,3269 2639,3269 2684,3269 2729,3266 2773,3266 2818,3263 2863,3263 2908,3260 2952,3257 2997,3260"/>
                <TextEquiv>
                    <Unicode>mich selbst. Mit ihm klage ich, um die</Unicode>
                </TextEquiv>
            </TextLine>
            <TextLine id="tr_2_tl_9" custom="readingOrder {index:8;}">
                <Coords points="1178,3482 2909,3446 2995,3430 2997,3317 2020,3384 1618,3320 1181,3394"/>
                <Baseline points="1194,3457 1209,3457 1254,3454 1298,3454 1343,3454 1388,3454 1433,3454 1477,3454 1522,3451 1567,3448 1612,3448 1657,3445 1701,3445 1746,3442 1791,3442 1836,3439 1881,3439 1925,3436 1970,3436 2015,3439 2060,3436 2105,3436 2149,3436 2194,3433 2239,3430 2284,3430 2328,3430 2373,3427 2418,3427 2463,3424 2508,3424 2552,3424 2597,3421 2642,3418 2687,3418 2732,3418 2776,3421 2821,3418 2866,3415 2911,3412 2955,3412 3000,3409"/>
                <TextEquiv>
                    <Unicode>Monate, um die Tage, in denen wir noch</Unicode>
                </TextEquiv>
            </TextLine>
            <TextLine id="tr_2_tl_10" custom="readingOrder {index:9;}">
                <Coords points="1200,3618 1341,3659 1730,3611 1833,3659 2032,3599 2118,3638 2361,3587 2426,3635 2741,3578 2956,3623 2961,3492 2789,3535 2201,3492 2077,3559 1745,3497 1499,3544 1422,3494 1202,3552"/>
                <Baseline points="1212,3615 1218,3615 1263,3612 1307,3612 1352,3612 1397,3609 1442,3609 1486,3606 1531,3606 1576,3606 1621,3603 1666,3600 1710,3600 1755,3600 1800,3600 1845,3597 1890,3597 1934,3594 1979,3594 2024,3591 2069,3591 2113,3591 2158,3588 2203,3588 2248,3588 2293,3588 2337,3585 2382,3585 2427,3585 2472,3583 2517,3580 2561,3580 2606,3577 2651,3574 2696,3574 2740,3574 2785,3574 2830,3574 2875,3574 2920,3574 2964,3571"/>
                <TextEquiv>
                    <Unicode>ihre Stimme hätten hören können — mit</Unicode>
                </TextEquiv>
            </TextLine>
        </TextRegion>
    </Page>
</PcGts>
