3432 4152
2832 537 2962 719 87
1061 736 2959 890 vom Fenster wieder zu ihr./ Was soll das
1066 879 2926 1063 nur Irenet Warum sprichst Du wieder von
1074 1030 2232 1215 all diesem Vergessenen.
796 1196 2537 1347 Irene. Vergessnen...I
796 1339 2628 1496 Jul. Versgangenen Dingen.
793 1507 3003 1672 Irene. Vergangenen... Nun ja. Aber draussen auf
1080 1636 2879 1835 dem Land hat man viel Zett, dort fällt
1080 1829 2909 1962 etnem halt alles mögliche ein. Und gar,
1074 1978 2992 2108 wenn ich die Kinder von der Lort seh...
2397 2108 2716 2262 Pause.
1061 2254 2959 2416 neulich da ware beinahe wie eine Viséon.
785 2400 1457 2568 ¬ Jul. Was denn!
793 2579 2995 2722 Irene. Alse denk Dir: ich bin übers Feld gegan-
1077 2714 2948 2896 gen gegen Abend... das tu ich manchmal,
1083 2851 2942 3047 ganz allein.... wett und breit war nie-
1074 3047 2868 3182 mand und unten das Dorf tst auch ganz
1085 3174 2915 3323 still dagelegen.- Na, und plötzlich war
1083 3298 2884 3485 ich nicht mehr allein. Du warst da und
1066 3469 3019 3645 zwischen uns beiden das Kind. ; das haben
