3512 4248
2908 658 3073 828 147.
1149 828 3018 1028 als wir es unser Tag.... unser Tage ganz
1151 1012 3139 1203 allein und die andern Menschen dürften nur
1206 1118 3037 1384 wie zu Gaste drin wohnen, nicht wahr?..
973 1343 2363 1519 Sala. Ich verstehe Dich wohl.
976 1439 3122 1650 Joh. Und als wenn wir ihn halten könnten, wenn
1171 1615 3018 1815 wir wollten. Vielleicht ltegt es daran,
1187 1793 3010 1933 dass Du schon früher einmal von ihm ge
1192 1933 1864 2119 sprochen hast.
2108 2023 2259 2240 P.S.
995 2072 2034 2289 Sala. Von diesem Tag?
998 2198 3207 2434 Joh. Es war in derselben Stunde, da das Furcht
1198 2404 1831 2569 bare geschah.
1017 2590 1763 2739 Sala. / nicht /
1022 2686 3155 2876 Joh. Und nun ist er wirklich da. Der goldene
1258 2826 3128 3040 Dunst liegt über den Wäldern und er ist
1225 2985 3095 3166 viel schöner und viel trauriger als h
1242 3155 3004 3325 ihn ahnen konnte. Und ich erlebe ihn
1255 3322 3155 3481 in Detnem Garten und spiegle mich in Det
1245 3484 2862 3695 nem Teich..... / sie steht dort /
