3496 4248
2733 604 2903 804 177
926 777 3007 950 Sala. So wie ich sie brauche, werden sie mir
1176 953 3044 1088 immer zu Gebote stehen; ich bin für ge -
1120 1078 3021 1229 messene Entfernungen in der Freundschaft
1216 1243 2778 1384 und ganz besonders in der Lieben.
947 1389 2696 1549 Jul. Wahrhaftig Sie sind zu beneiden.
945 1536 2973 1709 Sala. Das wäre möglich aber für Sie - wa
1198 1724 1413 1855 rum?
961 1823 2949 2004 Jul. Wenn man nur ein Egoist wäre wie Sie.
958 1969 3098 2156 Sala. Man ist eben eine andre Sorte. Sie sind
1160 2172 2725 2318 wahrhaftig kein getngerer Egoist.
982 2286 3095 2446 Jul. Mag sein - immerhin hat es ### Wesen ge¬
1174 2456 2539 2603 geben, die ich geliebt habe.
987 2589 3074 2752 Sala. Geliebt......! Sie hätten geliebt!.....?
1174 2765 2999 2887 So wenig wie ich. Haben wir jemals ein
1198 2935 3050 3058 Opfer gebracht, an dem nicht unsre Sinn
1235 3050 2933 3199 lichkeit oder unsre Eitelheit in ir
1203 3228 2970 3374 gend einer Weise beteiligt gewesen wä
1208 3372 2909 3526 re? Haben wir je gezögert anständige
1243 3521 2997 3744 Menschen zu betrügen oder zu belügen,
