3464 4184
2798 546 2986 806 154
958 770 3025 969 Sala. Gegenwart?..... tet das Wort, das eben
1149 945 3032 1092 verklang nicht schon Erinnerung? Der Ton
1146 1095 2994 1242 mit dem eine Melodte begann nicht schon
1177 1242 2955 1427 Erinnerung ehe das Lied geendet? Dein
1146 1432 2976 1548 Eintritt in diesen Garten nicht Erinne-
1154 1512 3022 1700 rung, Johanna? Dein Schritt über die Wie
1152 1703 2994 1837 se dort nicht gerade so vorbet, wie der
1190 1834 3037 2028 Schritt von Toten, die ich längst be -
1152 2009 1474 2177 we tne?
964 2167 2574 2342 Joh. Nein, es soll nicht so sein!
964 2295 2999 2463 Sala. Macht Dich das traurig, Johann a! Das
1157 2468 2952 2636 sollt es nicht — ich finde es tst eher
1167 2599 2996 2798 eine Beruhigung. Auf diese Weise machen
1167 2772 3012 2921 wir uns von alles Zufälligkeiten des Ge
1206 2942 2906 3089 schioks, von allen Niedrigkeitne der
1141 3058 2914 3233 Menschen, von aller Willkür der Sitte
1221 3223 3012 3424 fret. Das ist der Zauber solcher hohen
1154 3383 2996 3550 Augenblicke, in denen wir die Fülle des
