3488 4887
368 275 3114 644 gelt daßrede, geblieben. Sie sehr nicht
129 268 329 583 on the
329 526 3110 944 auf manchendem erlebt.“  schade es bin nicht
307 797 1784 1248 Mit sehennt haben.
247 1162 3017 1655 gut. (nicht drauf eingehält) Sie geht mal
139 1484 2016 1913 nicht gern in dieser Puncte.
175 1705 2989 2106 Matk. Of it for me for us I
107 2002 2985 2435 seit. Ich frei nicht. Er ist mir auch
812 2274 1487 2524 it kint
204 2267 3089 2828 wege immer dieb.. Ich geb nichts
168 2681 1301 3057 auf die Redt.
204 2599 3060 3386 gut. Er ist hübschert dir, ihr die meisten
211 3128 1938 3604 Einmal hat sich woll
318 3471 2306 3936 als schick auf ein Ritter an¬
840 3725 2603 4101 Marien muß – dit: No 6
