3512 4232
2793 480 2982 693 157.
1112 672 2939 940 damit Dein Vater nicht Angst hat, wo Du
1112 892 2747 1105 so lange bleibst.... und doch — —
938 988 2864 1203 Joh. Dann wird er mich auch nicht mehr er
1160 1188 2406 1372 warten. Leb wohl, Stephan.
950 1345 1984 1567 Sala. Auf morgen also.
955 1527 1946 1704 Joh. Ja - auf morgen.
960 1618 2982 1848 Sala. Du kommst wieder durch die Gartentür,
1158 1825 2103 2009 sie wird offen sein.
973 1934 2899 2138 Joh. Bleibt nicht ein Wagen vor dem Hause
1180 2141 1516 2297 stehen?
986 2209 2919 2447 Sala. Ja. Aber die Türe in den Gartensaal
1190 2366 2975 2598 ist verschlossen, Du brauchst nicht zu
1203 2613 1577 2763 fltehen.
1011 2730 1678 2934 Joh. Leb wohl.
1016 2902 1827 3071 Sala. Auf morgen.
1026 3091 1426 3215 Joh. Ja.
1024 3147 3056 3394 Sala. Höre Johanna, und wenn toh Dir sagte:
1236 3382 1570 3544 bleibe.
1036 3389 2846 3685 Joh. Nein, nach — jetzt muss ich fort.
