3480 4264
2824 421 2956 699 50
889 707 3105 941 Sala. Wenn ich Ihnen ungelegen komme, so schick
1175 906 2312 1098 en Sie mich einfach weg.
892 1010 2986 1241 Jul. Was fällt ihnen denn ein. Ich hab Ihnen
1189 1123 2934 1393 doch geschrieben. Seien Sie mir will¬
1195 1318 2664 1541 kommen. / reicht ihm die Hand /
1197 1484 2568 1707 Sie sind heute früh gekommen!
919 1544 1162 1690 Sala.
1192 1613 3006 1814 / Salas Gewohnheit auf und ab zu gehen
1211 1759 3050 1985 während er redet, zuwetlen auch währen
1225 1907 3008 2144 er zuhört, tritt in dieser Scene stark
1222 2040 3064 2296 hervor. Gelegentlich setzt er sich auch
1230 2202 3047 2458 für ein paar Augenblicke nieder. Manch¬
1233 2326 3094 2615 mal nur auf eine Lehen: Zuweilen bleibt
1247 2510 2951 2747 er bei Juliahn stehen, legt ihm die
1233 2659 3160 2907 Hand auf die Schulter während er spricht.
1252 2838 2995 3069 Zwei höchstens dreimal während dieser
1255 2959 3110 3220 Scone greift er - nicht sehr auffallend
1261 3154 3080 3380 nach der linken Brustseite, als empfän-
1266 3320 2538 3545 de er dort ein Unbehagen.
985 3534 1393 3691 Jul. Ja.
