3464 4248
2687 495 2868 654 132
1352 794 2322 1022 6. Auftritt.
1110 948 2638 1184 Pflugfelder. Hans. Sala. Julian.
830 1289 2220 1486 Pflugf. Sie waren lange fort?
835 1442 3041 1596 Jul. Ja. Das hab ich nicht gedacht, als ich im
1132 1599 2838 1783 vorigen Jahr von Ihnen allen Abschta
1140 1778 1385 1948 nahm.
843 1942 3028 2102 Pflugf. Nein - das konnten wir alle nicht den¬
1132 2107 1338 2245 ken.
846 2209 2220 2393 Jul. Sala hat mir erzählt....
860 2371 2742 2561 Pflugf. Ja, er war an diesem Abend hier.
860 2519 2800 2726 Jul. Seit dem war es wohl entschieden -?
846 2657 3044 2871 Pflugf. Was wir eben entschieden nennen. Aber
1140 2822 2981 3036 es kam trotsdem - früher ab wir erwar-
1201 3020 1503 3179 teten.
860 3140 1959 3322 Jul. Und doch wohl.....
868 3324 2956 3454 Pflugf. Was? Sie zögern etwas auszusprechen.
868 3426 2921 3632 Jul. Hier darf man es doch wohl sagen, dass
