3464 4264
2559 804 2742 936 131
715 967 2590 1165 Jul. Danke. / er setzt sich noch nicht /
730 1140 2282 1290 Irene. Ich muss nun gehen. Adieu.
717 1325 2086 1480 Pflugf. Nochmals meinen Dank.
720 1468 2763 1603 Irene. / wendet sich von Pflugfelder ab. zu
1002 1590 2612 1778 Julian. / Auf Wiedersehen, Julian.
722 1768 1539 1928 Jul. Adteu Irene.
1040 1890 2610 2099 sie stehen ein wenig abseits.
738 2071 1824 2211 Irene. Er tst es, Hans!
725 2228 1870 2386 Jul. / antwortet nicht/
733 2350 2760 2539 Irene. Er - Dein Sohn. Und ich war runtert!
730 2490 2422 2691 Jul. / einen raschen Blick auf s. /
1002 2684 2101 2846 Johanna tritt zu ihnen.
733 2826 2066 3017 Jul. Auf Wiedersehen, Irene.
738 3002 1702 3154 Irene. nein, neiny!
733 3162 2480 3320 Joh. Ich beglette Sie Fräule in Herrs.
1000 3287 2170 3490 Johanna, Irene ab. /
