3448 4232
2909 689 3100 832 127
1141 807 2982 1004 hören / aber ich erzähl Ihnen da Dinge,
1155 1055 2987 1181 die Sie wirklich recht sehr interessie-
1149 1216 1693 1402 ren müssen!
1381 1397 2352 1634 3. Auftritt
1155 1537 2683 1784 Johanna Irene, Hans, Sala kommt.
1163 1835 2772 1938 Begrüssung. Bl ich zwischen den Ge¬
1163 1975 1706 2078 schwistern.
888 2210 2909 2382 Sala. Nun wie gehts? Ists nicht merkwürdig:
1179 2349 2963 2538 es ist wie wenn ein neuer Sommer käme.
1176 2530 2966 2694 Ich bin heute in der Nachmittagssonne,
1176 2648 3022 2837 zwei Stunden im Garten auf dem Gras ge-
1184 2834 3057 2982 legen. — Nun, wann kommen Sie denn ein¬
1216 2977 2912 3149 mal hidus zu mir, Doktor Hans.? In
1222 3111 3036 3321 zehn Tagen schliessen sich die Türan.
902 3278 1876 3488 Hans. So bald schon?
899 3426 3060 3612 Sala. Ja, wir fahren früher ab als anfänglich
1243 3612 3003 3824 bestimmt war. Das hängt mit der ver¬
