<?xml version="1.0" encoding="UTF-8" standalone="yes"?>
<PcGts xmlns="http://schema.primaresearch.org/PAGE/gts/pagecontent/2013-07-15" xmlns:xsi="http://www.w3.org/2001/XMLSchema-instance" xsi:schemaLocation="http://schema.primaresearch.org/PAGE/gts/pagecontent/2013-07-15 http://schema.primaresearch.org/PAGE/gts/pagecontent/2013-07-15/pagecontent.xsd">
    <Metadata>
        <Creator>prov=READ-COOP:name=TrHtr:version=2.1.0:model_id=51170:date=28_07_2023_18:34</Creator>
        <Created>2023-05-10T11:40:58.423+02:00</Created>
        <LastChange>2023-07-28T18:34:17.672+02:00</LastChange>
        <TranskribusMetadata docId="1428170" pageId="55389870" pageNr="7" tsid="131370490" status="IN_PROGRESS" userId="64420" imgUrl="https://files.transkribus.eu/Get?id=LGQNPPPOGAODMTXSRBYTQEKO&amp;fileType=view" xmlUrl="https://files.transkribus.eu/Get?id=NVGGUAYWLPVTVVKIFSUNGNCW" imageId="44664758"/>
    </Metadata>
    <Page imageFilename="1428170_0007.jpg" imageWidth="3400" imageHeight="4200">
        <ReadingOrder>
            <OrderedGroup id="ro_1711802847832" caption="Regions reading order">
                <RegionRefIndexed index="0" regionRef="tr_1"/>
                <RegionRefIndexed index="1" regionRef="tr_2"/>
            </OrderedGroup>
        </ReadingOrder>
        <TextRegion id="tr_1" custom="readingOrder {index:0;}">
            <Coords points="946,720 3077,720 3077,2726 946,2726"/>
            <TextLine id="tr_1_tl_1" custom="readingOrder {index:0;}">
                <Coords points="928,960 2028,917 2567,796 2941,873 2980,681 936,804"/>
                <Baseline points="946,883 973,883 1017,877 1062,877 1107,877 1152,874 1179,865 1191,865 1235,862 1280,862 1325,859 1370,856 1414,853 1459,850 1504,850 1549,847 1594,844 1638,841 1683,838 1728,838 1773,835 1817,829 1862,826 1907,826 1952,826 1997,823 2041,820 2086,820 2131,817 2176,814 2220,814 2265,811 2310,808 2355,805 2400,802 2444,800 2489,800 2534,797 2579,794 2623,794 2668,791 2713,788 2758,785 2802,782 2847,779 2892,776 2937,770 2982,770"/>
                <TextEquiv>
                    <Unicode>Joh. Vielleicht später. Jetzt ist Professor</Unicode>
                </TextEquiv>
            </TextLine>
            <TextLine id="tr_1_tl_2" custom="readingOrder {index:1;}">
                <Coords points="1212,1064 1272,1056 1365,1103 1442,1064 1576,1086 1672,1051 1740,1081 1877,1048 2077,1067 2082,922 2039,911 1795,939 1664,911 1568,939 1445,900 1382,933 1220,906"/>
                <Baseline points="1229,1020 1235,1020 1280,1014 1325,1014 1370,1011 1414,1008 1459,1005 1504,1002 1549,1000 1594,1000 1638,997 1683,994 1728,991 1773,988 1817,988 1862,985 1907,982 1952,979 1997,976 2041,976 2086,979"/>
                <TextEquiv>
                    <Unicode>Bernhardt bei ihr.</Unicode>
                </TextEquiv>
            </TextLine>
            <TextLine id="tr_1_tl_3" custom="readingOrder {index:2;}">
                <Coords points="1218,1237 1997,1234 2175,1146 2504,1111 2753,1155 2977,1084 2983,982 2526,1012 2424,1075 2252,1029 1363,1103 1229,1062"/>
                <Baseline points="1238,1173 1280,1173 1325,1170 1370,1167 1414,1164 1459,1164 1504,1158 1549,1155 1594,1152 1638,1149 1683,1146 1728,1146 1773,1143 1817,1140 1862,1140 1907,1137 1952,1134 1997,1131 2041,1128 2086,1128 2131,1125 2176,1125 2220,1122 2265,1119 2310,1116 2355,1116 2400,1116 2444,1113 2489,1110 2534,1110 2579,1107 2623,1104 2668,1101 2713,1095 2758,1095 2802,1092 2847,1089 2892,1086 2937,1083 2982,1074"/>
                <TextEquiv>
                    <Unicode>Professor Bernhardt! Der, bei dem Ihr</Unicode>
                </TextEquiv>
            </TextLine>
            <TextLine id="tr_1_tl_4" custom="readingOrder {index:3;}">
                <Coords points="939,1212 958,1218 1004,1196 1037,1204 1111,1190 1122,1201 1160,1188 1185,1193 1190,1073 1157,1073 1152,1064 1105,1081 1070,1073 1051,1086 1021,1070 1010,1081 993,1078 971,1100 947,1097"/>
                <Baseline points="955,1191 967,1191 1011,1188 1056,1188 1101,1182 1146,1179 1191,1182"/>
                <TextEquiv>
                    <Unicode>Sala.</Unicode>
                </TextEquiv>
            </TextLine>
            <TextLine id="tr_1_tl_5" custom="readingOrder {index:4;}">
                <Coords points="1272,1374 1945,1382 2071,1349 2274,1376 2285,1163 1992,1234 1281,1226"/>
                <Baseline points="1289,1319 1304,1319 1349,1316 1394,1310 1438,1307 1483,1307 1528,1304 1573,1301 1617,1298 1662,1295 1707,1295 1752,1295 1797,1292 1841,1286 1886,1283 1931,1283 1976,1280 2020,1280 2065,1277 2110,1274 2155,1271 2200,1268 2244,1265 2289,1262"/>
                <TextEquiv>
                    <Unicode>Bruder Asststent tst?</Unicode>
                </TextEquiv>
            </TextLine>
            <TextLine id="tr_1_tl_6" custom="readingOrder {index:5;}">
                <Coords points="1240,1510 2036,1527 2227,1513 2334,1420 2635,1445 2692,1434 2703,1250 2279,1283 2156,1371 1245,1412"/>
                <Baseline points="1256,1474 1268,1474 1313,1468 1358,1468 1402,1465 1447,1462 1492,1462 1537,1456 1582,1453 1626,1450 1671,1447 1716,1444 1761,1441 1805,1441 1850,1435 1895,1432 1940,1429 1985,1429 2029,1426 2074,1426 2119,1423 2164,1423 2208,1420 2253,1420 2298,1417 2343,1414 2388,1411 2432,1408 2477,1405 2522,1402 2567,1400 2611,1400 2656,1397 2701,1400"/>
                <TextEquiv>
                    <Unicode>Ja. Und auch der Papa und Hans.</Unicode>
                </TextEquiv>
            </TextLine>
            <TextLine id="tr_1_tl_7" custom="readingOrder {index:6;}">
                <Coords points="955,1510 1023,1530 1064,1560 1078,1560 1108,1532 1157,1532 1157,1417 1125,1406 1105,1412 1086,1393 1029,1417 1007,1401 993,1409 974,1387 960,1387"/>
                <Baseline points="973,1486 988,1486 1032,1483 1077,1483 1122,1480 1167,1483"/>
                <TextEquiv>
                    <Unicode>Jon.</Unicode>
                </TextEquiv>
            </TextLine>
            <TextLine id="tr_1_tl_8" custom="readingOrder {index:7;}">
                <Coords points="958,1696 1702,1694 1959,1595 2572,1592 2627,1434 2427,1406 2230,1513 1705,1551 966,1543"/>
                <Baseline points="976,1632 1011,1632 1056,1629 1101,1629 1146,1623 1191,1623 1235,1620 1280,1620 1325,1617 1370,1614 1414,1608 1459,1605 1504,1605 1549,1602 1594,1600 1638,1600 1683,1597 1728,1594 1773,1591 1817,1588 1862,1588 1907,1585 1952,1582 1997,1579 2041,1576 2086,1576 2131,1573 2176,1573 2220,1570 2265,1567 2310,1564 2355,1561 2400,1561 2444,1558 2489,1555 2534,1555 2579,1552 2623,1555"/>
                <TextEquiv>
                    <Unicode>Sala. Ah-- Also etne Art Konsiltum.</Unicode>
                </TextEquiv>
            </TextLine>
            <TextLine id="tr_1_tl_9" custom="readingOrder {index:8;}">
                <Coords points="974,1811 2126,1833 2337,1732 3065,1710 3073,1573 2736,1538 2096,1705 1450,1675 1188,1768 980,1699"/>
                <Baseline points="991,1794 1011,1794 1056,1791 1101,1791 1146,1788 1191,1785 1235,1785 1280,1779 1325,1779 1370,1773 1414,1773 1459,1773 1504,1770 1549,1767 1594,1761 1638,1761 1683,1758 1728,1755 1773,1752 1817,1752 1862,1749 1907,1746 1952,1743 1997,1740 2041,1740 2086,1737 2131,1737 2176,1737 2220,1734 2265,1731 2310,1728 2355,1725 2400,1722 2444,1722 2489,1716 2534,1713 2579,1713 2623,1710 2668,1704 2713,1704 2758,1704 2802,1701 2847,1701 2892,1698 2937,1695 2982,1692 3026,1686 3071,1692"/>
                <TextEquiv>
                    <Unicode>Joh. Ja, die Mama wollte eigentlich nichts da-</Unicode>
                </TextEquiv>
            </TextLine>
            <TextLine id="tr_1_tl_10" custom="readingOrder {index:9;}">
                <Coords points="985,1965 2028,1989 2225,1893 2846,1858 3065,1929 3076,1732 988,1872"/>
                <Baseline points="1000,1952 1017,1949 1062,1946 1107,1943 1152,1943 1197,1940 1241,1937 1286,1931 1331,1928 1376,1925 1420,1925 1465,1925 1510,1919 1555,1916 1600,1916 1644,1913 1689,1910 1734,1907 1779,1904 1823,1904 1868,1904 1913,1901 1958,1895 2002,1895 2047,1892 2092,1892 2137,1889 2182,1886 2226,1883 2271,1883 2316,1880 2361,1880 2405,1877 2450,1874 2495,1871 2540,1871 2585,1868 2629,1868 2674,1865 2719,1862 2764,1859 2808,1856 2853,1850 2898,1847 2943,1847 2988,1844 3032,1841 3077,1838"/>
                <TextEquiv>
                    <Unicode>von wissen, dass man Bernhardt ruft; man hat</Unicode>
                </TextEquiv>
            </TextLine>
            <TextLine id="tr_1_tl_11" custom="readingOrder {index:10;}">
                <Coords points="996,2129 1584,2112 1779,2123 1839,2167 2041,2101 2162,2137 2170,1981 1945,2003 1784,1967 1631,2036 1212,1976 1004,2022"/>
                <Baseline points="1014,2098 1053,2098 1098,2095 1143,2095 1188,2092 1232,2089 1277,2086 1322,2083 1367,2080 1411,2077 1456,2077 1501,2077 1546,2071 1591,2071 1635,2068 1680,2062 1725,2059 1770,2059 1814,2056 1859,2053 1904,2050 1949,2047 1994,2047 2038,2044 2083,2044 2128,2041 2173,2044"/>
                <TextEquiv>
                    <Unicode>ste sozusagen überrascht.</Unicode>
                </TextEquiv>
            </TextLine>
            <TextLine id="tr_1_tl_12" custom="readingOrder {index:11;}">
                <Coords points="988,2266 2539,2271 2679,2181 2931,2164 2939,2000 2569,2118 1940,2175 1584,2112 993,2194"/>
                <Baseline points="1002,2253 1011,2253 1056,2250 1101,2250 1146,2247 1191,2244 1235,2244 1280,2241 1325,2238 1370,2235 1414,2232 1459,2235 1504,2232 1549,2226 1594,2226 1638,2223 1683,2220 1728,2217 1773,2217 1817,2217 1862,2217 1907,2214 1952,2211 1997,2205 2041,2202 2086,2200 2131,2200 2176,2200 2220,2200 2265,2194 2310,2191 2355,2188 2400,2185 2444,2182 2489,2179 2534,2179 2579,2176 2623,2170 2668,2167 2713,2167 2758,2164 2802,2161 2847,2158 2892,2155 2937,2158"/>
                <TextEquiv>
                    <Unicode>Sala. So - (Pause) — Nun, ich komme viel</Unicode>
                </TextEquiv>
            </TextLine>
            <TextLine id="tr_1_tl_13" custom="readingOrder {index:12;}">
                <Coords points="999,2443 2889,2441 2903,2170 2690,2274 1004,2337"/>
                <Baseline points="1017,2405 1023,2405 1068,2405 1113,2402 1158,2402 1202,2397 1247,2397 1292,2394 1337,2391 1382,2388 1426,2388 1471,2385 1516,2382 1561,2382 1605,2376 1650,2376 1695,2373 1740,2373 1785,2370 1829,2370 1874,2364 1919,2361 1964,2358 2008,2358 2053,2355 2098,2355 2143,2352 2188,2349 2232,2349 2277,2349 2322,2346 2367,2343 2411,2337 2456,2331 2501,2331 2546,2328 2591,2325 2635,2322 2680,2319 2725,2316 2770,2313 2814,2310 2859,2307 2904,2298"/>
                <TextEquiv>
                    <Unicode>leicht nächstens wieder.... Mergen oder</Unicode>
                </TextEquiv>
            </TextLine>
            <TextLine id="tr_1_tl_14" custom="readingOrder {index:13;}">
                <Coords points="1015,2588 1048,2599 1125,2569 1240,2594 1330,2564 1387,2594 1453,2569 1532,2575 1538,2465 1461,2474 1445,2457 1376,2490 1294,2476 1253,2504 1182,2506 1157,2490 1073,2498 1021,2468"/>
                <Baseline points="1032,2558 1050,2561 1095,2558 1140,2555 1185,2555 1229,2552 1274,2552 1319,2549 1364,2546 1408,2546 1453,2543 1498,2540 1543,2540"/>
                <TextEquiv>
                    <Unicode>übermorgen.</Unicode>
                </TextEquiv>
            </TextLine>
            <TextLine id="tr_1_tl_15" custom="readingOrder {index:14;}">
                <Coords points="1015,2720 3018,2701 3054,2498 2813,2578 1965,2632 1428,2578 1018,2660"/>
                <Baseline points="1029,2716 1041,2716 1086,2713 1131,2710 1176,2710 1220,2707 1265,2707 1310,2707 1355,2704 1400,2701 1444,2698 1489,2692 1534,2689 1579,2686 1623,2686 1668,2686 1713,2683 1758,2680 1802,2677 1847,2677 1892,2674 1937,2674 1982,2671 2026,2671 2071,2665 2116,2662 2161,2659 2205,2656 2250,2653 2295,2653 2340,2650 2385,2647 2429,2647 2474,2644 2519,2641 2564,2638 2608,2635 2653,2635 2698,2632 2743,2635 2788,2629 2832,2626 2877,2623 2922,2620 2967,2617 3011,2614 3056,2617"/>
                <TextEquiv>
                    <Unicode>Joh. Ihr neues Haus gibt Ihnen</Unicode>
                </TextEquiv>
            </TextLine>
        </TextRegion>
        <TextRegion id="tr_2" custom="readingOrder {index:1;}">
            <Coords points="1035,2782 3238,2782 3238,3815 1035,3815"/>
            <TextLine id="tr_2_tl_1" custom="readingOrder {index:0;}">
                <Coords points="1026,2889 1108,2881 1174,2931 1281,2884 1442,2906 1510,2876 1781,2917 1839,2895 1850,2728 1746,2777 1458,2728 1275,2791 1032,2788"/>
                <Baseline points="1041,2871 1086,2871 1131,2868 1176,2868 1220,2865 1265,2862 1310,2859 1355,2856 1400,2853 1444,2853 1489,2847 1534,2844 1579,2841 1623,2838 1668,2838 1713,2835 1758,2835 1802,2832 1847,2835"/>
                <TextEquiv>
                    <Unicode>wohl viel zu tun!</Unicode>
                </TextEquiv>
            </TextLine>
            <TextLine id="tr_2_tl_2" custom="readingOrder {index:1;}">
                <Coords points="1021,3032 2476,3062 2775,2941 2966,2947 2974,2818 2703,2799 2498,2906 1333,2884 1023,2950"/>
                <Baseline points="1035,3023 1047,3023 1092,3020 1137,3017 1182,3017 1226,3017 1271,3014 1316,3014 1361,3008 1405,3005 1450,3002 1495,3002 1540,3000 1585,2997 1629,2994 1674,2991 1719,2991 1764,2988 1808,2988 1853,2985 1898,2982 1943,2979 1988,2979 2032,2973 2077,2973 2122,2973 2167,2970 2211,2970 2256,2967 2301,2964 2346,2958 2391,2955 2435,2955 2480,2955 2525,2949 2570,2949 2614,2946 2659,2943 2704,2943 2749,2943 2794,2937 2838,2931 2883,2925 2928,2925 2973,2925"/>
                <TextEquiv>
                    <Unicode>Sala, (setzt sich auf die Lehne eines Fau¬</Unicode>
                </TextEquiv>
            </TextLine>
            <TextLine id="tr_2_tl_3" custom="readingOrder {index:2;}">
                <Coords points="1034,3204 1250,3177 1395,3237 1453,3196 1910,3169 1997,3204 2093,3180 2099,3067 2017,3035 1820,3054 1770,3092 1590,3067 1209,3122 1040,3108"/>
                <Baseline points="1050,3182 1074,3179 1119,3176 1164,3173 1208,3173 1253,3173 1298,3170 1343,3170 1388,3167 1432,3167 1477,3164 1522,3161 1567,3155 1611,3155 1656,3149 1701,3149 1746,3146 1791,3146 1835,3143 1880,3143 1925,3137 1970,3137 2014,3134 2059,3134 2104,3131"/>
                <TextEquiv>
                    <Unicode>teuils.Nicht so sehr.</Unicode>
                </TextEquiv>
            </TextLine>
            <TextLine id="tr_2_tl_4" custom="readingOrder {index:3;}">
                <Coords points="1032,3390 2156,3330 2408,3396 2646,3259 3196,3289 3234,3160 1037,3262"/>
                <Baseline points="1050,3334 1089,3334 1134,3331 1179,3331 1223,3331 1268,3328 1313,3328 1358,3325 1402,3319 1447,3316 1492,3313 1537,3310 1582,3307 1626,3307 1671,3304 1716,3301 1761,3301 1805,3298 1850,3298 1895,3298 1940,3295 1985,3292 2029,3289 2074,3286 2119,3280 2164,3280 2208,3277 2253,3277 2298,3274 2343,3271 2388,3268 2432,3265 2477,3265 2522,3262 2567,3259 2611,3253 2656,3253 2701,3253 2746,3253 2791,3247 2835,3247 2880,3244 2925,3241 2970,3238 3014,3238 3059,3238 3104,3235 3149,3232 3194,3229 3238,3232"/>
                <TextEquiv>
                    <Unicode>Joh. Ich dachte.... Neulich hab ich es übrigens</Unicode>
                </TextEquiv>
            </TextLine>
            <TextLine id="tr_2_tl_5" custom="readingOrder {index:4;}">
                <Coords points="1051,3535 1494,3527 1625,3481 1683,3527 1757,3524 1762,3401 1609,3385 1560,3412 1489,3366 1401,3420 1308,3426 1215,3390 1056,3434"/>
                <Baseline points="1068,3492 1095,3489 1140,3489 1185,3486 1229,3483 1274,3483 1319,3480 1364,3480 1408,3477 1453,3474 1498,3471 1543,3465 1588,3462 1632,3459 1677,3456 1722,3456 1767,3456"/>
                <TextEquiv>
                    <Unicode>wieder gesehen-</Unicode>
                </TextEquiv>
            </TextLine>
            <TextLine id="tr_2_tl_6" custom="readingOrder {index:5;}">
                <Coords points="1051,3735 1672,3636 2879,3658 3013,3631 3018,3494 1059,3541"/>
                <Baseline points="1068,3647 1098,3647 1143,3641 1188,3641 1232,3638 1277,3635 1322,3635 1367,3632 1411,3629 1456,3626 1501,3623 1546,3620 1591,3614 1635,3614 1680,3614 1725,3614 1770,3608 1814,3605 1859,3605 1904,3605 1949,3602 1994,3600 2038,3597 2083,3594 2128,3594 2173,3588 2217,3588 2262,3585 2307,3582 2352,3579 2397,3579 2441,3576 2486,3576 2531,3576 2576,3573 2620,3570 2665,3567 2710,3564 2755,3561 2800,3558 2844,3558 2889,3555 2934,3549 2979,3546 3023,3540"/>
                <TextEquiv>
                    <Unicode>Sala. Wieder? Wann sahen Sie es denn zum</Unicode>
                </TextEquiv>
            </TextLine>
            <TextLine id="tr_2_tl_7" custom="readingOrder {index:6;}">
                <Coords points="1078,3839 1177,3825 1231,3858 1275,3831 1333,3847 1390,3828 1415,3844 1502,3812 1562,3828 1568,3688 1519,3688 1486,3716 1365,3678 1278,3697 1218,3735 1084,3740"/>
                <Baseline points="1095,3805 1122,3805 1167,3802 1211,3802 1256,3802 1301,3800 1346,3797 1391,3794 1435,3791 1480,3788 1525,3788 1570,3791"/>
                <TextEquiv>
                    <Unicode>erstenmal?</Unicode>
                </TextEquiv>
            </TextLine>
        </TextRegion>
    </Page>
</PcGts>
