<?xml version="1.0" encoding="UTF-8" standalone="yes"?>
<PcGts xmlns="http://schema.primaresearch.org/PAGE/gts/pagecontent/2013-07-15" xmlns:xsi="http://www.w3.org/2001/XMLSchema-instance" xsi:schemaLocation="http://schema.primaresearch.org/PAGE/gts/pagecontent/2013-07-15 http://schema.primaresearch.org/PAGE/gts/pagecontent/2013-07-15/pagecontent.xsd">
    <Metadata>
        <Creator>prov=READ-COOP:name=TrHtr:version=2.1.0:model_id=51170:date=28_07_2023_18:34</Creator>
        <Created>2023-05-10T11:41:15.487+02:00</Created>
        <LastChange>2023-07-28T18:34:54.746+02:00</LastChange>
        <TranskribusMetadata docId="1428170" pageId="55390734" pageNr="138" tsid="131370625" status="IN_PROGRESS" userId="64420" imgUrl="https://files.transkribus.eu/Get?id=MNDAUKVFZHULXJLWWILIFOBX&amp;fileType=view" xmlUrl="https://files.transkribus.eu/Get?id=WVITVSKLMABYPUGWPGDGRPRE" imageId="44665620"/>
    </Metadata>
    <Page imageFilename="1428170_0138.jpg" imageWidth="3480" imageHeight="4280">
        <ReadingOrder>
            <OrderedGroup id="ro_1711803003003" caption="Regions reading order">
                <RegionRefIndexed index="0" regionRef="tr_1"/>
                <RegionRefIndexed index="1" regionRef="tr_2"/>
            </OrderedGroup>
        </ReadingOrder>
        <TextRegion id="tr_1" custom="readingOrder {index:0;}">
            <Coords points="847,755 2930,755 2930,1950 847,1950"/>
            <TextLine id="tr_1_tl_1" custom="readingOrder {index:0;}">
                <Coords points="2716,832 2748,843 2788,830 2809,846 2814,840 2838,846 2867,827 2894,832 2899,700 2862,690 2841,695 2814,721 2722,721"/>
                <Baseline points="2730,814 2766,811 2811,808 2856,805 2901,805"/>
                <TextEquiv>
                    <Unicode>134</Unicode>
                </TextEquiv>
            </TextLine>
            <TextLine id="tr_1_tl_2" custom="readingOrder {index:1;}">
                <Coords points="1004,1041 1911,1060 2024,994 2360,1054 2492,994 2751,1012 2753,872 1007,906"/>
                <Baseline points="1020,1029 1056,1026 1101,1026 1146,1023 1190,1023 1235,1020 1280,1020 1325,1017 1369,1017 1414,1017 1459,1014 1504,1011 1549,1014 1593,1011 1638,1008 1683,1005 1728,1005 1772,999 1817,999 1862,999 1907,999 1951,996 1996,996 2041,996 2086,996 2131,990 2175,990 2220,987 2265,987 2310,984 2354,984 2399,981 2444,981 2489,978 2533,975 2578,975 2623,972 2668,972 2713,970 2757,970"/>
                <TextEquiv>
                    <Unicode>ist eshr gut gemeint. Ich danke Ihnen</Unicode>
                </TextEquiv>
            </TextLine>
            <TextLine id="tr_1_tl_3" custom="readingOrder {index:2;}">
                <Coords points="1023,1210 1229,1189 1260,1210 1387,1176 1572,1218 1638,1171 1739,1168 1778,1194 1784,1054 1638,1089 1533,1052 1371,1083 1276,1060 1208,1089 1171,1065 1115,1105 1025,1102"/>
                <Baseline points="1038,1196 1071,1190 1116,1187 1161,1184 1205,1181 1250,1181 1295,1178 1340,1178 1384,1175 1429,1175 1474,1172 1519,1169 1563,1169 1608,1167 1653,1167 1698,1167 1743,1164 1787,1167"/>
                <TextEquiv>
                    <Unicode>für Ihr Betleid.</Unicode>
                </TextEquiv>
            </TextLine>
            <TextLine id="tr_1_tl_4" custom="readingOrder {index:3;}">
                <Coords points="835,1382 2899,1316 2904,1192 838,1266"/>
                <Baseline points="850,1343 892,1343 937,1343 981,1340 1026,1340 1071,1340 1116,1337 1161,1334 1205,1334 1250,1328 1295,1328 1340,1325 1384,1325 1429,1322 1474,1322 1519,1322 1563,1319 1608,1319 1653,1316 1698,1316 1743,1313 1787,1313 1832,1310 1877,1310 1922,1310 1966,1307 2011,1304 2056,1304 2101,1301 2145,1301 2190,1301 2235,1298 2280,1298 2325,1295 2369,1295 2414,1292 2459,1289 2504,1292 2548,1289 2593,1286 2638,1286 2683,1286 2727,1283 2772,1283 2817,1277 2862,1274 2907,1274"/>
                <TextEquiv>
                    <Unicode>Sala. Und Sie besuchen schon wieder Ihre Pa¬</Unicode>
                </TextEquiv>
            </TextLine>
            <TextLine id="tr_1_tl_5" custom="readingOrder {index:4;}">
                <Coords points="1023,1490 1916,1517 1998,1472 2283,1459 2286,1369 2082,1337 1892,1382 1794,1353 1025,1406"/>
                <Baseline points="1038,1483 1080,1486 1125,1486 1169,1486 1214,1483 1259,1486 1304,1483 1349,1480 1393,1477 1438,1480 1483,1477 1528,1474 1572,1474 1617,1471 1662,1471 1707,1468 1751,1465 1796,1465 1841,1465 1886,1462 1931,1465 1975,1462 2020,1459 2065,1456 2110,1453 2154,1450 2199,1450 2244,1447 2289,1441"/>
                <TextEquiv>
                    <Unicode>tienten, Herr Pflugfelder?</Unicode>
                </TextEquiv>
            </TextLine>
            <TextLine id="tr_1_tl_6" custom="readingOrder {index:5;}">
                <Coords points="830,1673 2872,1622 2875,1485 835,1551"/>
                <Baseline points="847,1647 865,1644 910,1644 955,1647 999,1647 1044,1647 1089,1644 1134,1644 1178,1641 1223,1641 1268,1638 1313,1635 1358,1632 1402,1632 1447,1632 1492,1629 1537,1626 1581,1623 1626,1620 1671,1620 1716,1620 1760,1617 1805,1617 1850,1614 1895,1614 1940,1611 1984,1611 2029,1608 2074,1608 2119,1605 2163,1605 2208,1602 2253,1602 2298,1599 2342,1599 2387,1596 2432,1596 2477,1593 2522,1593 2566,1593 2611,1590 2656,1590 2701,1587 2745,1587 2790,1584 2835,1584 2880,1581"/>
                <TextEquiv>
                    <Unicode>Flugf. Ja, ich bitte Sie, man muss wohl eine</Unicode>
                </TextEquiv>
            </TextLine>
            <TextLine id="tr_1_tl_7" custom="readingOrder {index:6;}">
                <Coords points="1015,1834 1892,1781 1995,1834 2196,1752 2904,1792 2925,1644 1017,1715"/>
                <Baseline points="1029,1790 1050,1790 1095,1787 1140,1784 1184,1784 1229,1781 1274,1781 1319,1781 1363,1778 1408,1778 1453,1775 1498,1775 1543,1772 1587,1772 1632,1775 1677,1769 1722,1769 1766,1769 1811,1769 1856,1766 1901,1763 1945,1763 1990,1763 2035,1760 2080,1757 2125,1757 2169,1754 2214,1751 2259,1751 2304,1751 2348,1751 2393,1749 2438,1746 2483,1746 2528,1743 2572,1743 2617,1743 2662,1740 2707,1740 2751,1740 2796,1737 2841,1734 2886,1734 2930,1734"/>
                <TextEquiv>
                    <Unicode>Entscheidung treffen, und wenn man wetter</Unicode>
                </TextEquiv>
            </TextLine>
            <TextLine id="tr_1_tl_8" custom="readingOrder {index:7;}">
                <Coords points="1033,1969 2222,1911 2473,1953 2780,1903 2783,1815 2595,1749 2177,1844 1036,1871"/>
                <Baseline points="1047,1940 1086,1940 1131,1937 1175,1937 1220,1937 1265,1934 1310,1931 1355,1931 1399,1931 1444,1928 1489,1928 1534,1925 1578,1925 1623,1925 1668,1922 1713,1922 1757,1919 1802,1919 1847,1919 1892,1916 1937,1916 1981,1913 2026,1910 2071,1910 2116,1907 2160,1904 2205,1904 2250,1904 2295,1901 2339,1898 2384,1898 2429,1898 2474,1898 2519,1895 2563,1895 2608,1892 2653,1889 2698,1889 2742,1889 2787,1889"/>
                <TextEquiv>
                    <Unicode>lebt so arbeitet man auch wetter. Das</Unicode>
                </TextEquiv>
            </TextLine>
        </TextRegion>
        <TextRegion id="tr_2" custom="readingOrder {index:1;}">
            <Coords points="880,1985 2993,1985 2993,3815 880,3815"/>
            <TextLine id="tr_2_tl_1" custom="readingOrder {index:0;}">
                <Coords points="1083,2096 2764,2074 2933,2051 2938,1942 1086,2027"/>
                <Baseline points="1101,2092 1104,2092 1149,2092 1193,2086 1238,2086 1283,2086 1328,2083 1372,2083 1417,2083 1462,2080 1507,2080 1552,2077 1596,2074 1641,2074 1686,2074 1731,2074 1775,2071 1820,2068 1865,2068 1910,2065 1954,2062 1999,2065 2044,2062 2089,2062 2134,2062 2178,2059 2223,2056 2268,2053 2313,2053 2357,2053 2402,2053 2447,2050 2492,2050 2536,2047 2581,2047 2626,2044 2671,2047 2716,2044 2760,2044 2805,2041 2850,2038 2895,2035 2939,2035"/>
                <TextEquiv>
                    <Unicode>ist nicht Pflichtgefühl das ist einfach</Unicode>
                </TextEquiv>
            </TextLine>
            <TextLine id="tr_2_tl_2" custom="readingOrder {index:1;}">
                <Coords points="1031,2275 2698,2230 2801,2204 2804,2114 1036,2140"/>
                <Baseline points="1044,2250 1062,2247 1107,2247 1152,2244 1196,2244 1241,2241 1286,2238 1331,2238 1375,2235 1420,2235 1465,2232 1510,2232 1555,2232 1599,2229 1644,2229 1689,2226 1734,2223 1778,2220 1823,2220 1868,2220 1913,2217 1957,2214 2002,2211 2047,2211 2092,2211 2137,2208 2181,2205 2226,2205 2271,2202 2316,2205 2360,2202 2405,2199 2450,2199 2495,2199 2539,2196 2584,2196 2629,2193 2674,2190 2719,2190 2763,2187 2808,2184"/>
                <TextEquiv>
                    <Unicode>Selbsterhaltungstrieb. Wie könnte man</Unicode>
                </TextEquiv>
            </TextLine>
            <TextLine id="tr_2_tl_3" custom="readingOrder {index:2;}">
                <Coords points="1046,2410 2740,2394 2859,2365 2864,2249 1049,2317"/>
                <Baseline points="1062,2396 1077,2396 1122,2396 1167,2393 1211,2393 1256,2390 1301,2387 1346,2384 1390,2384 1435,2384 1480,2384 1525,2381 1569,2381 1614,2381 1659,2381 1704,2381 1749,2378 1793,2378 1838,2378 1883,2375 1928,2372 1972,2369 2017,2369 2062,2366 2107,2363 2151,2363 2196,2363 2241,2360 2286,2360 2331,2357 2375,2357 2420,2357 2465,2354 2510,2354 2554,2351 2599,2351 2644,2348 2689,2345 2733,2345 2778,2345 2823,2342 2868,2342"/>
                <TextEquiv>
                    <Unicode>sonst vorwärts...... besonders in einem</Unicode>
                </TextEquiv>
            </TextLine>
            <TextLine id="tr_2_tl_4" custom="readingOrder {index:3;}">
                <Coords points="1046,2555 2978,2529 2981,2376 1049,2471"/>
                <Baseline points="1062,2533 1104,2533 1149,2536 1193,2533 1238,2530 1283,2530 1328,2528 1372,2528 1417,2525 1462,2525 1507,2525 1552,2522 1596,2522 1641,2519 1686,2522 1731,2519 1775,2519 1820,2516 1865,2516 1910,2513 1954,2513 1999,2510 2044,2510 2089,2507 2134,2507 2178,2504 2223,2504 2268,2501 2313,2501 2357,2498 2402,2498 2447,2498 2492,2495 2536,2495 2581,2492 2626,2492 2671,2492 2716,2489 2760,2492 2805,2489 2850,2486 2895,2486 2939,2483 2984,2483"/>
                <TextEquiv>
                    <Unicode>solchen Fall. Es gibt nämlich etwas was</Unicode>
                </TextEquiv>
            </TextLine>
            <TextLine id="tr_2_tl_5" custom="readingOrder {index:4;}">
                <Coords points="1039,2740 2759,2687 2875,2658 2878,2574 2117,2566 1752,2642 1287,2579 1041,2635"/>
                <Baseline points="1053,2713 1089,2710 1134,2710 1178,2710 1223,2707 1268,2707 1313,2704 1358,2701 1402,2701 1447,2701 1492,2698 1537,2698 1581,2695 1626,2695 1671,2692 1716,2689 1760,2689 1805,2689 1850,2689 1895,2686 1940,2686 1984,2686 2029,2686 2074,2683 2119,2680 2163,2680 2208,2680 2253,2680 2298,2677 2342,2674 2387,2674 2432,2671 2477,2671 2522,2668 2566,2665 2611,2662 2656,2662 2701,2662 2745,2662 2790,2659 2835,2656 2880,2650"/>
                <TextEquiv>
                    <Unicode>hoch furchtbarer ist, als jemanden ver</Unicode>
                </TextEquiv>
            </TextLine>
            <TextLine id="tr_2_tl_6" custom="readingOrder {index:5;}">
                <Coords points="1054,2872 2857,2851 2960,2827 2962,2714 1057,2785"/>
                <Baseline points="1068,2868 1086,2865 1131,2862 1175,2859 1220,2859 1265,2859 1310,2859 1355,2859 1399,2856 1444,2853 1489,2853 1534,2850 1578,2850 1623,2850 1668,2847 1713,2844 1757,2844 1802,2844 1847,2841 1892,2838 1937,2835 1981,2838 2026,2835 2071,2835 2116,2835 2160,2832 2205,2832 2250,2829 2295,2829 2339,2829 2384,2829 2429,2826 2474,2823 2519,2820 2563,2817 2608,2817 2653,2814 2698,2814 2742,2814 2787,2817 2832,2814 2877,2811 2921,2811 2966,2808"/>
                <TextEquiv>
                    <Unicode>lieren; das ist : verlteren ohne das man</Unicode>
                </TextEquiv>
            </TextLine>
            <TextLine id="tr_2_tl_7" custom="readingOrder {index:6;}">
                <Coords points="1089,3034 2458,3015 2516,3005 2521,2891 1091,2936"/>
                <Baseline points="1104,3017 1137,3017 1181,3014 1226,3014 1271,3011 1316,3011 1361,3011 1405,3008 1450,3005 1495,3005 1540,3005 1584,3002 1629,3002 1674,3002 1719,2999 1763,2999 1808,2999 1853,2999 1898,2996 1943,2996 1987,2993 2032,2993 2077,2993 2122,2990 2166,2990 2211,2990 2256,2984 2301,2984 2345,2984 2390,2984 2435,2981 2480,2981 2525,2984"/>
                <TextEquiv>
                    <Unicode>Zett hatte Abschied zu nehmen.</Unicode>
                </TextEquiv>
            </TextLine>
            <TextLine id="tr_2_tl_8" custom="readingOrder {index:7;}">
                <Coords points="867,3182 2894,3155 2986,3116 2989,2973 869,3102"/>
                <Baseline points="880,3178 889,3175 934,3172 978,3172 1023,3172 1068,3169 1113,3169 1158,3166 1202,3163 1247,3160 1292,3157 1337,3157 1381,3157 1426,3154 1471,3154 1516,3154 1560,3154 1605,3151 1650,3148 1695,3148 1740,3145 1784,3145 1829,3142 1874,3142 1919,3142 1963,3142 2008,3139 2053,3136 2098,3136 2142,3133 2187,3133 2232,3133 2277,3130 2322,3127 2366,3127 2411,3124 2456,3124 2501,3124 2545,3121 2590,3124 2635,3121 2680,3118 2724,3118 2769,3118 2814,3118 2859,3118 2904,3115 2948,3115 2993,3115"/>
                <TextEquiv>
                    <Unicode>Sada. Es ist doch eine Gnade der Götter hin</Unicode>
                </TextEquiv>
            </TextLine>
            <TextLine id="tr_2_tl_9" custom="readingOrder {index:8;}">
                <Coords points="1060,3340 1665,3348 1797,3311 1905,3353 2188,3345 2294,3324 2299,3158 1969,3219 1763,3200 1514,3256 1427,3211 1060,3266"/>
                <Baseline points="1074,3327 1092,3324 1137,3324 1181,3321 1226,3321 1271,3321 1316,3321 1361,3321 1405,3318 1450,3318 1495,3315 1540,3315 1584,3312 1629,3309 1674,3309 1719,3309 1763,3307 1808,3309 1853,3307 1898,3307 1943,3304 1987,3301 2032,3301 2077,3298 2122,3298 2166,3298 2211,3298 2256,3298 2301,3298"/>
                <TextEquiv>
                    <Unicode>zugehen ohne es zu wissen.</Unicode>
                </TextEquiv>
            </TextLine>
            <TextLine id="tr_2_tl_10" custom="readingOrder {index:9;}">
                <Coords points="867,3507 1443,3478 1541,3528 1665,3462 2185,3493 2846,3454 2849,3404 2275,3322 869,3404"/>
                <Baseline points="880,3480 886,3480 931,3483 975,3486 1020,3483 1065,3486 1110,3483 1155,3483 1199,3483 1244,3477 1289,3474 1334,3474 1378,3471 1423,3471 1468,3468 1513,3468 1557,3465 1602,3465 1647,3462 1692,3462 1737,3462 1781,3459 1826,3456 1871,3456 1916,3456 1960,3456 2005,3453 2050,3453 2095,3453 2140,3453 2184,3453 2229,3453 2274,3453 2319,3453 2363,3450 2408,3447 2453,3444 2498,3441 2542,3441 2587,3441 2632,3438 2677,3438 2722,3435 2766,3435 2811,3435 2856,3432"/>
                <TextEquiv>
                    <Unicode>Pflugf. Ohne es zu utssen.... da ltugts.</Unicode>
                </TextEquiv>
            </TextLine>
            <TextLine id="tr_2_tl_11" custom="readingOrder {index:10;}">
                <Coords points="1068,3657 1641,3676 1866,3618 2106,3689 2243,3618 2838,3618 2841,3522 1068,3559"/>
                <Baseline points="1083,3635 1098,3638 1143,3638 1187,3635 1232,3635 1277,3632 1322,3632 1366,3632 1411,3629 1456,3629 1501,3626 1546,3626 1590,3623 1635,3626 1680,3623 1725,3623 1769,3623 1814,3620 1859,3620 1904,3620 1948,3614 1993,3617 2038,3617 2083,3617 2128,3620 2172,3617 2217,3617 2262,3614 2307,3614 2351,3611 2396,3611 2441,3605 2486,3605 2530,3605 2575,3602 2620,3602 2665,3599 2710,3599 2754,3596 2799,3596 2844,3596"/>
                <TextEquiv>
                    <Unicode>Wer kann es denn sagen.... ich glaube</Unicode>
                </TextEquiv>
            </TextLine>
            <TextLine id="tr_2_tl_12" custom="readingOrder {index:11;}">
                <Coords points="1065,3850 2933,3803 2965,3620 1068,3702"/>
                <Baseline points="1080,3805 1089,3805 1134,3802 1178,3802 1223,3799 1268,3796 1313,3796 1358,3796 1402,3796 1447,3793 1492,3790 1537,3790 1581,3790 1626,3790 1671,3787 1716,3787 1760,3787 1805,3784 1850,3784 1895,3781 1940,3778 1984,3778 2029,3781 2074,3781 2119,3781 2163,3778 2208,3778 2253,3778 2298,3775 2342,3775 2387,3772 2432,3769 2477,3769 2522,3769 2566,3766 2611,3766 2656,3766 2701,3763 2745,3766 2790,3763 2835,3760 2880,3760 2924,3760 2969,3763"/>
                <TextEquiv>
                    <Unicode>nicht recht daran - ich glaube es nicht.</Unicode>
                </TextEquiv>
            </TextLine>
        </TextRegion>
    </Page>
</PcGts>
