3464 4248
2779 543 2900 738 32.
933 697 2834 1001 dern ltegt und der Himmel so klar und so
1205 930 1811 1130 blass ist...
919 1029 3057 1336 Frau Pflugf. Ach ja war das alles noch einmal
1213 1240 2895 1449 sehen könnte, Wälder und den blauen
1205 1408 1759 1575 Himmel!,...
933 1498 2840 1723 Hans. Aber Mama, was fällt Dir denn ein.
941 1635 3147 1860 Frau Pflugf. /steht ihn an /. Hans! Werd toh
1224 1847 2478 2050 noch einmal gesund werden?
949 1997 1646 2192 Hans. Aber —!
958 2148 3089 2327 Frau Pflugf. Werd ich wieder ins Freie können
1235 2299 1981 2508 weit fort?....
960 2417 3002 2664 Hans. Ja, aber das tat doch selbstverständ-
1254 2609 2971 2812 lich. Sogar sehr bald, hoff ich. Wir
1262 2766 3100 2930 haben es eben mit Bennhardt besprochen.
1226 2906 2195 3100 Pflugf. Ist es wahr?
980 2892 1202 3144 Frau
1270 2999 3133 3213 Aber natürlich.- Sobald Du nur einwenig
985 3122 1246 3295 Hans.
1290 3207 3133 3413 erholt bist. Ich versteh Dich gar nicht
1268 3375 3081 3548 Mama. Und das wird gar nicht lang dau-
1290 3517 2162 3740 ern, gewiss nicht.
