3464 4248
2762 646 2948 822 145
1589 975 2126 1190 4.A kt.
1138 1250 2779 1500 Garten im Hause des Herrn von Sala.
1124 1445 3029 1653 Linka die Terasse, von der einige Stufen
1143 1601 2972 1812 herabführen. Im Vordergrund ein kleiner
1153 1775 3104 1987 Teich, im Halbkrets herum eine Baumanlage.
1151 1938 3054 2124 Eine Allee läuft von hier aus schtf nach
1168 2096 3158 2252 rechts hinten. Am Beginn dieser Allee, dem
1166 2235 3012 2416 Teich nahe zwei Säulen. Auf diesen Säu
1181 2364 2980 2586 lendie Marmorbüsten von zwei römischen
1173 2527 2987 2757 Kaisern. Eine steinerne Bank mit Lehne
1238 2651 3121 2876 halbkretsförmig, rechts vom Teich unter
1238 2814 3089 3027 Bäumen. Rückwärst scht mmert das Gitter
1210 2975 2856 3203 durch das dünn gewordene Gesträuch.
1250 3166 3128 3341 Hinter dem Gitter Wald, rötlich belaubt,
1225 3279 3017 3542 mässig ansteigend. Blassblauer Herls t
1215 3458 2985 3678 himmel. - Stille - Die Scene einige
