3352 4232
2596 398 2732 700 45
709 677 2497 926 Dinge sich nun einmal gestaltet haben.
709 819 2953 1048 Frau Pflugf. Wir sind so weit zufrieden mit den,
990 1028 2558 1205 was Sie uns bisher gegeben haben.
729 1121 2825 1391 Sala Ah.... Seten Sie überzeugt, das Eigent-
1011 1240 2770 1522 liehe hab ich nicht gesagt — das kann
1019 1437 2805 1658 niemand wissen, als ich. Aber es wäre
807 1524 973 1667 G.C.P.
1002 1594 2544 1821 schade., wenn es ungesagt bliebe.
764 1725 3104 1983 Johanna. Ich verstehe sehr gut, wie Sie das met ne¬
1048 1890 2971 2102 Herr von Sala. Ich habe immer das Gefühl,
816 1963 1005 2149 Prais
1063 2030 2910 2253 wenn ich in Ihren Werken lese, als wenn
1074 2166 2965 2384 Sie etwas verschwiegen, als wenn es selt
1095 2375 2904 2587 same Geheimnisse gäbe, die nur Sie ken-
1080 2512 2814 2698 nen und die Sie nichtverraten wollen.
807 2671 2831 2889 Hans / hat sich unterdessen zum Klavier ge-
1069 2817 2645 3052 setzt und präludtert sehr leise /
836 2947 2915 3177 Sala. Die ich nicht verratenwill — 7 0, wenn
1127 3119 2985 3331 es so wäre.... Nicht kann — das ist es!
1135 3264 2956 3490 es ist ja uner etter keine Geheimnisse
1115 3409 2930 3665 haben zu dürfen. Und mein ganzes Elend
