3416 4104
2795 644 2971 776 189
1042 793 2894 957 keit des Dasetns — ja...... aber das Be -
1042 962 3006 1119 wusstsein wirklich gelebt zu haben hab ich
1039 1116 2954 1258 ihr gegeben, ich als Einziger - ich weiss
1032 1221 2822 1430 es. Seligkeit und Verzweiflung, Ahnung
1072 1405 2956 1549 der Evigkeit und Sehnsucht nach Vernicht
1027 1554 2904 1730 tung, ward ihr durch mich. Und darum hat
1024 1713 2889 1885 die kurze Frist, die wir vereint durch —
1057 1850 2894 2011 lebten den wahren „nnhalt ihres Daseins
1012 2039 2904 2151 bedeutet, die wenigen Tage mehr, als die
1002 2180 2844 2310 Jahrzehnte an seiner Seite. Als meinen
994 2340 2884 2504 Sohn hat sie Dich empfangen, da sie mich
992 2481 2924 2611 liebte - als meinen Schilgeboren, als sie
1027 2648 2795 2770 mich verflu chte - und alle die Jahre
987 2782 2824 2941 zog ste Dich auf, als meinen Sohln. Und
1027 2926 2869 3098 als sie vor Dir auf den Knien lag, Dich
982 3090 2896 3222 um ihren Tod anzuflehen, da fühlte sie es
965 3217 2969 3381 heftiger denn je, dass Du mein Sohns warst,
962 3394 2906 3563 denn an keinen andern hätte sie eine
1007 3538 2939 3747 solche Bitte berichtet, von keinem Andern
