3464 4184
2706 625 2868 776 153
988 743 2802 978 unter den Platanen mit den blinden en -
958 917 2825 1084 glischen Buben — ich höre sie machen...
990 1099 2999 1252 und ich spastere mit Julian über rascheln-
995 1252 2974 1394 den Blättern auf und ab und wir reden über
1043 1378 2890 1547 ein Bild — und ich sehe das Bild: xxxei
998 1542 2875 1719 alte Matrosen mit zermürbten Gesichtern,
1003 1704 2848 1860 sie sitzen auf einem umgewandten Nachen
1016 1865 2893 2039 den Bltok aufs Meer hinaus und ich fühle
1013 1993 2911 2180 ihr Elend tiefer, als sie selbet es kön -
1018 2139 2984 2303 ten, wenn sie lebendig wären, tiefer, als
1003 2341 2855 2467 der Mast, der es gemalt hat. — Und das
1036 2457 3039 2636 Lied tönt in mein Ohr, das eine erblindete
1046 2598 2979 2795 Frau in einem halbdunkeln Zimmer sang....
1008 2795 2906 2948 und alles, alles das ist jetzt, denn ich
1016 2916 2855 3082 fühle es und hab es nie stärker gefühlt
1013 3064 3034 3241 und alles das ist mir näher als Du, Johanna
1005 3266 2757 3405 als Deine Stimme, wenn Du schweigst.
819 3392 2810 3543 Joh. / hat die Augen beinahe mit Angst auf
1021 3536 1688 3737 ihn gerichtet
