3352 4248
1103 717 1706 956 ich mit ihm.
819 857 2286 1111 Frau Pflugf. /lächelnd/ ich so
839 971 2886 1264 Johanna. Es geht Ihnen wohl mit den meisten
1114 1200 1787 1409 Menschen se.
859 1375 1589 1566 Sala. Aehnlich.
867 1454 2906 1658 Johanna. Gewiss. Man merkt das auch aus den
1147 1625 2337 1874 Sachen die Sie schreiben.
1149 1706 3000 2016 Das will ich hoffen, Fräulein Johanna,
887 1838 1136 2065 Sala.
1164 1838 3066 2174 Es wäre ein recht trauriges Geschreibsel
1192 2042 2975 2278 aus dem man nicht merkte, wie ich ben.
1200 2189 3041 2438 Uebrigens, was Jultan anbelangt, so hab
1218 2339 3107 2576 ich im Frühjahr die letzte Karte von ihm
1220 2459 3130 2667 erhalten - Aus der französtschen Schwetz.
1218 2616 3056 2832 Und im Winter schrieb er mir einmal aus
1014 2738 1111 2967 de
1225 2883 1528 2982 Katro.
1243 2901 2804 3115 Wie er jetzt durch die Welt jagt!
953 3023 1205 3153 Hans.
964 3102 2957 3313 Frau Pflugf. Wir haben ihn wohl zwet Jahre
1266 3318 1940 3435 nicht gesehen.
974 3409 2967 3638 Hans. Nein, Mama,.Im vorigen Jahre war er
1284 3648 1533 3804 hier.
