3432 4264
860 664 2190 860 "Fräulein" Johanna zu sagen.
857 795 1686 1030 Joh. Warum denn.!
1168 951 2920 1145 Jenn Sie so emphatisch werden ist es
860 980 1137 1150 Sala.
1153 1085 2917 1281 mir wirklich, als hörte ich wieder das
1161 1273 2867 1438 kleine Mädchen reden, das einmal....
881 1396 2645 1581 Joh. Warum sprechen Sie nicht weiter?
1215 1500 3071 1738 Ich denke eben dran — als Sie ein klei-
883 1589 1187 1801 sala.
1215 1699 2995 1877 nes Mädchen werden, wollten Sie eine
1179 1848 3058 2060 Tänzerin werden — nicht wahr — als gros¬
1234 1971 2920 2206 se Tänzerin durch die Welt reisen.
1194 2143 3139 2363 Warum sagen Sie das, als wenn es so etwas
904 2248 1111 2386 Joh.
1200 2282 2967 2525 nichtiges wäre eine Tänzerin zu sein?
1197 2449 3118 2679 /ohne ihn anzusehen/ gerade Sie sollten
1228 2622 1756 2849 das nicht.
1215 2739 2329 2985 Warum gerade ich nicht!
928 2836 1194 2995 Sala.
941 2946 2099 3157 Joh, (steht ihn ruhig an.)
944 3074 2988 3262 Sdla. Johanna — ich weiss nicht wie Sie das
1236 3259 1579 3442 meinen.
946 3359 2151 3589 Joh. Dann ists auch gut.
959 3508 3061 3738 Sala. Oder weiss ich es vielleicht decht...
