3464 4248
2644 617 2837 807 138
1024 799 2842 1058 sich hingetastet hätte dahin oder dort
1021 979 2604 1199 hin - es wäre vergeblich gewesen.
847 1180 1993 1365 Joh. / ist eingetreten /
857 1294 2784 1516 Pflugf. Ueberdies war sie nie allein....
1053 1445 2792 1649 keine Sekunde.... nicht wahr Johanna,
1096 1590 3051 1799 Deine Mutter war nie allein?..... nun ja,
1072 1747 3025 1945 dass ein Anfall von Verzweiflung über sie
1114 1913 2990 2080 kommen könnte - daran hab ich natürlich
1088 2046 2810 2260 gedacht, aber ich wollte es um jeden
1077 2188 2940 2424 Preis verhindeön, dass sie etwas beginge
1096 2374 2908 2572 wonach jede Reue zu spät kommt.
1098 2522 2961 2726 es ist nicht wahr — sie tst nicht davon
1154 2675 2879 2900 geschlichen! Das ist thre Art nicht
1117 2853 3030 3064 gewesen.... wie kannst Du es sagen Hans..
1117 2996 2829 3189 wie darfst Du es vermuten?.... Hans!
1125 3078 3236 3361 weisst Du etwas, was mir nicht bekannt ist?
1130 3334 2511 3520 Wenn D., es weisst, so sag es.
934 3453 3067 3660 Hans. ich weiss, dass sie nicht länger leben
