3368 4104
2677 597 2855 767 193
1011 759 2162 932 Ihre Schwester ist tot.
817 880 2208 1071 Hans. Um Himmelswillen! Tot!
825 1033 2754 1197 Sala. Sie ist in meinem Teiche ertrunken.
825 1186 2962 1348 Hans. Herr von Sala.! - Wann ist das gescheh
1069 1348 1228 1502 en?
811 1447 3014 1649 Sala. Zufall war es nicht. Nun ist es mir klar,
1011 1639 2271 1819 ste wollte vor mir sterben.
808 1795 1630 1967 Hans. Kommen Sie!
811 1959 1395 2132 Sala. Wohin?
795 2077 2351 2250 Hans. Wir wollen zu metnem Vater.
792 2239 2781 2425 Sala. Er hat die Nachricht schon erhalten.
981 2389 2461 2543 Sie werden ihn draussen finden.
792 2551 2540 2691 Hans. Wie kann es denn gekommen sein?
792 2685 2836 2866 Sala. Als Sie fort waren, bin ich im Garten
984 2863 2866 3044 salon gesessen; da war mir, als hört ich
1022 3000 1934 3178 meinen Namen rufen.
1345 3274 2228 3507 4. Auftritt
951 3447 2247 3644 Dr. Pflugfelder tritt ein.
