3368 4200
1265 742 2028 924 Vor zwei jahren.
985 808 1193 937 Jon.
982 892 3078 1146 Sala. Vor zwei Jahren? Es tat doch eben erst
1272 1074 2975 1241 fertig geworden. Vor zwei Jahren war
1212 1209 3097 1410 noch nicht einmal der Grundstein gelegt.
987 1370 3062 1534 Joh. Das ist wahr. Aber Sie haben uns damals
987 1518 3110 1692 den Platz gezeigt... erinnern Sie sich nicht?
1302 1682 3134 1859 Wir haben uns einmal draussen begegnet,
985 1830 2909 2017 an einem Sonndag Nachmittag im September.
1251 1985 3115 2157 Ich mit meinen Eltern und Sie mit Herrn
1254 2112 3044 2289 Werber. Der Garten war schon zu sehen.
1257 2268 2988 2458 Nun ja. Bäume sind natürlich dort ge¬
977 2284 1228 2445 sala.
1259 2434 3068 2614 standen; es war ja eigentlich noch ein
1299 2579 1851 2754 Stück Wald.
1209 2772 3134 2915 Es steht genau so aus, als Sie es uns da¬
974 2714 1183 2909 Joh.
1265 2883 2954 3068 mals schilderten. Alles stimmt voll-
1259 3110 1618 3216 kommen.
972 3163 2967 3382 Sala. Wie kommen Sie denn in diese Gegend.
972 3361 2983 3538 fl oh. Ich bin spazteren gegangen. Ich gehe
1254 3540 2978 3678 manchmal allein spazieren, seit Mann
