3512 4232
2811 728 2928 885 94.
1171 883 2951 1097 änderung gegenübet den früheren Tagen
1171 1043 2982 1251 bemerkt. Wir plauderten über allerlei.
1180 1197 3073 1400 Johanna spielte ein wenig Klavier.- spä-
1197 1340 3185 1565 ter kam Hans aus dem Spital. Als sie seine
1191 1531 2993 1737 Schritte im Vorzimmer hörte, lächelte
1202 1659 3102 1851 sie ein wenig wie gewöhnlich. / Als Ant-
1202 1842 3113 1999 wort auf den Blick Jul tans. / Ich glaube
1200 1968 3168 2202 nicht Jultan, ich glaube nicht. Schon die
1205 2131 3159 2328 Liebe zu thren Kindern würde sie se lange
1220 2274 3168 2456 auf Erden gehalten haben, als es ihr noch
1228 2416 3253 2596 bestimmt sein mochte. Sie wissen ja selbst
1228 2591 3059 2779 wie sie an ihnen hängt. — Besonders an
2351 2773 2448 2899 no
1231 2808 1500 2936 Hans.
957 2922 3250 3088 Jul. / der ruhtg dasass die Hände vor den Augen.
1237 3036 2962 3236 Sala, es ist unser Sohn - mein Sohn.
968 3213 2788 3388 Sala. Hans kam nicht in Wien zur Welt?
971 3342 3233 3533 Jul. Wir waren damals frei - beide, ich und st.
1248 3513 3213 3716 Es war in Florenz, wo ich mich als junger
