<?xml version="1.0" encoding="UTF-8" standalone="yes"?>
<PcGts xmlns="http://schema.primaresearch.org/PAGE/gts/pagecontent/2013-07-15" xmlns:xsi="http://www.w3.org/2001/XMLSchema-instance" xsi:schemaLocation="http://schema.primaresearch.org/PAGE/gts/pagecontent/2013-07-15 http://schema.primaresearch.org/PAGE/gts/pagecontent/2013-07-15/pagecontent.xsd">
    <Metadata>
        <Creator>prov=READ-COOP:name=TrHtr:version=2.1.0:model_id=51170:date=28_07_2023_18:34</Creator>
        <Created>2023-05-10T11:40:58.887+02:00</Created>
        <LastChange>2023-07-28T18:34:18.811+02:00</LastChange>
        <TranskribusMetadata docId="1428170" pageId="55389885" pageNr="11" tsid="131370494" status="IN_PROGRESS" userId="64420" imgUrl="https://files.transkribus.eu/Get?id=MJCVHBIJTCJIDFKZGGVCMXOP&amp;fileType=view" xmlUrl="https://files.transkribus.eu/Get?id=POIKOSTUUCTAVZCQPZIYUUSE" imageId="44664773"/>
    </Metadata>
    <Page imageFilename="1428170_0011.jpg" imageWidth="3416" imageHeight="4264">
        <ReadingOrder>
            <OrderedGroup id="ro_1711802853096" caption="Regions reading order">
                <RegionRefIndexed index="0" regionRef="tr_2"/>
                <RegionRefIndexed index="1" regionRef="tr_1"/>
            </OrderedGroup>
        </ReadingOrder>
        <TextRegion id="tr_2" custom="readingOrder {index:0;}">
            <Coords points="964,827 3087,827 3087,1685 964,1685"/>
            <TextLine id="tr_2_tl_1" custom="readingOrder {index:0;}">
                <Coords points="1230,919 1628,971 1809,906 2122,946 2271,892 2382,919 2385,779 1993,827 1841,830 1760,776 1449,789 1314,838 1233,808"/>
                <Baseline points="1245,913 1269,910 1313,910 1358,910 1403,907 1448,904 1492,904 1537,901 1582,898 1627,901 1672,901 1716,898 1761,898 1806,898 1851,895 1896,895 1940,895 1985,892 2030,889 2075,889 2120,886 2164,886 2209,886 2254,883 2299,880 2344,877 2388,880"/>
                <TextEquiv>
                    <Unicode>War das damals für micht</Unicode>
                </TextEquiv>
            </TextLine>
            <TextLine id="tr_2_tl_2" custom="readingOrder {index:1;}">
                <Coords points="949,1098 1125,1136 1328,1122 1398,1076 1565,1125 1687,1060 1920,1098 1925,927 1741,957 1703,933 1628,971 1541,935 1271,976 1073,963 952,1014"/>
                <Baseline points="964,1074 988,1074 1033,1074 1077,1074 1122,1074 1167,1071 1212,1068 1257,1068 1301,1066 1346,1066 1391,1063 1436,1060 1481,1060 1525,1057 1570,1057 1615,1051 1660,1051 1705,1048 1749,1048 1794,1048 1839,1045 1884,1048 1928,1051"/>
                <TextEquiv>
                    <Unicode>Joh, (etn fach).— Was?</Unicode>
                </TextEquiv>
            </TextLine>
            <TextLine id="tr_2_tl_3" custom="readingOrder {index:2;}">
                <Coords points="960,1271 2463,1176 2750,1244 3047,1195 3050,1095 2447,1060 2114,1152 2003,1095 1260,1100 963,1163"/>
                <Baseline points="976,1227 997,1227 1042,1224 1086,1224 1131,1221 1176,1221 1221,1218 1266,1212 1310,1212 1355,1212 1400,1206 1445,1206 1490,1203 1534,1203 1579,1200 1624,1200 1669,1200 1713,1200 1758,1197 1803,1194 1848,1191 1893,1191 1937,1191 1982,1191 2027,1188 2072,1185 2117,1185 2161,1185 2206,1185 2251,1182 2296,1179 2341,1182 2385,1179 2430,1176 2475,1173 2520,1173 2564,1173 2609,1170 2654,1167 2699,1167 2744,1167 2788,1164 2833,1164 2878,1161 2923,1161 2968,1158 3012,1155 3057,1155"/>
                <TextEquiv>
                    <Unicode>Sala. Haben Sie gewusst, dass ich Sie damals</Unicode>
                </TextEquiv>
            </TextLine>
            <TextLine id="tr_2_tl_4" custom="readingOrder {index:3;}">
                <Coords points="1236,1379 1287,1395 1301,1409 1346,1409 1376,1390 1401,1403 1463,1403 1471,1271 1457,1271 1422,1244 1395,1257 1382,1249 1357,1265 1344,1252 1311,1276 1282,1268 1260,1279 1241,1271"/>
                <Baseline points="1254,1367 1289,1367 1334,1364 1379,1361 1424,1358 1469,1358"/>
                <TextEquiv>
                    <Unicode>sah?</Unicode>
                </TextEquiv>
            </TextLine>
            <TextLine id="tr_2_tl_5" custom="readingOrder {index:4;}">
                <Coords points="1244,1563 1271,1568 1336,1552 1349,1563 1368,1555 1398,1565 1425,1547 1441,1557 1474,1549 1506,1563 1509,1436 1487,1433 1460,1452 1447,1441 1382,1444 1333,1411 1246,1395"/>
                <Baseline points="1260,1516 1292,1513 1337,1513 1382,1510 1427,1510 1472,1510 1516,1510"/>
                <TextEquiv>
                    <Unicode>Wann?</Unicode>
                </TextEquiv>
            </TextLine>
            <TextLine id="tr_2_tl_6" custom="readingOrder {index:5;}">
                <Coords points="957,1547 1017,1565 1033,1555 1079,1576 1109,1565 1136,1587 1171,1582 1171,1447 1146,1441 1136,1449 1092,1422 1054,1449 1033,1433 1003,1457 957,1444"/>
                <Baseline points="973,1525 1018,1525 1063,1522 1107,1522 1152,1525 1176,1528"/>
                <TextEquiv>
                    <Unicode>John.</Unicode>
                </TextEquiv>
            </TextLine>
            <TextLine id="tr_2_tl_7" custom="readingOrder {index:6;}">
                <Coords points="965,1703 3017,1671 3077,1660 3082,1492 1168,1606 971,1557"/>
                <Baseline points="982,1675 1006,1672 1051,1672 1095,1669 1140,1669 1185,1669 1230,1672 1263,1669 1295,1666 1340,1663 1385,1663 1430,1660 1475,1660 1519,1660 1564,1660 1609,1660 1654,1657 1699,1654 1743,1654 1788,1651 1833,1648 1878,1645 1922,1645 1967,1648 2012,1645 2057,1642 2102,1642 2146,1639 2191,1639 2236,1639 2281,1639 2326,1636 2370,1636 2415,1633 2460,1633 2505,1627 2550,1627 2594,1624 2639,1621 2684,1621 2729,1618 2773,1618 2818,1618 2863,1618 2908,1615 2953,1615 2997,1612 3042,1609 3087,1609"/>
                <TextEquiv>
                    <Unicode>Sala. Im vorigen Jahr, als ich in Ihrer klet¬</Unicode>
                </TextEquiv>
            </TextLine>
        </TextRegion>
        <TextRegion id="tr_1" custom="readingOrder {index:1;}">
            <Coords points="991,1705 3209,1705 3209,3823 991,3823"/>
            <TextLine id="tr_1_tl_1" custom="readingOrder {index:0;}">
                <Coords points="1252,1847 2212,1860 2925,1771 3036,1825 3104,1801 3109,1676 2206,1739 2039,1674 1257,1711"/>
                <Baseline points="1269,1818 1275,1818 1319,1815 1364,1812 1409,1812 1454,1809 1498,1809 1543,1809 1588,1806 1633,1806 1678,1806 1722,1806 1767,1803 1812,1800 1857,1800 1902,1800 1946,1797 1991,1797 2036,1794 2081,1794 2126,1791 2170,1791 2215,1788 2260,1785 2305,1785 2349,1785 2394,1782 2439,1782 2484,1782 2529,1779 2573,1776 2618,1776 2663,1773 2708,1773 2753,1770 2797,1770 2842,1767 2887,1764 2932,1764 2977,1761 3021,1758 3066,1758 3111,1755"/>
                <TextEquiv>
                    <Unicode>nen Villa in Retchenau übernachtete und</Unicode>
                </TextEquiv>
            </TextLine>
            <TextLine id="tr_1_tl_2" custom="readingOrder {index:1;}">
                <Coords points="1252,2001 3180,1955 3182,1820 1255,1895"/>
                <Baseline points="1266,1973 1304,1970 1349,1967 1394,1967 1439,1967 1484,1967 1528,1964 1573,1961 1618,1958 1663,1958 1707,1955 1752,1955 1797,1955 1842,1952 1887,1952 1931,1949 1976,1949 2021,1946 2066,1946 2111,1946 2155,1943 2200,1940 2245,1940 2290,1937 2335,1937 2379,1934 2424,1934 2469,1931 2514,1928 2558,1928 2603,1928 2648,1925 2693,1922 2738,1922 2782,1919 2827,1919 2872,1919 2917,1917 2962,1914 3006,1914 3051,1911 3096,1911 3141,1911 3186,1914"/>
                <TextEquiv>
                    <Unicode>Sie nachts auf der Wiese in Ihrem Garten.</Unicode>
                </TextEquiv>
            </TextLine>
            <TextLine id="tr_1_tl_3" custom="readingOrder {index:2;}">
                <Coords points="973,2185 2544,2098 3144,2163 3150,1979 979,2020"/>
                <Baseline points="991,2132 1003,2129 1048,2129 1092,2129 1137,2129 1182,2129 1227,2126 1272,2120 1316,2120 1361,2120 1406,2117 1451,2117 1495,2117 1540,2114 1585,2114 1630,2111 1675,2108 1719,2108 1764,2105 1809,2105 1854,2105 1899,2108 1943,2102 1988,2099 2033,2096 2078,2096 2123,2093 2167,2093 2212,2093 2257,2090 2302,2090 2346,2090 2391,2090 2436,2087 2481,2087 2526,2084 2570,2081 2615,2081 2660,2081 2705,2078 2750,2078 2794,2075 2839,2072 2884,2072 2929,2069 2974,2069 3018,2063 3063,2063 3108,2060 3153,2063"/>
                <TextEquiv>
                    <Unicode>Joh. Ob es für Sie geschah, kann ich nicht sa¬</Unicode>
                </TextEquiv>
            </TextLine>
            <TextLine id="tr_1_tl_4" custom="readingOrder {index:3;}">
                <Coords points="1306,2333 2825,2250 2907,2295 3017,2268 3020,2158 1847,2198 1676,2152 1563,2222 1309,2220"/>
                <Baseline points="1322,2281 1325,2281 1370,2278 1415,2275 1460,2272 1504,2269 1549,2266 1594,2263 1639,2260 1684,2260 1728,2257 1773,2260 1818,2254 1863,2251 1908,2251 1952,2251 1997,2248 2042,2248 2087,2245 2132,2242 2176,2242 2221,2239 2266,2239 2311,2236 2355,2236 2400,2236 2445,2236 2490,2233 2535,2233 2579,2233 2624,2236 2669,2230 2714,2227 2759,2227 2803,2224 2848,2224 2893,2224 2938,2221 2983,2218 3027,2224"/>
                <TextEquiv>
                    <Unicode>gen. Aber ich bemerkte sehr gut, wie</Unicode>
                </TextEquiv>
            </TextLine>
            <TextLine id="tr_1_tl_5" custom="readingOrder {index:4;}">
                <Coords points="1271,2463 2331,2406 2723,2450 3088,2398 3112,2317 2788,2271 2166,2358 1273,2331"/>
                <Baseline points="1286,2424 1322,2427 1367,2424 1412,2421 1457,2418 1501,2418 1546,2415 1591,2415 1636,2412 1681,2412 1725,2409 1770,2409 1815,2409 1860,2406 1905,2406 1949,2406 1994,2406 2039,2403 2084,2406 2129,2403 2173,2403 2218,2400 2263,2400 2308,2397 2352,2394 2397,2391 2442,2394 2487,2388 2532,2388 2576,2385 2621,2385 2666,2382 2711,2385 2756,2379 2800,2379 2845,2379 2890,2379 2935,2376 2980,2373 3024,2370 3069,2367 3114,2367"/>
                <TextEquiv>
                    <Unicode>hinter dem Vorhang standen und mir tan¬</Unicode>
                </TextEquiv>
            </TextLine>
            <TextLine id="tr_1_tl_6" custom="readingOrder {index:5;}">
                <Coords points="1276,2633 1306,2644 1401,2598 1563,2612 1606,2593 1709,2615 1793,2585 1852,2598 1857,2479 1709,2504 1625,2493 1574,2450 1422,2514 1374,2487 1333,2512 1282,2493"/>
                <Baseline points="1295,2579 1322,2576 1367,2576 1412,2573 1457,2570 1501,2567 1546,2567 1591,2564 1636,2564 1681,2561 1725,2561 1770,2558 1815,2558 1860,2561"/>
                <TextEquiv>
                    <Unicode>zen zusahen.</Unicode>
                </TextEquiv>
            </TextLine>
            <TextLine id="tr_1_tl_7" custom="readingOrder {index:6;}">
                <Coords points="1314,2769 3017,2701 3080,2677 3082,2587 1319,2612"/>
                <Baseline points="1328,2732 1340,2732 1385,2729 1430,2723 1475,2720 1519,2717 1564,2717 1609,2717 1654,2714 1699,2714 1743,2711 1788,2711 1833,2708 1878,2708 1922,2705 1967,2705 2012,2705 2057,2705 2102,2702 2146,2702 2191,2699 2236,2696 2281,2696 2326,2693 2370,2693 2415,2693 2460,2690 2505,2690 2550,2690 2594,2690 2639,2690 2684,2684 2729,2681 2773,2681 2818,2678 2863,2675 2908,2675 2953,2675 2997,2675 3042,2675 3087,2678"/>
                <TextEquiv>
                    <Unicode>/Nach etner kleinen Pause./ Aber so</Unicode>
                </TextEquiv>
            </TextLine>
            <TextLine id="tr_1_tl_8" custom="readingOrder {index:7;}">
                <Coords points="1000,2755 1022,2752 1054,2774 1114,2750 1179,2779 1209,2771 1222,2785 1244,2782 1249,2644 1214,2642 1192,2628 1168,2636 1155,2625 1127,2633 1103,2655 1065,2655 1052,2669 1003,2674"/>
                <Baseline points="1015,2744 1027,2741 1071,2738 1116,2735 1161,2735 1206,2735 1251,2729"/>
                <TextEquiv>
                    <Unicode>sala.</Unicode>
                </TextEquiv>
            </TextLine>
            <TextLine id="tr_1_tl_9" custom="readingOrder {index:8;}">
                <Coords points="1325,2928 1839,2879 2155,2923 2377,2858 2874,2893 2963,2869 2966,2747 2571,2777 2455,2733 2301,2804 2160,2755 1330,2788"/>
                <Baseline points="1343,2890 1358,2887 1403,2884 1448,2884 1492,2884 1537,2881 1582,2881 1627,2878 1672,2878 1716,2878 1761,2875 1806,2872 1851,2872 1896,2869 1940,2869 1985,2866 2030,2866 2075,2869 2120,2866 2164,2863 2209,2860 2254,2860 2299,2857 2344,2857 2388,2857 2433,2854 2478,2854 2523,2851 2567,2851 2612,2851 2657,2851 2702,2848 2747,2845 2791,2842 2836,2839 2881,2839 2926,2836 2971,2839"/>
                <TextEquiv>
                    <Unicode>werden Sie doch niemals vor andern</Unicode>
                </TextEquiv>
            </TextLine>
            <TextLine id="tr_1_tl_10" custom="readingOrder {index:9;}">
                <Coords points="1271,3074 1357,3098 1447,3053 1536,3077 1649,3044 1801,3080 1901,3028 2160,3058 2166,2936 2036,2966 1971,2925 1874,2925 1722,2980 1541,2936 1387,2974 1273,2958"/>
                <Baseline points="1289,3036 1319,3036 1364,3036 1409,3033 1454,3033 1498,3030 1543,3030 1588,3027 1633,3027 1678,3027 1722,3027 1767,3021 1812,3021 1857,3018 1902,3018 1946,3018 1991,3015 2036,3015 2081,3018 2126,3015 2170,3018"/>
                <TextEquiv>
                    <Unicode>Menschen tanzen.?</Unicode>
                </TextEquiv>
            </TextLine>
            <TextLine id="tr_1_tl_11" custom="readingOrder {index:10;}">
                <Coords points="998,3220 1482,3234 1571,3190 2090,3231 2201,3199 2204,3128 2101,3077 1890,3117 1652,3044 1282,3112 1003,3112"/>
                <Baseline points="1015,3189 1060,3192 1104,3192 1149,3189 1194,3189 1239,3195 1254,3189 1272,3180 1310,3180 1355,3180 1400,3180 1445,3177 1490,3177 1534,3174 1579,3171 1624,3171 1669,3168 1713,3168 1758,3168 1803,3165 1848,3165 1893,3165 1937,3162 1982,3159 2027,3159 2072,3159 2117,3159 2161,3162 2206,3168"/>
                <TextEquiv>
                    <Unicode>Joh. Ich hab doch schon.</Unicode>
                </TextEquiv>
            </TextLine>
            <TextLine id="tr_1_tl_12" custom="readingOrder {index:11;}">
                <Coords points="1011,3361 1149,3418 1301,3350 1463,3388 1593,3342 1739,3401 1963,3377 1993,3242 1868,3223 1768,3277 1622,3250 1552,3282 1346,3239 1014,3263"/>
                <Baseline points="1030,3353 1057,3353 1101,3353 1146,3353 1191,3353 1236,3353 1280,3353 1325,3347 1370,3347 1415,3344 1460,3344 1504,3341 1549,3338 1594,3338 1639,3338 1684,3335 1728,3335 1773,3335 1818,3338 1863,3335 1908,3332 1952,3329 1997,3332"/>
                <TextEquiv>
                    <Unicode>Sala. Ste haben....!</Unicode>
                </TextEquiv>
            </TextLine>
            <TextLine id="tr_1_tl_13" custom="readingOrder {index:12;}">
                <Coords points="1022,3539 2698,3507 2701,3380 2409,3342 1601,3445 1360,3399 1209,3450 1027,3361"/>
                <Baseline points="1036,3514 1045,3511 1089,3511 1134,3511 1179,3508 1224,3508 1269,3505 1313,3505 1358,3499 1403,3502 1448,3499 1492,3496 1537,3493 1582,3493 1627,3493 1672,3490 1716,3490 1761,3490 1806,3487 1851,3484 1896,3484 1940,3481 1985,3481 2030,3478 2075,3478 2120,3475 2164,3475 2209,3475 2254,3472 2299,3472 2344,3469 2388,3469 2433,3466 2478,3466 2523,3466 2567,3463 2612,3460 2657,3460 2702,3466"/>
                <TextEquiv>
                    <Unicode>Joh. Es war wohl nicht das erstemal</Unicode>
                </TextEquiv>
            </TextLine>
            <TextLine id="tr_1_tl_14" custom="readingOrder {index:13;}">
                <Coords points="1282,3685 1525,3737 2106,3653 2828,3669 3098,3631 3101,3515 1287,3555"/>
                <Baseline points="1298,3654 1316,3651 1361,3651 1406,3651 1451,3648 1495,3648 1540,3645 1585,3648 1630,3645 1675,3642 1719,3639 1764,3639 1809,3639 1854,3639 1899,3636 1943,3636 1988,3633 2033,3633 2078,3630 2123,3630 2167,3627 2212,3624 2257,3624 2302,3622 2346,3622 2391,3619 2436,3616 2481,3616 2526,3616 2570,3613 2615,3613 2660,3613 2705,3610 2750,3607 2794,3610 2839,3607 2884,3607 2929,3604 2974,3601 3018,3598 3063,3595 3108,3595"/>
                <TextEquiv>
                    <Unicode>Damals haben Sie wahrscheinlich Phidi-</Unicode>
                </TextEquiv>
            </TextLine>
            <TextLine id="tr_1_tl_15" custom="readingOrder {index:14;}">
                <Coords points="1352,3831 1517,3874 1671,3807 2747,3796 3155,3910 3207,3658 1355,3739"/>
                <Baseline points="1367,3810 1373,3810 1418,3810 1463,3810 1507,3813 1552,3810 1597,3804 1642,3804 1687,3801 1731,3798 1776,3798 1821,3798 1866,3798 1911,3795 1955,3795 2000,3795 2045,3795 2090,3792 2134,3792 2179,3789 2224,3783 2269,3783 2314,3780 2358,3783 2403,3780 2448,3777 2493,3777 2538,3777 2582,3777 2627,3774 2672,3774 2717,3774 2762,3771 2806,3768 2851,3762 2896,3762 2941,3762 2985,3762 3030,3756 3075,3753 3120,3753 3165,3753 3209,3756"/>
                <TextEquiv>
                    <Unicode>as geheissen.... und ich.... war eine</Unicode>
                </TextEquiv>
            </TextLine>
        </TextRegion>
    </Page>
</PcGts>
