3448 4232
2819 492 2954 675 19
2819 668 2983 801 G.H.F.S
933 687 1931 916 gleichgiltig.
931 851 2860 1032 Bernh. O, das würde nichts schaden — gar
1210 955 3055 1172 nichts. Ich will Ihnen etwas anvertrau-
1225 1145 2833 1343 en. Mir sind meine Pattenten total
1223 1314 2821 1531 gleichgiltig - als Menschen total!
1213 1478 3111 1628 Ich versichere Sie. Mich iteressiert nur
1191 1572 3106 1804 der Fall, der allerdings oft bis ins Un-
1237 1729 3127 1956 geheure... so wie etwa einen Maler sein
1273 1917 2937 2081 Stoff, sein Modell interessiert...
1276 2047 3004 2252 Ja es muss etwas ganz ähnliches sein¬
1244 2211 3082 2411 Aber der Mensch! Ja, ich denke manchmal
1290 2377 3142 2568 wenn die Kranken ahnten, wie vollkommen
1256 2549 3021 2696 gleichgiltig sie mir sind, sie würden
1256 2655 3048 2848 schauern, oder ste würden mich hassen.
1261 2812 3009 3000 Sehr mit Unrecht natürlich. Ich weiss
1037 2860 1169 3067 Mai
1235 2975 3031 3164 gar nicht wie ich meinen Beruf ausüben
1271 3130 2939 3356 sollte, wenn mir die Menschen nicht
1278 3272 3214 3479 gleichgiltig wären. Längst hätte ich mich
1276 3424 3217 3655 aufgerleben, wenn es anders wäre. Aerzte
