3464 4264
2669 575 2846 731 180
810 829 1453 974 Jul. Zu ihm.
821 911 2949 1093 Sala. Von ihm verlangen, dass er hier bleibt?
834 1083 2211 1271 Jul. Nein, ihn bitten. / ab /
1027 1223 2888 1395 / Dunkelheit. Beide die Terrasse hinauf.
1078 1348 2788 1543 Bühne leer. Ein leiser Wind hat sich
1093 1536 2867 1676 erhoben. — / Johanna kommt von rechts,
1080 1676 2981 1837 langsam am Teleh vorbei bis zur R Terras
1062 1816 2899 1991 se. Die Fenster des Gartensaals sind er
1104 1996 2891 2163 leuchtet. Sala sitzt allein bei Tisch.
1072 2142 2830 2306 Johanna bleibt stehen. Sie scheint in
1083 2274 2862 2473 grosser Erregung und macht einen wei -
1125 2438 2957 2616 tern Schritt, als ob sie hinauf wollte.
1083 2610 2854 2764 Sala wendet den Kopf als hörte er ein
1099 2764 2981 2912 Geräusch, Johanna eilt wieder die Treppe
1141 2894 2952 3061 hinunter, vorbei am Teich und verbirgt
1115 3058 2912 3243 sich. Die Gartentüre fällt durch einen
1115 3198 3047 3402 Windstoss zu. Sala steht auf, kommt über
1123 3394 2396 3553 die Terrasse in den arten.
929 3511 2920 3709 Sala. Was hat das zu bedeuten - Johann.!
