<?xml version="1.0" encoding="UTF-8" standalone="yes"?>
<PcGts xmlns="http://schema.primaresearch.org/PAGE/gts/pagecontent/2013-07-15" xmlns:xsi="http://www.w3.org/2001/XMLSchema-instance" xsi:schemaLocation="http://schema.primaresearch.org/PAGE/gts/pagecontent/2013-07-15 http://schema.primaresearch.org/PAGE/gts/pagecontent/2013-07-15/pagecontent.xsd">
    <Metadata>
        <Creator>prov=READ-COOP:name=TrHtr:version=2.1.0:model_id=51170:date=28_07_2023_18:34</Creator>
        <Created>2023-05-10T11:41:14.982+02:00</Created>
        <LastChange>2023-07-28T18:34:53.412+02:00</LastChange>
        <TranskribusMetadata docId="1428170" pageId="55390716" pageNr="134" tsid="131370621" status="IN_PROGRESS" userId="64420" imgUrl="https://files.transkribus.eu/Get?id=HCHLMMVDNYVZCSZDFTJLPCSH&amp;fileType=view" xmlUrl="https://files.transkribus.eu/Get?id=WBECKLUWVMYROXVTUKMJKAIS" imageId="44665602"/>
    </Metadata>
    <Page imageFilename="1428170_0134.jpg" imageWidth="3480" imageHeight="4264">
        <ReadingOrder>
            <OrderedGroup id="ro_1711802999718" caption="Regions reading order">
                <RegionRefIndexed index="0" regionRef="tr_1"/>
                <RegionRefIndexed index="1" regionRef="tr_2"/>
            </OrderedGroup>
        </ReadingOrder>
        <TextRegion id="tr_1" custom="readingOrder {index:0;}">
            <Coords points="922,651 3111,651 3111,2634 922,2634"/>
            <TextLine id="tr_1_tl_1" custom="readingOrder {index:0;}">
                <Coords points="2894,731 2910,731 2913,739 3014,706 3025,714 3071,709 3071,632 3047,624 3039,630 3022,627 3011,619 2992,635 2967,630 2959,621 2935,643 2894,635"/>
                <Baseline points="2908,704 2953,704 2997,704 3042,701 3078,704"/>
                <TextEquiv>
                    <Unicode>130</Unicode>
                </TextEquiv>
            </TextLine>
            <TextLine id="tr_1_tl_2" custom="readingOrder {index:1;}">
                <Coords points="1169,933 1221,955 1432,933 1533,977 1700,953 1788,991 1853,947 1982,928 1987,816 1845,816 1812,843 1607,788 1393,849 1322,829 1229,868 1172,854"/>
                <Baseline points="1185,940 1230,937 1275,937 1319,937 1364,934 1409,934 1454,928 1498,925 1543,925 1588,922 1633,922 1678,919 1722,916 1767,916 1812,913 1857,910 1902,910 1946,910 1991,913"/>
                <TextEquiv>
                    <Unicode>men, Herr Doktor.</Unicode>
                </TextEquiv>
            </TextLine>
            <TextLine id="tr_1_tl_3" custom="readingOrder {index:2;}">
                <Coords points="903,1163 2784,1021 3063,1068 3110,931 912,1002"/>
                <Baseline points="922,1095 961,1104 1006,1104 1051,1101 1095,1101 1140,1101 1185,1098 1230,1095 1275,1092 1319,1089 1364,1086 1409,1086 1454,1083 1498,1080 1543,1077 1588,1074 1633,1074 1678,1071 1722,1071 1767,1071 1812,1068 1857,1066 1902,1063 1946,1060 1991,1060 2036,1060 2081,1057 2126,1054 2170,1051 2215,1051 2260,1048 2305,1045 2349,1045 2394,1042 2439,1042 2484,1036 2529,1033 2573,1033 2618,1030 2663,1024 2708,1024 2753,1021 2797,1021 2842,1018 2887,1015 2932,1015 2977,1015 3021,1012 3066,1015 3111,1018"/>
                <TextEquiv>
                    <Unicode>Pflug. So — schon fort? / drückt ihr die Hrn d/</Unicode>
                </TextEquiv>
            </TextLine>
            <TextLine id="tr_1_tl_4" custom="readingOrder {index:3;}">
                <Coords points="1221,1259 2642,1235 2795,1177 2989,1202 2995,1103 1224,1152"/>
                <Baseline points="1236,1239 1251,1239 1295,1239 1340,1236 1385,1236 1430,1233 1475,1230 1519,1227 1564,1227 1609,1224 1654,1221 1699,1221 1743,1221 1788,1218 1833,1215 1878,1212 1922,1209 1967,1209 2012,1209 2057,1206 2102,1203 2146,1203 2191,1200 2236,1200 2281,1200 2326,1197 2370,1191 2415,1191 2460,1188 2505,1185 2550,1185 2594,1185 2639,1182 2684,1179 2729,1179 2773,1176 2818,1176 2863,1173 2908,1173 2953,1173 2997,1173"/>
                <TextEquiv>
                    <Unicode>Das tut mir sehr leid, sehr letd......</Unicode>
                </TextEquiv>
            </TextLine>
            <TextLine id="tr_1_tl_5" custom="readingOrder {index:4;}">
                <Coords points="1185,1415 1840,1434 2310,1352 2614,1429 2748,1352 3074,1361 3080,1257 1727,1273 1495,1330 1191,1254"/>
                <Baseline points="1200,1397 1203,1394 1248,1391 1292,1388 1337,1388 1382,1385 1427,1385 1472,1382 1516,1379 1561,1376 1606,1376 1651,1373 1696,1370 1740,1370 1785,1370 1830,1370 1875,1367 1919,1364 1964,1361 2009,1361 2054,1358 2099,1355 2143,1352 2188,1352 2233,1349 2278,1346 2323,1346 2367,1343 2412,1340 2457,1340 2502,1337 2547,1334 2591,1334 2636,1334 2681,1328 2726,1328 2771,1325 2815,1325 2860,1322 2905,1322 2950,1322 2994,1322 3039,1322 3084,1322"/>
                <TextEquiv>
                    <Unicode>Nun verlassen uns alle mit einemmale....</Unicode>
                </TextEquiv>
            </TextLine>
            <TextLine id="tr_1_tl_6" custom="readingOrder {index:5;}">
                <Coords points="1199,1552 1418,1601 1607,1544 2239,1590 2623,1541 2625,1445 1894,1418 1202,1489"/>
                <Baseline points="1218,1546 1242,1546 1286,1543 1331,1546 1376,1543 1421,1537 1466,1537 1510,1534 1555,1534 1600,1528 1645,1528 1690,1528 1734,1525 1779,1522 1824,1519 1869,1516 1914,1516 1958,1513 2003,1510 2048,1510 2093,1510 2137,1507 2182,1507 2227,1504 2272,1501 2317,1501 2361,1501 2406,1501 2451,1501 2496,1498 2541,1498 2585,1495 2630,1498"/>
                <TextEquiv>
                    <Unicode>es ist wie ein Verhängnis......</Unicode>
                </TextEquiv>
            </TextLine>
            <TextLine id="tr_1_tl_7" custom="readingOrder {index:6;}">
                <Coords points="1443,1872 1601,1875 1711,1823 1861,1856 1993,1807 2102,1851 2278,1820 2428,1845 2434,1716 1930,1755 1681,1700 1621,1747 1448,1763"/>
                <Baseline points="1460,1836 1495,1830 1540,1833 1585,1830 1630,1827 1675,1824 1719,1821 1764,1821 1809,1818 1854,1821 1899,1815 1943,1809 1988,1809 2033,1809 2078,1806 2123,1806 2167,1806 2212,1803 2257,1803 2302,1800 2346,1800 2391,1800 2436,1797"/>
                <TextEquiv>
                    <Unicode>5. Auftrtt.</Unicode>
                </TextEquiv>
            </TextLine>
            <TextLine id="tr_1_tl_8" custom="readingOrder {index:7;}">
                <Coords points="1207,2070 1684,1993 1930,2039 2716,1987 3041,1938 3044,1859 2439,1826 1859,1924 1213,1919"/>
                <Baseline points="1224,1994 1257,1997 1301,1994 1346,1991 1391,1991 1436,1988 1481,1988 1525,1985 1570,1985 1615,1982 1660,1979 1705,1979 1749,1979 1794,1976 1839,1973 1884,1973 1928,1970 1973,1967 2018,1967 2063,1961 2108,1961 2152,1961 2197,1958 2242,1955 2287,1955 2332,1952 2376,1952 2421,1952 2466,1952 2511,1949 2556,1949 2600,1946 2645,1943 2690,1943 2735,1940 2779,1937 2824,1931 2869,1931 2914,1925 2959,1925 3003,1922 3048,1925"/>
                <TextEquiv>
                    <Unicode>Johanna, Hans, Irene, Sala, Pflugfelder.</Unicode>
                </TextEquiv>
            </TextLine>
            <TextLine id="tr_1_tl_9" custom="readingOrder {index:8;}">
                <Coords points="1210,2187 1437,2204 1560,2146 1763,2182 2031,2124 2300,2149 2458,2124 2461,2042 1213,2070"/>
                <Baseline points="1224,2149 1257,2146 1301,2146 1346,2146 1391,2143 1436,2140 1481,2140 1525,2140 1570,2137 1615,2134 1660,2134 1705,2132 1749,2132 1794,2129 1839,2129 1884,2129 1928,2123 1973,2123 2018,2123 2063,2120 2108,2120 2152,2117 2197,2114 2242,2111 2287,2111 2332,2108 2376,2111 2421,2108 2466,2111"/>
                <TextEquiv>
                    <Unicode>Jultan kommt. Begrüssung.</Unicode>
                </TextEquiv>
            </TextLine>
            <TextLine id="tr_1_tl_10" custom="readingOrder {index:9;}">
                <Coords points="950,2513 2004,2436 2595,2483 2987,2409 2992,2283 2617,2362 953,2393"/>
                <Baseline points="964,2478 979,2475 1024,2469 1068,2466 1113,2466 1158,2463 1203,2463 1248,2460 1292,2457 1337,2454 1382,2451 1427,2451 1472,2451 1516,2448 1561,2445 1606,2445 1651,2442 1696,2442 1740,2439 1785,2436 1830,2433 1875,2433 1919,2430 1964,2430 2009,2430 2054,2427 2099,2427 2143,2424 2188,2424 2233,2418 2278,2418 2323,2418 2367,2415 2412,2415 2457,2412 2502,2409 2547,2406 2591,2406 2636,2403 2681,2400 2726,2400 2771,2400 2815,2397 2860,2394 2905,2391 2950,2391 2994,2397"/>
                <TextEquiv>
                    <Unicode>Sala. Wiel Ich dachte Sie wären schon fort.</Unicode>
                </TextEquiv>
            </TextLine>
            <TextLine id="tr_1_tl_11" custom="readingOrder {index:10;}">
                <Coords points="955,2658 2423,2623 2951,2560 2954,2469 958,2565"/>
                <Baseline points="970,2624 988,2624 1033,2621 1077,2621 1122,2621 1167,2618 1212,2618 1257,2612 1301,2612 1346,2609 1391,2609 1436,2606 1481,2603 1525,2600 1570,2600 1615,2597 1660,2597 1705,2597 1749,2594 1794,2591 1839,2591 1884,2588 1928,2588 1973,2585 2018,2582 2063,2582 2108,2579 2152,2579 2197,2576 2242,2576 2287,2573 2332,2570 2376,2570 2421,2570 2466,2570 2511,2564 2556,2564 2600,2558 2645,2558 2690,2556 2735,2553 2779,2553 2824,2550 2869,2550 2914,2547 2959,2547"/>
                <TextEquiv>
                    <Unicode>Jul. Ich wollte nicht abreisen, ohne Ihnen</Unicode>
                </TextEquiv>
            </TextLine>
        </TextRegion>
        <TextRegion id="tr_2" custom="readingOrder {index:1;}">
            <Coords points="973,2706 3111,2706 3111,3569 973,3569"/>
            <TextLine id="tr_2_tl_1" custom="readingOrder {index:0;}">
                <Coords points="1248,2779 1298,2792 1361,2773 1391,2792 1574,2770 1604,2795 1675,2768 1697,2787 1716,2784 1719,2707 1670,2685 1582,2713 1555,2685 1514,2691 1467,2669 1437,2683 1421,2666 1303,2713 1251,2699"/>
                <Baseline points="1266,2768 1278,2768 1322,2768 1367,2765 1412,2762 1457,2762 1501,2762 1546,2759 1591,2762 1636,2759 1681,2756 1725,2756"/>
                <TextEquiv>
                    <Unicode>allen....</Unicode>
                </TextEquiv>
            </TextLine>
            <TextLine id="tr_2_tl_2" custom="readingOrder {index:1;}">
                <Coords points="958,2940 3102,2888 3107,2765 1470,2863 964,2825"/>
                <Baseline points="973,2935 1006,2932 1051,2929 1095,2929 1140,2929 1185,2929 1230,2926 1275,2917 1319,2917 1364,2917 1409,2914 1454,2911 1498,2911 1543,2908 1588,2905 1633,2905 1678,2905 1722,2905 1767,2902 1812,2902 1857,2899 1902,2896 1946,2893 1991,2893 2036,2890 2081,2890 2126,2887 2170,2887 2215,2884 2260,2884 2305,2878 2349,2875 2394,2875 2439,2875 2484,2872 2529,2872 2573,2869 2618,2869 2663,2866 2708,2863 2753,2863 2797,2860 2842,2857 2887,2854 2932,2851 2977,2851 3021,2851 3066,2848 3111,2851"/>
                <TextEquiv>
                    <Unicode>Hans. Ich wusste, dass Sie noch einmal kommen</Unicode>
                </TextEquiv>
            </TextLine>
            <TextLine id="tr_2_tl_3" custom="readingOrder {index:2;}">
                <Coords points="1248,3082 1388,3126 1489,3096 1541,3134 1747,3061 1804,3093 2127,3061 2278,3107 2357,3082 2360,2970 1448,2978 1251,3022"/>
                <Baseline points="1266,3078 1289,3078 1334,3072 1379,3069 1424,3069 1469,3066 1513,3066 1558,3063 1603,3063 1648,3066 1693,3060 1737,3060 1782,3057 1827,3054 1872,3051 1917,3048 1961,3048 2006,3045 2051,3042 2096,3042 2140,3039 2185,3039 2230,3036 2275,3036 2320,3036 2364,3036"/>
                <TextEquiv>
                    <Unicode>werden. / Händedruck /</Unicode>
                </TextEquiv>
            </TextLine>
            <TextLine id="tr_2_tl_4" custom="readingOrder {index:3;}">
                <Coords points="972,3241 1626,3288 2149,3219 2436,3277 2850,3170 3066,3200 3071,3104 2855,3033 2623,3121 975,3162"/>
                <Baseline points="988,3242 1012,3239 1057,3239 1101,3236 1146,3236 1191,3236 1236,3239 1280,3236 1325,3230 1370,3224 1415,3221 1460,3218 1504,3218 1549,3215 1594,3215 1639,3212 1684,3212 1728,3209 1773,3209 1818,3206 1863,3203 1908,3203 1952,3200 1997,3198 2042,3195 2087,3195 2132,3195 2176,3192 2221,3192 2266,3192 2311,3189 2355,3189 2400,3186 2445,3183 2490,3183 2535,3183 2579,3177 2624,3174 2669,3171 2714,3171 2759,3168 2803,3168 2848,3165 2893,3162 2938,3159 2983,3159 3027,3159 3072,3162"/>
                <TextEquiv>
                    <Unicode>Jul. / mit dem Blick herumschwetfend / Hier</Unicode>
                </TextEquiv>
            </TextLine>
            <TextLine id="tr_2_tl_5" custom="readingOrder {index:4;}">
                <Coords points="1265,3405 1632,3441 2406,3348 2967,3362 3022,3241 1267,3321"/>
                <Baseline points="1280,3392 1322,3386 1367,3383 1412,3383 1457,3380 1501,3380 1546,3377 1591,3377 1636,3374 1681,3374 1725,3371 1770,3368 1815,3368 1860,3365 1905,3362 1949,3362 1994,3362 2039,3359 2084,3356 2129,3356 2173,3353 2218,3353 2263,3350 2308,3350 2352,3347 2397,3344 2442,3344 2487,3344 2532,3341 2576,3338 2621,3335 2666,3335 2711,3332 2756,3329 2800,3329 2845,3326 2890,3326 2935,3326 2980,3326 3024,3329"/>
                <TextEquiv>
                    <Unicode>hat sich natürlich nichts verändert!</Unicode>
                </TextEquiv>
            </TextLine>
            <TextLine id="tr_2_tl_6" custom="readingOrder {index:5;}">
                <Coords points="977,3616 1900,3520 2245,3551 2420,3515 2423,3425 983,3482"/>
                <Baseline points="994,3556 1039,3559 1083,3559 1128,3559 1173,3556 1218,3556 1263,3556 1307,3553 1352,3553 1397,3547 1442,3544 1487,3541 1531,3538 1576,3535 1621,3532 1666,3532 1710,3529 1755,3529 1800,3526 1845,3526 1890,3523 1934,3520 1979,3520 2024,3517 2069,3517 2114,3514 2158,3514 2203,3511 2248,3511 2293,3508 2338,3508 2382,3508 2427,3508"/>
                <TextEquiv>
                    <Unicode>Pflugf. Nehmen Sie doch Platz.</Unicode>
                </TextEquiv>
            </TextLine>
        </TextRegion>
    </Page>
</PcGts>
