3432 4248
2871 548 2988 736 10
1151 752 2952 952 oder sechstausend Jahre her - Das geht
1142 921 2849 1104 noch über Ihre Zeit hinaus, wie Sie
1154 1104 1472 1203 sehen.
1115 1181 2952 1347 Wann haben Sie sich dazu entschlossen.!
866 1228 1076 1386 Joh.
882 1342 3051 1519 Sala. Erst vor ein paar Tagen. Graf Landsky hat
1201 1469 2974 1629 mir Lust dazu gemacht. Zuschauen wie
1176 1615 2963 1837 eine begrabene Stadt allmählig aus der
1162 1809 3024 2022 Erde hervortaucht, das war etner meiner
1187 1950 2838 2105 sehnsüchtigsten Wünsche seit jeher.
888 2083 3024 2313 Joh. Ist Ihnen je ether unerfüllt geblieben!!
1220 2249 2899 2484 O, ich weiss ja, dass Sie auch viel
1181 2426 2957 2633 Trauriges erlebt haben. Aber manchmal
1239 2570 3032 2791 glaub ich, Sie haben auch das ersehnt.
913 2730 2750 2952 Sala. Ersehnt?... Genossen wi kam.
916 2902 2290 3112 Joh. Wie lang ists jetzt her?
924 3082 1425 3248 Sala. Was?
918 3198 3142 3425 Joh, (leiser). Nun, das Ihre Frau gestorben ist.
927 3369 3004 3524 Sala. Dass meine Frau starb... Sieben Jahre,
1209 3474 2116 3696 betnah auf den Tag.
938 3602 2689 3892 Joh. Und Lilt... im selben Jahre.... xxx
