3432 4152
2749 605 2922 773 161
1041 775 2837 951 sie ihm nicht zu sagen brauchen. Aber
1044 935 2772 1145 in anderm Sinn, als Sie meinen, Sala.
853 1106 1548 1292 Sala. Wie das?
858 1269 2873 1400 Juli. Er hätte mir sein Vertrauen geschenkt,
1052 1416 2759 1602 ohne zu wissen, wie nah wir einander
1059 1558 2896 1741 stehen, er hätte vielleicht zu wünschen
1059 1677 3036 1868 begonnen, was er jetzt weiss. Ich habe mich
1057 1853 2943 2033 um eine Genugtung gebracht, die mir sehr
1059 2000 1876 2201 wohl getan hätte.
871 2168 2579 2343 Sala. Sie haben ihm nichts verhehbt!
2581 2320 2744 2467 man
866 2318 1783 2501 Jul. Nein — nichts.
868 2449 2922 2617 Sala. Auch nicht, dass Sie Ihres Wortes ihm
1059 2617 2772 2801 gegenüber eigentlich nicht entbunden
1059 2796 1372 2953 waren?
868 2922 2948 3095 Jul. Auch das weiss er und hat wohl gefühlt,
1075 3069 2873 3253 dass es unter den neugeschaffenen Ver-
1106 3222 2927 3413 hältnissen meine Pflicht wer, mich ihm
1065 3405 1762 3617 zu offenbaren.
