3416 4200
2712 600 2897 756 183
1056 791 2849 962 lampe auf dem Schreibtisch an. Mattes
997 967 1873 1118 Licht im Zimmer.
868 1083 2916 1265 Bed. Gleich muss er kommen, der Herr Doktor.
1085 1260 1830 1447 Sie geht ab
871 1388 3023 1581 Jul. / steht auf, geht hin und her. nach we -
1059 1549 3002 1742 nigen Sekunden tritt Hans ein, den Mantel
1101 1737 1739 1889 umgeworfen.
1525 2007 2460 2176 2. Auftritt
1292 2190 1972 2321 Julian., Hans.
876 2332 1932 2490 Hans. Herr Werber.
874 2482 2972 2645 Jul. Ich bin eben gekommen. Du bist mit Dei
1072 2659 1895 2809 er Visite fertig?
879 2803 2841 2945 Hans. Ja, es war meine letzte für längere
1118 2961 1378 3106 Zett.
892 3077 2996 3229 Jul. Du wirst Dich wundern, mich so bald wie
1085 3219 2881 3379 derzusehen.... nun, was mich herführt
1091 3393 2814 3535 isteln Einfall, der mir gekommen ist,
1083 3516 2736 3749 gleich nachdem Du xxxx verliessest.
