3432 4168
2690 629 2872 790 159
839 777 2256 954 Sala. Was bewegt Dich so sehr?
842 943 1900 1143 Joh. Mit Dir, mit Dir?
845 1094 2939 1273 Sala. Missversteh mich nicht, Johanna. Nicht
1042 1227 2973 1453 alle Deine Träume kann ich Dir erfüllen —
1091 1411 2794 1572 ich weiss es wohl. Und Du solk t des
1040 1515 3030 1715 wegen nicht für alle Zeit an mich gebunden
1084 1705 2989 1863 sein, Johanna. Erwidere nichts - Stunden
1050 1863 2911 2040 wie diese verletten allzuleicht 'zu Wor -
1058 2035 2965 2173 ten, die am nächsten Tage nicht mehr wahr
1047 2167 2801 2344 sind. Ich möchte Dich nie ein solches
1042 2331 2609 2500 Wort reden hören.... was ist Dir?
850 2508 2136 2666 Joh. / schüttelt den Kopf /
860 2596 2801 2820 Sala. / steht sie lang an. / Du sollst ja
1042 2809 2905 2973 heute nichts mehr sagen — auf morgen al
1058 2957 1279 3118 so!
855 3090 2414 3300 Ioh. Auf morgen.... ja. Leb wohl.
1042 3285 2799 3469 er geleitet sie, sie geht durch die
1050 3433 1827 3623 Gittertüre ab.
