3432 4232
2703 525 2834 654 97
1114 731 2974 893 eigentlich eigefallen?.... welche Ver-
1129 868 3011 1039 antwrtungen wollte ich auf mich nehemn -
1124 1027 3108 1228 welch eine Last!...... Ich erschten mir wie
1151 1171 2993 1353 einer, der sich freiwillig in Gefangen-
1144 1320 3140 1512 schaft begeben soll. Die Sorge um meine ge¬
3150 1449 3237 1591 1
1141 1474 2951 1681 liebte Freiheit wuch in der Stille der
1149 1633 3056 1840 Nacht bis zur erzweiflung. Dabet fühlte
1156 1795 3001 1967 ich natürlich, dass ich im Begriffe war
3143 1929 3232 2024 ed
1169 1927 3043 2141 gegen ein Wesen, das sich mir anvertraut
1159 2118 3013 2267 und hingegeben hatte ein Unrecht zu be¬
3160 2228 3255 2357 ne
1176 2235 3008 2402 gehen — oder das, was die Leute gewöhn¬
1171 2350 3103 2533 1 tch Unrecht nennen. Aber dieses Beden¬
1178 2546 3036 2685 ken, alles was von ewissen in mör vor-
1169 2675 3043 2872 handen sein mochte und auch meine ganze
1183 2837 3153 2991 Zärtlichkeit versank geradezu in der Sehn¬
1196 2971 3177 3192 sucht mein Leben ohne Fessel wetter führen
1191 3145 3013 3289 zu dürfen wie bisher. Ich fühlte es so
1206 3284 3190 3468 tief wie niemals früher, dass nur das eine
1198 3431 3061 3657 Leben mein war. Sollt ich seine wunder-
