3448 4248
2800 630 2954 742 22
1144 675 3103 930 Gerechten und der Arzt den Menschenfreund
1185 862 2881 1084 mit Vollendung spielt, hat er seine
1185 1058 3001 1232 Pflicht getan. Nur die Leute, die aus
1206 1175 3043 1394 threr Amtsrolle fallen, sollte man hän-
1209 1362 2972 1527 gen, geradeso wie Gauner, die stch er¬
1162 1514 3032 1698 wischen lassen. Wenn ich nicht mehr dte
1159 1628 2842 1852 Fähigkeit hätte, meinen Kranken ein
1258 1782 3009 1985 menschliches Interesse vorzutäuschen.
1214 1954 2178 2147 brächte ich mich um.
1472 2251 2503 2449 4. Auftrtt.
1217 2352 3019 2579 Hans. Bernhardt. Dr. Pflugfelder kommt
1235 2597 1764 2764 von rechts.
953 2800 3045 3066 Pflugfelder: Er ist etwa 50 Jahre alt, steht
1248 3022 3126 3215 aber älter aus. Grauer, kurzer Vellbart,
1237 3168 3103 3355 sehr sorgfältig, aber ohne jede Eleganz
1248 3332 3139 3540 gekleidet. / Du bist noch da, Bernhardt?
1230 3519 3006 3715 ..... So... Denke Dir, sie spricht mit
