3384 4232
1074 734 1398 922 I Akt.
814 994 2658 1227 Wehnzimmer im Hause Pflugfelder. Links
817 1182 2810 1390 Türe ihs Verzimmer, rechts ziemlich hinten
825 1362 2652 1545 gleichfalls Türe. links hinten Klavier;
828 1476 3051 1708 rechts Seite Spiegel mit Trumeau. Kleiner Tisch
842 1692 1409 1847 rechts vorn.
1105 1805 1877 2035 Erster Auftritt.
839 2124 2935 2312 Johanna die 18jährige Tochter des Hauses, in
858 2279 2794 2478 einfachem hellem Kletde allein. Sie sitzt
853 2395 3046 2644 am Fe nster rechts vern, die Betne übereinander
869 2580 2874 2799 geschlagen, die Hände über den Enten tnein-
858 2724 2940 2913 ander verschlungen, steht vor stch hin. Dann
861 2835 3018 3062 steht sie auf, geht langsam durchs Zimmer, ver
861 3037 2857 3228 den Spiegel hin und betrachtet sich zuerst
872 3137 2951 3389 stell und ernst. Dann macht sie einfache Ge-
880 3331 3104 3514 bärden und Bewegungen, wie in ruhigem Janze ehe
889 3472 2063 3752 ihren Ernst zu verlieren.
