3448 4168
2732 537 2912 712 187
1033 712 2783 895 wohl an, dass mir Einiges daran liegt
1067 858 2883 1056 Dich zu bestimmen — und nachdem was Du
1083 1006 2931 1183 jetzt weisst, wirst Du es wahrscheilich
1051 1194 1806 1366 auch verstkehen.
852 1289 2976 1488 Hans. Es wäre vielleicht besser ich wüsste es
1051 1517 1342 1663 nicht.
860 1641 2984 1779 Jul. Ich habe nicht erwartet, dass Du Dich in
1101 1800 2862 1967 unsre Beziehungen sofort hineinfinden
1054 1911 2870 2107 wirst. Ich begreife, dass Du Dich ver
1051 2070 2859 2272 wirrt fühlst durch das, was Du von mir
1048 2227 2970 2407 erfahren. Ich verstehe sogar, dass Du mir
1117 2401 3000 2557 heute noch fremder gegenüber steht als
1120 2536 2952 2687 vorher - aber das kann nicht dauern. Es
1080 2685 2923 2849 ist unmöglich. Jetzt da Du die Wahrheit
1075 2865 2809 2997 kennst wird sie ihre natürliche Macht
1080 3005 1980 3169 über Dich gewinnen.
887 3148 2907 3331 Hans. Was soll mir diese Wahrheit bedeuten?
1062 3293 2878 3468 Der, den ich für meinen Vater gehalten
1072 3458 2846 3640 habe war mir ein bessrer als Sie. Sie
