3464 4264
2941 531 3068 729 59
913 713 2933 960 Jul. Hat er sich Ihnen gegenüber irgendwie
1205 955 1703 1131 geäussert?
935 990 3106 1255 Sala. Nein. Aber ich kenne ihn ja ein wenig
1216 1202 2771 1389 Er steht die Dinge wie sie sind,
946 1216 3114 1565 Sale. Wann waren Sie denn das letztemal dort?
960 1469 3092 1728 Sala. Gestern Abend. Ich komme beinahe täglich
1246 1711 1466 1854 nin.
982 1863 1389 2011 Jul. So?
985 1871 3205 2162 Sala. Johanna hat mich drum gebeten - aus etnam
1293 2096 2922 2292 sonderbaren Grund., wie ich glaube.
1271 2182 3244 2432 Die fürchtet sich nämlich mit ihrer Mutter
1304 2339 3164 2597 allein zu sein; sie hat eine Art Grauen
1318 2545 2688 2724 por derkranken, blinden Frau.
1279 2627 3090 2894 Was für ein Schicksal! Wie es über uns
1337 2765 3255 3054 herfällt. Tücktsch, dumm — über uns whor-
1048 2790 1249 2936 Jul.
1348 2944 3285 3172 lose.... was müäsen wir eigentlich so teu
1370 3183 1959 3362 er bezahlen!
1098 3219 3211 3497 Sala. Wollen Sie mich heute hinein begleitend
1100 3478 2597 3643 Jul. / zögernd / vielleicht....
1114 3544 3153 3827 Sala. Ich glaube, es würde ihr einige Freu-
