3432 4232
2889 536 3002 676 46
1129 658 2919 941 ist es, dass es mir nicht gelingt, sie
1135 849 2450 1011 der ganzes Welt mitzuteilen.
844 978 2730 1188 Frau Pflugf. / wendet sich um, zu Hans /
860 1186 1951 1366 Sala. Was tst denn das?
865 1334 2652 1531 Frau Pflugf. Wie kommst Du auf dieses?
865 1458 3032 1647 Sala. Ist das nicht Corneltus von dem wir eben
1153 1606 2927 1798 vorhin in Ihrem Zimmer sprachen. „gnä-
1156 1746 1655 1940 atge Fraut
873 1816 2975 2161 Frau Pflugf. Ja, das sang ich auch damals —..
873 2051 1779 2258 Hans. Nun Mama?...
884 2221 2916 2447 Frav Pflug. / beginnt Corneltus Op. 3 Nr. 6
1183 2372 2081 2539 "Trost" zu singen /
1175 2498 2857 2698 Anfangs sitzt sie nahe dem Klavier,
1180 2676 2989 2849 singt leise mit, wie für sich ; allmäh-
1183 2800 2886 2994 lig wird ihre Stimme heller, beinahe
1199 2938 2991 3172 voll.,„ste erhebt sich, ihre Augen glän-
1186 3134 2964 3344 zen, sie sieht jünger aus. Während des
1197 3274 2973 3477 letzen Drittels ist Pflugfelder einge-
1156 3468 2983 3687 treten. Er bleibt nahe der Türe stehen,
