3352 4088
659 147 1001 385 mille
2749 111 3043 395 a Pa.
369 241 1494 554 Mochaus notwendig, dass
378 342 2779 766 tian selbst wurde: Wie Karl ertöhrt, ich so so
355 623 1494 900 ter, so ordre ich ihn.
215 828 1745 1099 daher ist sie fort, führen!
1862 923 2870 1177 I will play
310 1027 1644 1291 ad erfährt ohne Willen.
219 1233 1353 1487 daß er sie Natur ist. -
365 1311 2942 1598 Vielleicht ein Brief an ihn? - (Uhr der todte
238 1611 1187 1836 Mutter. - Iilien
2022 1650 2775 1927 Inhlt, lort
261 1781 2019 1996 Und weil er jetzt in einlieg
248 1882 2870 2175 in dif,  will a ihn Bruch
261 2055 1924 2423 Regen: so steht die Sache.-
271 2397 2681 2677 Er hat der Mutter versicher geht die xxx
290 2586 2844 2792 mit (pitums - nichtet sich bei u sauf ein -
290 2762 2720 3043 (noch dem 10 Jahren,) leicht den Sohn - r,
378 2948 1993 3203 Mutter verhält zu - & sagen -
401 3059 2811 3366 der kale Knut verzweifelt zu sein. Sie geleidt
434 3251 1989 3538 Er k.k. verneuer –? Dort¬
