3464 4232
2719 636 2888 751 146
1035 799 2801 1025 Augenbliche leer. Dann treten von der
1059 972 2709 1140 Terrasse aus auf, Sala und Johanna,
1059 1098 3019 1272 Johanna schwarz gekleidet. Sala in grauem
1059 1261 2961 1498 Anzug, dunkeln Ueberzieher über de Schul
1080 1400 2930 1645 ter geworfen, aber ohne Hut. Ste gehen
1080 1608 2265 1821 langsam dte Treppe hinab.
1561 1889 2554 2068 1. Suftrtt.
1372 2042 2065 2252 Sala, Johanna.
928 2331 3040 2530 Sala. Es wird Dir ein wenig kühl sein, nicht?
1161 2436 3008 2730 / er macht ein paar Schritte ins Zimmer
1172 2643 2961 2843 zurück nimmt ein Cape, das dort berett
1182 2811 3011 3030 lag, gibt es Johanna um die Schultern.
1132 2964 3019 3174 Sie kommen allmählich in den Garten hex-
1201 3166 1408 3340 ab
967 3248 3051 3505 Joh. Es kommt doch jeder Tag wie er will und
1148 3421 3043 3665 mir ist, als hättest Du diesen gerufen -
