3432 4152
2778 543 2951 676 191
1076 670 2824 886 ich, sich mit jemandem auf eine weite
1013 824 2840 1003 Retse zu begeben, der vielleicht Grund
1084 978 3005 1195 fände, von einem Rechenschaft zu fordern.
840 1135 1984 1354 Hans. Herr von Sala......
859 1300 2930 1473 Sala. - der vielleicht vorgezogen hätte ei
1046 1435 2892 1681 nen totzuschiessen, wenn er wilsste, was
1086 1630 1721 1811 man begangen.
859 1746 2889 1959 Hans. Herr von Sala — meine Schwester —....
865 1919 3035 2089 Sala. Sie haben verstanden - ich habe nicht die
1051 2086 2948 2246 Absicht irgend etwas zu beschöntgen, er
1103 2200 2959 2384 lauben Sie mir Ihnen zu sagen, dass ich
1065 2373 2978 2511 mich niemals mit der Absicht getragen ha
1116 2532 2935 2665 be Ihre Schwester zu meiner Frau zu ma
1092 2686 2930 2808 chen, ich komme ausschliesslich hierher
1089 2824 3016 3008 um Ihnen die Wahrheit zu sagen. Das hielt
1138 2957 2897 3132 ich für durchaus notwendig, eh wir in
1089 3102 2989 3311 den Fall kämen gemeinschaftliche Abenten
1092 3248 2900 3427 er zu bestehen, zusammen in die Tiefen
1108 3408 2951 3586 der Erde hinabzusteigen — vielleicht un
