3384 4136
2747 618 2926 741 190
1045 816 2875 1015 die Bereitwilligung erhofft eine solche
1045 962 2893 1180 Schuld auf sich zu laden, als von einem
1050 1130 2006 1301 Menschen unsrer Art.
864 1283 2639 1464 Hans. Schuld? Sie nennen es Schuld!...
1100 1406 2875 1607 Vor andern ist es eine, nicht vor mtr.
879 1472 1075 1565 Jul.
1057 1519 2931 1760 So wie ich vor andern schuldig sein mag,
1065 1738 1974 1941 aber nicht vor Dir.
1446 2019 2393 2222 3. Auftritt
1210 2180 2127 2358 Jultan. Hans. Sala.
902 2469 2737 2627 Sala. Guten Abend, guten Abendt Julian.
902 2632 2845 2787 Hans. Herr von Sala Sie kommen vom Grafen
1090 2818 1444 2963 hanshy?
914 2928 2599 3124 Sala. Nein, ich war noch nicht dort.
914 3094 2931 3262 Hans. Bitte.. / bietet ihm einen Stuhl an/
924 3247 2943 3450 Sala. / bleibt stehen/ Immerhin mein Kommen
1123 3385 2946 3574 steht im Zusammenhang mit dieser Sache,
1125 3536 3064 3722 es wäre vielleicht nicht anständig, finde
