3416 4248
2708 446 2854 644 34
1136 636 3035 891 padua geboren bin — ich selbst hab bei¬
1159 760 3084 1020 nah dran vergessen. Zu Hause bin ich doch
1201 902 2942 1180 hier. Ich bin auch nicht mehr in Ita-
1164 1077 3053 1314 lien gewesen., seit ich dort als junges
1167 1242 3001 1463 Mädchen meine Laufbahn als Sängerin be-
1195 1479 1450 1636 gann.
1201 1533 3122 1803 Sie haben Italien gar nicht mehr gesehen?
920 1631 1172 1788 Sala.
925 1664 2991 1917 Frau Pflugf. Nein. Es ging doch nicht recht.
1208 1819 3058 2089 Und selbst, wenn es gar keine Schwierig-
1229 2017 3009 2226 keiten gehabt hätte — ich hätten jeden-
1237 2143 3094 2396 falls berichtet. Es war eine garzu schö-
1239 2283 3135 2532 ne Zeit. Erst seit ich älter werde, kommt
1260 2455 3089 2674 die Sehnsucht wieder... Und gar in der
1262 2581 3076 2849 letzten Zeit, da ich schon zu weifeln
1278 2816 1801 3017 beginne....
989 2942 2200 3146 Hans / mahnend/ Mama!....
1000 3022 3076 3323 Frau Pflugf. Nichts, nichts, — es ist alles
1296 3272 1695 3457 so fern.
1020 3357 3061 3589 Sala. Sie singen jetzt gar nicht mehr, gnä-
1311 3558 1899 3754 dtge Frau.?
