3464 4216
2979 708 3160 832 log
1223 726 3155 983 das, was mir später Glück und Rettung sch
1218 948 3150 1132 konnte in alle Winde gestreut. Im vorigen
1216 1109 3048 1273 Jahr war er zum erstenmal bei mir.....
1216 1243 3048 1473 Hier auf diesem Sessel ist er gesessen.
1238 1419 3046 1585 in diesem Zimmer ist er hin und her ge¬
1231 1577 3028 1738 gangen... vielleicht hatte ich bis zu
1236 1711 3120 1889 diesem Augenblick noch nicht gewusst,
1238 1867 3155 2063 er mir bedeutete, — damals hab ich es zun
1233 2026 3033 2206 erstenmal wirklich gefühlt und zwar in
1233 2162 3147 2338 einem ganz bestimmten Augenblicke: als er
1241 2310 3123 2523 ein Medatllon in der and hielt, das vor
1231 2469 3076 2647 vierundwanzig Jahren seiner Mutter ge-
1231 2657 1775 2823 hört hatte.
943 2791 2937 2969 Sala. Er sprach neulich von diesem Besuch.
951 2979 1602 3130 Jul. So?.
946 3078 2902 3279 Sala. Ja, er erzählte allerlet - auch von
1223 3286 3145 3417 Skizzenblüttern, die Sie ihm gezeigt hat-
1233 3425 1446 3583 ten.
