3480 4280
2752 546 2878 719 66
1180 719 2878 999 eigentlich viel lieber sind, als die
1188 881 3068 1147 meisten andern Menschen. Wir bringen uns
1199 1056 2958 1301 einander die Stichworte so geschickt -
1205 1218 3111 1462 finden Sie nicht? Pathetische Leute nen¬
1199 1391 2895 1558 wen solche Beziehungen Freundschaft.
1221 1528 3048 1701 Und im vorigen Jahrhundert - ich möchte
1229 1644 3021 1877 drauf schwören - hatten wir uns "D u "
1232 1838 3106 2022 gesagt. Sie hätten sich vielleicht sogar
1235 1978 2560 2179 an meinem Busen ausgeweint.
1188 2140 3092 2324 Aber ich fürchte, das hätte mich auch im
960 2217 1155 2346 Jul.
1210 2214 3081 2478 vorigen Jahrhundert nicht von dem Gefühl
1248 2431 2478 2634 meiner Einsamkeit befreit.
1262 2585 3087 2771 Das Altes ist an und für sich eine ein-
985 2667 1232 2801 Sala.
1268 2697 3062 2936 same Beschäftigung. Den Weg hinab geht
1273 2875 3128 3068 doch keiner mit uns. Man muss sich eben
1284 3032 2500 3221 bei Zeiten daran gewöhnen.
2384 3144 2560 3249 auch
1012 3172 2881 3402 Jul. Lieber Sala, Sie brauchen Menschen.
1007 3287 3218 3539 Sala. So wie ich sie brauche, so werden sie mir
1317 3454 3144 3699 immer zu Goote stehen. Ich bin für ge¬
