3448 4264
2886 677 2985 819 49
1385 1035 1965 1255 II. A k t
895 1103 1051 1231 G.C.F.P.
1174 1319 3019 1537 Bet Julian Werber. Behagliches Zimmer.
1193 1454 2794 1655 Schreibtisch, Bücherregale. Divan.
1191 1589 2898 1840 Noch keine völlige Ordnung. Auf xxxet
1158 1750 3066 1974 Stühlen vor den Regalen liegen Bücher ge-
1226 1880 3007 2128 schichtet. Eine offene Reisetasche auf
1229 2048 3030 2292 einem andern Sessel. Schreibt is chladen
1233 2266 2135 2443 teilweise geöffnet.
1454 2531 2495 2749 I. Auftritt
1248 2642 3149 2910 Julian vor dem Schreibtisch. ist beschäf¬
1269 2815 2976 3002 tigt Briefe zu öffnen und Papiere zu
1278 2974 3021 3225 ornen. Er zerreisst einiges und wirft
1274 3116 3090 3345 es in den Papterkorb. Es klingelt Juli-
1295 3267 2990 3513 an nicht, steht auf. Stefan von Sala
1297 3487 1783 3712 tritt ein.
