3432 4152
2745 522 2920 686 192
1101 643 2882 850 ter einem Zelte zu schlafen. Ich stehe
1052 818 2912 969 Ihnen also in jeder Weise zur Verfügung,
859 958 2966 1122 Hans. / nach einer Pause / Herr von Sala, wir
1050 1103 2933 1281 werden nicht unter einem Zelte schlafen.
883 1262 1373 1445 Sala. Wie?
869 1464 2785 1572 Hans. So weit geht Ihre Reise nicht mehr.
880 1558 3044 1725 Sala. So.... Ich verstehe Sie. Sie sind dessen
1074 1720 1418 1887 sicher?
875 1852 1695 2051 Hans. Vollkommen.
880 2018 2296 2183 Sala. Und Johanna wusste es.!
875 2185 1693 2363 Hans. Ich glaube.
888 2314 2815 2508 Sala. So. — Nunweiss ich, was- ich wissen
1120 2492 2974 2643 wollte. Ich danke Ihnen. / Ihm dte Hand
1117 2632 3079 2783 entgegenstreckend / Sie können ruhig mei
1079 2788 3111 2933 ne Hand nehmen: es ist nicht üblich sie dem
1076 2952 2880 3162 Gefallenen zu verweigern, der zu Boden
1074 3090 1381 3248 liegt.
885 3283 2258 3413 Hans. / reicht ihm die Hand /
888 3361 2858 3550 Sala. Danke. - Ich bin noch nicht zu Ende.
