3320 4168
2597 544 2731 667 78
1069 700 2887 886 na also und das alles hab ich erreicht.
1260 828 2892 1050 ich leb auf dem Land, ich habe ein
1077 894 1217 1063 Ja
1088 998 2821 1211 Gut — ein kleines Schlösserl kann man
1104 1145 2969 1342 schon sagen — einen Park hab ich und ein
1096 1293 2961 1517 Pferd — und Schlafröck so viel ich will.
1088 1463 2958 1648 Es gehört zwar alles nicht mir, aber das
1102 1599 2983 1810 bleibt sich ja gleich. Dabei leb ich bei
1118 1722 2849 1963 den besten Menschen, die es überhaupt
1110 1908 3043 2097 auf der Welt gibt, denn mein Schwager ist
1102 2075 3067 2274 womöglich ein noch prächtigerer Kerl, als
1124 2220 1884 2430 die Lort selbst.
1077 2326 2499 2583 Wie heisst er denn eigentlich!
839 2403 1036 2608 Jul.
853 2463 2914 2709 Irene. Geza. Weisst Du mitso etnem Strichel.
1132 2657 2865 2873 / sie macht den Akzent mit einer sehr
1140 2816 2909 3029 kräftigen Handbewegung. / von Nassday.
858 2977 3056 3196 Jul. Hat der Dir nicht früher den Hof gemacht.
858 3114 2920 3343 Irene. Selbstverständlich. Er wollte mich um
1162 3259 3029 3475 jeden Preis hetraten. Verhor sind sie ja
1214 3431 2895 3740 alle in mich verliebt... gewesen...
