3496 4232
2771 607 2902 752 95
1193 732 3203 923 Mensch ein paar Jahre aufgehalten habe, wie
1204 934 3004 1136 sie wissen. Sie hatte damals ketnerlei
1210 1093 2953 1301 Verpflichtungen gegen trgend wen; wir
1207 1224 3195 1398 waren niemandem Rechenschaft schuldig. Sie
1210 1375 3067 1563 hatte damals ihre Laufbahn als Sängerth
1213 1526 3098 1720 begonnen, als ich sie kennen lernte. Wir
1222 1669 3021 1871 waren entschlossen unser Schicksal zu-
1224 1814 3035 2030 mit einander zu verbinden. Ah, wie von
1233 1976 3158 2190 Träumen voll waren jene Zage.! Noch heu¬
1239 2133 3149 2358 te in der Erinnerung glühen und beben st
1247 2295 2978 2497 vor Glück...... Ich habe sie sehr ge-
1242 2446 3098 2651 liebt, mehr als andre / steht auf / und
1256 2605 3223 2765 es ist höchst wahrscheinlich, dass ich sie
1264 2776 2563 2978 gerade darum verlassen habe.
1264 2964 1412 3095 ?
974 2950 1224 3090 Sala.
982 3027 3272 3218 Jul. Ja, ich bin so zu sagen vor ihr geflohen. Es
1259 3221 3203 3403 war übrigens der rascheste Entschluss den
1264 3386 3152 3531 toh jemals in meinem Leben gefasst habe.
1259 3542 3164 3739 Aber ich hatte auch niemals weniger Zeit
