3448 4232
2705 597 2891 733 140
995 823 1583 1009 es auf mich.
806 952 2879 1178 Pflugf. Du hast es getan... das hast Du ge -
1017 1172 1454 1302 tan!....
817 1330 1271 1482 Hans. Ja.
831 1406 3096 1617 Pflugf. Mit Deiner Hand hast Du es ihr gereicht?
834 1640 1282 1778 Hans. Ja.
859 1741 2939 1927 Pflugf. Du wüsstest: in dieser Hand halt xh
1102 1910 2879 2085 Ihren Tod - und Du hast diese Hand ge
1051 2020 2964 2248 öffnet? Und Du bist an threm Bett gestan
1054 2206 2429 2392 den und liessest sie sterben?
876 2401 1327 2555 Hans. Ja.
865 2493 2834 2696 Plfugf. Und das wir alle uns irren können
1073 2682 2130 2863 hast Du nicht bedacht?
888 2761 2927 2987 Hans. Irren — — auch Du hast gewusst, das
1166 2972 2640 3153 jeder Irrtum ausgeschlossen war.
907 3133 2913 3311 Pflugf. Und dass sich einmal ein Wunder er
1099 3285 2913 3474 eignen könne ist Dir nicht in den Sinn
1099 3471 1555 3640 gekommen?
