3480 4232
2610 635 2790 808 182
1493 946 2086 1132 5. Akt.
1043 1290 2817 1431 Zimmer des Doktor Hans Pflugfelder im
1043 1409 2763 1579 Spital. Einfache Einrichtung. Später
1043 1562 2904 1720 Abend. - Beim Aufgehen des Vorhangs ist
1068 1740 3037 1895 das Zimmer dunkel. Die türe wird geöffnet,
1097 1930 2926 2039 Julian tritt ein, von einer Bedtenerin
1112 2066 1545 2229 gelettet.
1567 2333 2518 2506 1. Auftrtt
1073 2624 2926 2810 Bedienerin. Der Herr Doktor ist x der
1159 2775 2914 2980 Abendutsite., aber er muss bald zu
1117 2951 2988 3134 rücksein. Bitte nur Platz zu nehmen un -
1090 3143 1562 3274 terdessen.
895 3230 2877 3415 Jul. / setzt sich in die Ecke des Divans.
1075 3438 2859 3598 / Die Bedtenerin zünderdie Petroltum -
