3480 4216
2795 477 2974 607 166
857 645 2925 884 Hans. Durchaus nicht. Es ist kein Beheimnis.
1049 775 3064 1033 / um sich blickend. / ein schöner Garten...
870 979 2294 1209 Sala. Er ist nicht sehr gross.
881 1125 2540 1342 Hans. Die prachtvollen alten Bäume!
895 1274 3031 1480 Sala. EinStück Wald. Denken Sie sich das Gtt -
1101 1445 2836 1608 ter weg, dann können Sie von hier aus
1098 1575 3026 1773 Stunden und Tage lang immer weiter gehen.
919 1738 3042 1930 Hans. Herr von Sala. Sie sprachen davon, dass
1125 1892 2950 2107 Ihr Arzt Sie im Stiche gelassen hätte —
1174 2028 3026 2250 Ich meine der Arzt, der Sie auf der Ex
1131 2202 2630 2421 pedition begleiten sollte......
968 2353 2202 2589 Sala. Ha, das ist richtig.
960 2456 3145 2714 Hans. Und Sie schienen zu bedauern - ich weiss
1163 2649 3061 2855 nicht, ob vielleicht nur aus Höflichkeit
1223 2809 3118 3056 oder im Scherz — dass mich mein Beruf an
1185 2974 2370 3169 das Krankenhaus fesselte.
998 3123 2885 3329 Sala. Das geseah gewiss nicht im Scherz.
1011 3248 3053 3484 Hans. Nun, Herr von Sala, wenn Sie Ernst ge
1215 3411 3018 3641 sprochen haben : ich komme Sie bitten,
