3416 4152
2692 569 2875 771 160
837 776 2705 970 Sala. / kommt zurück und bleibt vor dem
1082 943 2822 1098 Teich stehen/. als wollt ich ihr Bild
1042 1095 2865 1270 da drinnen suchen.... warum ist s so
1042 1230 2357 1408 erschrocken?.... Glück — — 1
1015 1377 2921 1555 / er geht, als wollte er einen lästigen
1026 1552 2915 1711 Gedanken abschütteln, rasch zur Terrasse
1039 1690 2886 1882 in den Salon. Nach wenigen Augenblicken
1031 1839 2413 2044 kommt er mit Julian surück. /
1294 2139 2264 2325 2. Auftritt
1390 2301 2068 2506 Sala. Julian".
848 2586 2963 2804 Sala. Wollen wir noch einwentg im Garten pro
1026 2780 1478 2947 menteren?
826 2931 2966 3120 Jul. Gerne, wenn Ihnen die Abendluft nicht zu
1031 3077 1454 3239 kühl ist.
829 3107 2806 3279 Sala. Nein, nein, durchaus nicht. Also...
1010 3263 2161 3479 Hans kennt die Wahrheit?
832 3449 2963 3633 Jul. Ja und es scheint mir beinahe, ich hätte
