3496 4264
2690 685 2864 837 148
1066 824 2997 1006 Und wir werden ihn so wenig halten können
1082 985 2867 1209 diesen goldenen Tag, als dieses Wasser
1076 1160 2979 1373 me in Bild bewahren könnte,.... wenn ich
2872 1282 3062 1465 G.H.F.P.
2562 1358 2661 1439 G.F.P.
1079 1353 1340 1532 gehe.
886 1462 2987 1684 Sala. Es tst doch schon ein Ahnen von Winter
1095 1598 2455 1822 schnee in dieser klaren Luft.
894 1757 2984 1976 Joh. Aber wenn die Ahnung Wahrheit wird bist
1071 1947 2721 2082 Du längst in einem andern Frühling.
891 2069 2604 2291 Sala. Ja. / Pause /... Und Du?...
894 2267 1499 2439 Joh— Ich?...
904 2348 2846 2593 Sala. Wenn ich nun fort bin, was wirst Du
1095 2554 1314 2677 tun?
904 2632 2997 2838 Joh. Wenn Du fort bist?...../ sie betrachtet
1102 2841 3031 3002 ihn. er schaut ins Ferne / Warst Du nicht
1087 2958 3109 3203 jahrelang von mir fort? — Bist Du es nicht
1147 3156 2757 3346 am Ende auch in diesem Augenblick?
907 3263 2976 3503 Sala. Was sprichst Du da? Ich bin bei Dir...
1095 3445 2372 3662 was wirst Du tun Johanna.?
