3448 4216
2842 590 3018 751 106
1124 788 2885 923 Es bedurfte geradezu einer innern An¬
1133 904 3044 1068 strengung, wenn ich daran glauben sollte,
1131 1087 2793 1215 dass dieser Knabe mir gehörte......
1133 1213 2950 1401 Nun Sie wissen ja Sala, wie mein Leben
1148 1307 3049 1539 auch damals noch in Leidenschaft und Ver¬
1150 1542 3040 1694 gnügungen und Arbeit dahin floss. Damals
1153 1653 3030 1810 war so Vieles mein; erst allmählich ent-
1157 1829 2916 1969 glitt mir manches, und immer mehr. Und
1162 1993 2912 2155 je änner mein Leben wurde, umso öfter
1169 2136 2887 2271 zog es mich in das Haus, in dem ein
1169 2300 2974 2426 Sohn mir heranwuchs. Die Vergangenheit
1177 2385 3059 2581 war eigentlich wie versunken. Die Mutter
1177 2610 2999 2738 und ich, wir befreundeten uns geradezu,
1169 2755 3117 2895 und eigentümlicher Weise bestand für mich
1182 2887 2986 3052 zwischenXX###r dieser altemden Frau und
1230 3081 2974 3228 meiner einstigen Geliebten nicht mehr
1189 3218 3064 3376 der geringste Zusammenhang. Für den Jun-
1194 3371 3049 3562 gen aber regte sich in mir eine gewisse
1182 3520 3090 3709 Zärtlichkeit, anfangs nur letse, im Lauf
