3384 4152
1129 645 3072 903 gewesen... aber die Geschettern sind doch
1134 804 3067 1020 zur Lort übergegangen. Das hat mich immer
1150 965 3002 1191 ein bisschen misstrautsch gegen Dich ge¬
1132 1124 3010 1329 macht, dass Du nie in die Kort verliebt
1134 1301 2981 1488 warst. Um was die besser ist, als toh!
1139 1449 3046 1657 na, das weisst Du doch, darüber ist doch
1158 1563 3088 1826 nicht zu reden. Was ich der schuldig bin!
1163 1756 3038 1930 wenn die nicht gewesen war.... Also bei
1165 1844 3163 2068 denen leb ich jetzt seit einem halben Jahr.
1119 2081 2003 2260 Und für wie lange!
882 2076 1074 2203 Jul.
890 2154 2981 2417 Irene. Aber Cultan, toh frage Dioh: was soll
1163 2331 3041 2518 mich veranlassen aus einem solchen Para-
1178 2484 3067 2653 dies in den Sumpf zurückzukehren, wo ich
1207 2656 3090 2835 / ihm ins Ohr / fünfundewanzig Jakre mei=
1212 2781 3077 2971 nes Lebens zugebracht habe. Was hab ich
1181 2926 2968 3114 überhaupt noch beim Theater zu suchen!
1176 3101 2942 3306 Die bejahrten Fächer liegen mir nicht
1189 3236 3054 3441 Ich habe weder Neigung zur Heldenmutter,
1186 3371 3010 3605 noch zur spitzigen Dame, nach zur komi-
1197 3540 3093 3782 schen Alten. Ich gedenke als Schlossfrühren.
