3432 4232
2748 573 2873 740 16
1076 728 2830 984 Sie setzen Ihre Beobachtung fort, wie
1081 866 2890 1137 wenn es sich um eine Kranke der Klinik
1040 1013 2924 1280 handelte. Ich kann nicht mehr verlangen.
1081 1205 2982 1427 /sehr liebenswürdig/.. und in sagen wir
1139 1400 2878 1601 dret Wochen, wenn nicht andre wesent-
1101 1471 2840 1732 liche Erscheinungen aufgetreten sind,
1064 1688 2864 1906 erlaube ich mir wieder nachzusehen und
1113 1768 2951 2054 die Augenspiegeluntersuchung zu wieder-
1103 2005 2900 2203 holen, die - ich beone es neuerdings —
1166 2116 3084 2264 keineswegs etwas befinitives ergeben hat.
1117 2242 2975 2438 Na!.... /er betrachtet das Bild / Ihre
1154 2428 2174 2578 Mutter?.Nicht wahr?
1130 2646 1280 2748 Ja.
839 2600 1093 2779 Hans.
1125 2704 2835 2941 Also auf Wiededsehen lieber Kolb ge.
849 2794 1098 2994 Berh.
1115 2910 2932 3111 Morgen auf der Kltnik. Na!... Und was
1139 3084 2419 3251 die Therapie anbelangt......
1142 3229 2375 3413 Therapte, Herr Professor!
851 3229 1117 3398 Hans.
863 3386 2808 3563 Bernh. Na ja.... Aber lieber Freund, das
1202 3485 3065 3747 dürfte doch nicht auf Sie wie eine Ent-
