3416 4248
2850 592 2976 718 12
2559 592 2666 774 m
1172 713 2946 955 sind liegen schon seit vielen, vielan
1116 875 2738 1100 Jahren unter der Erde, verwesen...
1212 1054 2800 1249 Wie unbegreiflich ist das alles.
1153 1220 2965 1422 „Du der da weiter lebt lass ab zu wei¬
846 1238 1097 1422 Sala.
1169 1361 2909 1529 nen." Es gibtEinen, der achzig Jahre
1185 1521 2965 1711 alt ist, der hat xxx Frauen begraben
1097 1655 2984 1831 und sieben Kinder, spielt in einem klei-
1193 1801 2933 2018 nen Praterwirtshaus Klavier, während
1204 1972 3056 2146 sich die Künstler produzteren. Die eine
1110 2098 3013 2308 von den Künstlerinnen ist seine Enkelin.
881 2284 2226 2490 Joh. Wie kommen Sie auf den!
883 2437 3029 2631 Sala. Ich hab ihn neulich kennen gelernt. Ich
1172 2567 2898 2778 war mit dem Grafen Lanzky unten. Und
1180 2743 2976 2912 als die Produktion aus war und die La-
1230 2842 3029 3066 ternen ausgelöscht, spielte er rätsel-
1222 3032 3040 3216 hafter Weise auf dem gräulichen Klim-
1177 3141 3066 3405 perkasten wetter. Wir wunderten uns und
1190 3336 3168 3539 fingen an, mit ihm zu plaudern. Das Stück,
1236 3472 3000 3675 das er zuletzt spieltem, war von ihm,
