3496 4232
2721 569 2855 770 93
1059 776 2765 947 mögl ich, die armen Kinder, die arme
1045 933 2572 1094 Kinder.... ich geh gleich hin -
1105 1083 2305 1260 hilft ihr beim Ankleiden.
784 1176 985 1263 Jul.
1110 1203 2977 1410 Und seh ich Dich wieder? Wann?.... Ich
789 1320 1064 1410 Irene.
1078 1374 2863 1548 komme einfach herauf. Ja? Also adieu,
1067 1565 2027 1687 adieu! / rasch ab. /
1268 1850 2201 1987 4. A uftrtt
1535 2035 2174 2128 Julian. Sala.
805 2329 2006 2446 Jul. Plötzlich gestorben?
816 2455 3004 2610 Sala. Wie rofessor Bernhardt mir sagt, musste
1140 2599 3048 2759 man auch darauf gefasst sein. Und wie es
1110 2778 2912 2923 scheint, war es der günstigste Ausgang
1113 2925 2245 3064 den man erwarten durfte.
822 3064 2993 3241 Jul. Wann haben Sie sie denn das letztemal ge¬
1159 3301 1464 3393 sehen?
838 3374 3018 3540 Sala. Gestern Abend. Ich habe ketnerlei Ver-
