<?xml version="1.0" encoding="UTF-8" standalone="yes"?>
<PcGts xmlns="http://schema.primaresearch.org/PAGE/gts/pagecontent/2013-07-15" xmlns:xsi="http://www.w3.org/2001/XMLSchema-instance" xsi:schemaLocation="http://schema.primaresearch.org/PAGE/gts/pagecontent/2013-07-15 http://schema.primaresearch.org/PAGE/gts/pagecontent/2013-07-15/pagecontent.xsd">
    <Metadata>
        <Creator>prov=READ-COOP:name=TrHtr:version=2.1.0:model_id=51170:date=28_07_2023_18:34</Creator>
        <Created>2023-05-10T11:40:59.341+02:00</Created>
        <LastChange>2023-07-28T18:34:19.975+02:00</LastChange>
        <TranskribusMetadata docId="1428170" pageId="55389940" pageNr="15" tsid="131370498" status="IN_PROGRESS" userId="64420" imgUrl="https://files.transkribus.eu/Get?id=EOWSHGFYHVMUUSOXDIJHMEIO&amp;fileType=view" xmlUrl="https://files.transkribus.eu/Get?id=ZGMKVRIQUTTDGICQVQXOFNMD" imageId="44664827"/>
    </Metadata>
    <Page imageFilename="1428170_0015.jpg" imageWidth="3448" imageHeight="4248">
        <ReadingOrder>
            <OrderedGroup id="ro_1711802858556" caption="Regions reading order">
                <RegionRefIndexed index="0" regionRef="tr_1"/>
                <RegionRefIndexed index="1" regionRef="tr_2"/>
            </OrderedGroup>
        </ReadingOrder>
        <TextRegion id="tr_1" custom="readingOrder {index:0;}">
            <Coords points="871,523 3155,523 3155,2631 871,2631"/>
            <TextLine id="tr_1_tl_1" custom="readingOrder {index:0;}">
                <Coords points="2723,606 2750,609 2766,593 2785,593 2814,614 2849,622 2854,499 2828,499 2822,505 2812,494 2801,505 2790,499 2750,531 2726,526"/>
                <Baseline points="2737,576 2770,582 2815,576 2859,573"/>
                <TextEquiv>
                    <Unicode>11</Unicode>
                </TextEquiv>
            </TextLine>
            <TextLine id="tr_1_tl_2" custom="readingOrder {index:1;}">
                <Coords points="854,846 2942,750 2953,569 2216,686 862,713"/>
                <Baseline points="871,811 889,809 934,806 979,806 1023,806 1068,803 1113,803 1158,800 1203,797 1247,794 1292,794 1337,791 1382,788 1426,782 1471,779 1516,776 1561,776 1606,773 1650,770 1695,770 1740,767 1785,764 1829,761 1874,758 1919,758 1964,755 2009,752 2053,749 2098,749 2143,746 2188,743 2232,740 2277,737 2322,734 2367,731 2412,728 2456,725 2501,725 2546,722 2591,719 2635,719 2680,716 2725,713 2770,710 2815,710 2859,704 2904,701 2949,698"/>
                <TextEquiv>
                    <Unicode>Sala. Ja. Denken Sie noch manchmal an S stel</Unicode>
                </TextEquiv>
            </TextLine>
            <TextLine id="tr_1_tl_3" custom="readingOrder {index:2;}">
                <Coords points="854,1001 2996,905 3004,756 1832,766 1298,801 1084,918 860,884"/>
                <Baseline points="871,964 901,967 946,964 991,961 1035,961 1080,961 1125,961 1170,955 1214,955 1259,952 1304,949 1349,943 1394,940 1438,940 1483,937 1528,934 1573,931 1618,928 1662,925 1707,922 1752,922 1797,919 1841,916 1886,913 1931,913 1976,910 2021,907 2065,904 2110,901 2155,898 2200,895 2244,892 2289,892 2334,889 2379,886 2424,886 2468,883 2513,883 2558,880 2603,877 2647,874 2692,871 2737,868 2782,868 2827,865 2871,862 2916,856 2961,853 3006,844"/>
                <TextEquiv>
                    <Unicode>Joh. Oft. Ich habe seitdem keine Freundin ge¬</Unicode>
                </TextEquiv>
            </TextLine>
            <TextLine id="tr_1_tl_4" custom="readingOrder {index:3;}">
                <Coords points="1202,1121 3004,1060 3028,953 2534,900 1210,959"/>
                <Baseline points="1217,1110 1241,1104 1286,1104 1331,1101 1376,1098 1420,1095 1465,1092 1510,1092 1555,1089 1600,1086 1644,1083 1689,1080 1734,1077 1779,1074 1823,1071 1868,1071 1913,1068 1958,1065 2003,1065 2047,1062 2092,1059 2137,1059 2182,1053 2226,1050 2271,1047 2316,1047 2361,1044 2406,1041 2450,1038 2495,1038 2540,1035 2585,1035 2629,1032 2674,1029 2719,1026 2764,1023 2809,1020 2853,1017 2898,1014 2943,1011 2988,1009 3033,1009"/>
                <TextEquiv>
                    <Unicode>habt. /Vor sich hin/ Zu ihr müsste man</Unicode>
                </TextEquiv>
            </TextLine>
            <TextLine id="tr_1_tl_5" custom="readingOrder {index:4;}">
                <Coords points="1202,1263 2384,1247 2777,1175 3092,1244 3153,1073 1711,1076 1207,1148"/>
                <Baseline points="1217,1259 1229,1259 1274,1253 1319,1250 1364,1247 1409,1244 1453,1241 1498,1235 1543,1235 1588,1232 1632,1229 1677,1226 1722,1226 1767,1226 1812,1220 1856,1220 1901,1217 1946,1214 1991,1212 2035,1209 2080,1206 2125,1206 2170,1203 2215,1203 2259,1200 2304,1197 2349,1194 2394,1191 2438,1191 2483,1188 2528,1188 2573,1185 2618,1182 2662,1179 2707,1179 2752,1176 2797,1170 2841,1167 2886,1164 2931,1164 2976,1161 3021,1158 3065,1152 3110,1152 3155,1149"/>
                <TextEquiv>
                    <Unicode>jetzt auch "Fräulein" sagen. Sie war sehr</Unicode>
                </TextEquiv>
            </TextLine>
            <TextLine id="tr_1_tl_6" custom="readingOrder {index:5;}">
                <Coords points="1218,1415 1973,1418 2318,1356 2446,1399 2603,1348 2753,1388 2870,1351 2878,1191 2302,1258 1840,1236 1629,1346 1220,1380"/>
                <Baseline points="1232,1415 1265,1409 1310,1406 1355,1403 1400,1403 1444,1400 1489,1400 1534,1397 1579,1394 1623,1394 1668,1388 1713,1385 1758,1382 1803,1379 1847,1376 1892,1373 1937,1370 1982,1370 2026,1367 2071,1367 2116,1364 2161,1358 2206,1358 2250,1355 2295,1352 2340,1349 2385,1349 2429,1346 2474,1346 2519,1343 2564,1340 2609,1340 2653,1334 2698,1331 2743,1328 2788,1322 2832,1319 2877,1316"/>
                <TextEquiv>
                    <Unicode>schön... sie hatte se dunkles blau¬</Unicode>
                </TextEquiv>
            </TextLine>
            <TextLine id="tr_1_tl_7" custom="readingOrder {index:6;}">
                <Coords points="1145,1591 2766,1530 2940,1490 2948,1346 2334,1415 1573,1396 1436,1498 1151,1503"/>
                <Baseline points="1161,1576 1200,1573 1244,1567 1289,1564 1334,1561 1379,1558 1423,1552 1468,1549 1513,1546 1558,1543 1603,1540 1647,1537 1692,1534 1737,1531 1782,1528 1826,1525 1871,1525 1916,1522 1961,1519 2006,1519 2050,1516 2095,1516 2140,1513 2185,1510 2229,1507 2274,1504 2319,1501 2364,1501 2409,1498 2453,1498 2498,1495 2543,1492 2588,1489 2632,1486 2677,1486 2722,1483 2767,1483 2812,1477 2856,1474 2901,1471 2946,1474"/>
                <TextEquiv>
                    <Unicode>sghtimmerndes Haar wie Ihre Frau und se</Unicode>
                </TextEquiv>
            </TextLine>
            <TextLine id="tr_1_tl_8" custom="readingOrder {index:7;}">
                <Coords points="1193,1719 2844,1674 2849,1538 1880,1557 1752,1658 1514,1562 1199,1599"/>
                <Baseline points="1209,1716 1238,1716 1283,1713 1328,1710 1373,1710 1417,1707 1462,1704 1507,1701 1552,1701 1597,1698 1641,1695 1686,1692 1731,1692 1776,1686 1820,1683 1865,1680 1910,1677 1955,1674 2000,1671 2044,1671 2089,1668 2134,1668 2179,1665 2224,1665 2268,1659 2313,1659 2358,1656 2403,1653 2447,1650 2492,1647 2537,1644 2582,1641 2627,1641 2671,1638 2716,1635 2761,1632 2806,1632 2850,1635"/>
                <TextEquiv>
                    <Unicode>klare Augen wie Sie, Herr von Sala.</Unicode>
                </TextEquiv>
            </TextLine>
            <TextLine id="tr_1_tl_9" custom="readingOrder {index:8;}">
                <Coords points="1202,1890 3041,1784 3049,1674 1210,1741"/>
                <Baseline points="1220,1865 1259,1859 1304,1859 1349,1859 1394,1859 1438,1859 1483,1856 1528,1853 1573,1850 1618,1847 1662,1844 1707,1841 1752,1838 1797,1835 1841,1832 1886,1829 1931,1826 1976,1820 2021,1820 2065,1818 2110,1815 2155,1812 2200,1812 2244,1812 2289,1809 2334,1806 2379,1800 2424,1797 2468,1797 2513,1794 2558,1791 2603,1788 2647,1785 2692,1782 2737,1779 2782,1776 2827,1776 2871,1773 2916,1770 2961,1767 3006,1764 3050,1764"/>
                <TextEquiv>
                    <Unicode>“Nun gingt Ihr Beide, ging t Ihr Hand in</Unicode>
                </TextEquiv>
            </TextLine>
            <TextLine id="tr_1_tl_10" custom="readingOrder {index:9;}">
                <Coords points="1188,2051 3004,1962 3049,1869 2619,1797 1196,1912"/>
                <Baseline points="1206,2015 1217,2015 1262,2012 1307,2012 1352,2009 1397,2012 1441,2009 1486,2006 1531,2003 1576,2000 1620,1997 1665,1994 1710,1991 1755,1991 1800,1988 1844,1985 1889,1982 1934,1979 1979,1976 2023,1976 2068,1973 2113,1970 2158,1967 2203,1967 2247,1967 2292,1964 2337,1961 2382,1958 2427,1955 2471,1952 2516,1952 2561,1949 2606,1946 2650,1943 2695,1940 2740,1937 2785,1934 2830,1934 2874,1931 2919,1928 2964,1928 3009,1922 3053,1919"/>
                <TextEquiv>
                    <Unicode>Hand, die dunkle Strasse in ein lichtes</Unicode>
                </TextEquiv>
            </TextLine>
            <TextLine id="tr_1_tl_11" custom="readingOrder {index:10;}">
                <Coords points="1196,2181 1252,2197 1306,2179 1346,2200 1388,2173 1426,2203 1551,2152 1599,2163 1605,2088 1557,2091 1474,2133 1436,2115 1367,2037 1322,2051 1311,2037 1258,2061 1204,2051"/>
                <Baseline points="1212,2170 1250,2164 1295,2161 1340,2161 1385,2161 1429,2158 1474,2155 1519,2152 1564,2149 1609,2128"/>
                <TextEquiv>
                    <Unicode>Land... “</Unicode>
                </TextEquiv>
            </TextLine>
            <TextLine id="tr_1_tl_12" custom="readingOrder {index:11;}">
                <Coords points="1212,2326 1808,2286 1973,2323 2355,2253 2590,2310 2601,2125 2414,2176 2275,2141 1981,2176 1810,2125 1703,2184 1218,2195"/>
                <Baseline points="1226,2310 1259,2307 1304,2304 1349,2301 1394,2301 1438,2295 1483,2295 1528,2292 1573,2289 1618,2286 1662,2286 1707,2283 1752,2280 1797,2280 1841,2277 1886,2277 1931,2274 1976,2271 2021,2268 2065,2268 2110,2265 2155,2262 2200,2259 2244,2256 2289,2256 2334,2253 2379,2250 2424,2247 2468,2247 2513,2241 2558,2241 2603,2244"/>
                <TextEquiv>
                    <Unicode>Auch daran erinnern Sie sich!</Unicode>
                </TextEquiv>
            </TextLine>
            <TextLine id="tr_1_tl_13" custom="readingOrder {index:12;}">
                <Coords points="934,2347 1012,2331 1028,2342 1047,2336 1073,2355 1111,2344 1172,2358 1177,2203 1148,2208 1113,2195 1100,2208 1089,2203 1060,2216 1036,2192 1015,2189 940,2213"/>
                <Baseline points="949,2328 955,2325 1000,2322 1044,2322 1089,2319 1134,2319 1179,2316"/>
                <TextEquiv>
                    <Unicode>Sala.</Unicode>
                </TextEquiv>
            </TextLine>
            <TextLine id="tr_1_tl_14" custom="readingOrder {index:13;}">
                <Coords points="1199,2475 3022,2432 3081,2312 1204,2320"/>
                <Baseline points="1214,2462 1247,2462 1292,2462 1337,2462 1382,2456 1426,2456 1471,2453 1516,2453 1561,2447 1606,2444 1650,2444 1695,2441 1740,2438 1785,2435 1829,2435 1874,2432 1919,2429 1964,2429 2009,2427 2053,2424 2098,2421 2143,2421 2188,2418 2232,2418 2277,2412 2322,2409 2367,2409 2412,2406 2456,2406 2501,2403 2546,2400 2591,2397 2635,2394 2680,2391 2725,2391 2770,2388 2815,2385 2859,2382 2904,2379 2949,2376 2994,2376 3038,2376 3083,2385"/>
                <TextEquiv>
                    <Unicode>Sieben Jahre ist das schon alles vorbet</Unicode>
                </TextEquiv>
            </TextLine>
            <TextLine id="tr_1_tl_15" custom="readingOrder {index:14;}">
                <Coords points="932,2491 953,2488 980,2499 1012,2480 1033,2499 1057,2499 1095,2480 1113,2494 1145,2480 1148,2342 1100,2352 1047,2334 999,2352 983,2339 937,2347"/>
                <Baseline points="949,2474 973,2474 1017,2474 1062,2471 1107,2471 1152,2471"/>
                <TextEquiv>
                    <Unicode>Joh.</Unicode>
                </TextEquiv>
            </TextLine>
            <TextLine id="tr_1_tl_16" custom="readingOrder {index:15;}">
                <Coords points="1223,2625 1276,2646 1452,2619 1493,2638 1543,2611 1647,2633 1765,2598 1869,2614 1904,2603 1909,2475 1786,2488 1695,2459 1645,2486 1471,2475 1383,2499 1322,2472 1228,2494"/>
                <Baseline points="1238,2621 1283,2615 1328,2612 1373,2609 1417,2606 1462,2606 1507,2603 1552,2600 1597,2597 1641,2594 1686,2591 1731,2591 1776,2588 1820,2585 1865,2585 1910,2585"/>
                <TextEquiv>
                    <Unicode>wie sonderbar!</Unicode>
                </TextEquiv>
            </TextLine>
        </TextRegion>
        <TextRegion id="tr_2" custom="readingOrder {index:1;}">
            <Coords points="961,2666 3125,2666 3125,3714 961,3714"/>
            <TextLine id="tr_2_tl_1" custom="readingOrder {index:0;}">
                <Coords points="945,2804 1284,2771 1396,2804 2043,2731 2149,2761 2157,2595 1922,2635 1840,2598 1578,2635 1487,2606 1039,2694 951,2670"/>
                <Baseline points="961,2776 994,2776 1038,2776 1083,2773 1128,2770 1173,2773 1217,2770 1262,2764 1307,2764 1352,2764 1397,2761 1441,2758 1486,2755 1531,2752 1576,2752 1620,2749 1665,2746 1710,2743 1755,2740 1800,2737 1844,2734 1889,2734 1934,2731 1979,2728 2023,2725 2068,2722 2113,2719 2158,2716"/>
                <TextEquiv>
                    <Unicode>Sala. Ja. Warum sonderbart</Unicode>
                </TextEquiv>
            </TextLine>
            <TextLine id="tr_2_tl_2" custom="readingOrder {index:1;}">
                <Coords points="956,2958 2838,2889 3006,2857 3012,2747 1941,2739 964,2833"/>
                <Baseline points="973,2931 1000,2931 1044,2931 1089,2931 1134,2931 1179,2928 1223,2922 1268,2922 1313,2922 1358,2919 1403,2916 1447,2913 1492,2907 1537,2907 1582,2901 1626,2901 1671,2898 1716,2898 1761,2895 1806,2895 1850,2892 1895,2892 1940,2889 1985,2886 2029,2883 2074,2880 2119,2877 2164,2874 2209,2874 2253,2871 2298,2868 2343,2865 2388,2862 2432,2859 2477,2859 2522,2856 2567,2856 2612,2853 2656,2853 2701,2850 2746,2847 2791,2847 2835,2844 2880,2841 2925,2835 2970,2832 3015,2835"/>
                <TextEquiv>
                    <Unicode>Joh. Und Sie bauen støh ein Haus und wollen</Unicode>
                </TextEquiv>
            </TextLine>
            <TextLine id="tr_2_tl_3" custom="readingOrder {index:2;}">
                <Coords points="1287,3087 2601,3052 2932,3001 2940,2862 2149,2942 1295,2929"/>
                <Baseline points="1301,3071 1325,3071 1370,3068 1415,3068 1459,3065 1504,3062 1549,3059 1594,3056 1638,3053 1683,3050 1728,3050 1773,3047 1818,3044 1862,3044 1907,3041 1952,3041 1997,3038 2041,3035 2086,3033 2131,3033 2176,3030 2221,3030 2265,3027 2310,3024 2355,3021 2400,3021 2444,3018 2489,3015 2534,3012 2579,3009 2624,3006 2668,3003 2713,3000 2758,3000 2803,2997 2847,2994 2892,2991 2937,2994"/>
                <TextEquiv>
                    <Unicode>eine Stadt aus der Erde Graben und</Unicode>
                </TextEquiv>
            </TextLine>
            <TextLine id="tr_2_tl_4" custom="readingOrder {index:3;}">
                <Coords points="1250,3260 2798,3156 2964,3201 3119,3140 3124,3049 1258,3081"/>
                <Baseline points="1268,3227 1289,3230 1334,3227 1379,3221 1423,3221 1468,3218 1513,3215 1558,3212 1603,3209 1647,3209 1692,3206 1737,3203 1782,3200 1826,3197 1871,3194 1916,3194 1961,3191 2006,3191 2050,3188 2095,3188 2140,3185 2185,3182 2229,3179 2274,3176 2319,3176 2364,3173 2409,3173 2453,3170 2498,3170 2543,3164 2588,3161 2632,3161 2677,3161 2722,3158 2767,3155 2812,3152 2856,3152 2901,3149 2946,3146 2991,3140 3035,3140 3080,3137 3125,3134"/>
                <TextEquiv>
                    <Unicode>schreiben wundervolle Gedichte und sind</Unicode>
                </TextEquiv>
            </TextLine>
            <TextLine id="tr_2_tl_5" custom="readingOrder {index:4;}">
                <Coords points="1266,3404 1340,3394 1386,3423 1477,3380 1565,3407 1629,3378 1714,3399 2115,3372 2120,3215 1944,3252 1813,3225 1711,3260 1274,3249"/>
                <Baseline points="1283,3379 1316,3379 1361,3379 1406,3376 1450,3373 1495,3373 1540,3373 1585,3370 1629,3367 1674,3364 1719,3361 1764,3361 1809,3358 1853,3355 1898,3355 1943,3355 1988,3352 2032,3352 2077,3349 2122,3352"/>
                <TextEquiv>
                    <Unicode>betnahe noch jung.</Unicode>
                </TextEquiv>
            </TextLine>
            <TextLine id="tr_2_tl_6" custom="readingOrder {index:5;}">
                <Coords points="2294,3495 2310,3495 2323,3484 2331,3490 2360,3476 2384,3492 2398,3492 2400,3370 2352,3375 2339,3367 2315,3386 2296,3388"/>
                <Baseline points="2307,3444 2313,3444 2358,3441 2403,3441"/>
                <TextEquiv>
                    <Unicode>P.P.</Unicode>
                </TextEquiv>
            </TextLine>
            <TextLine id="tr_2_tl_7" custom="readingOrder {index:6;}">
                <Coords points="983,3554 1028,3578 1218,3548 1271,3588 1354,3556 1578,3575 1623,3562 1631,3386 1386,3423 1338,3391 1175,3482 1076,3455 1017,3495 988,3484"/>
                <Baseline points="997,3555 1006,3552 1050,3552 1095,3549 1140,3546 1185,3543 1229,3543 1274,3537 1319,3537 1364,3534 1409,3531 1453,3528 1498,3528 1543,3528 1588,3528 1632,3528"/>
                <TextEquiv>
                    <Unicode>Sala. Betnah.</Unicode>
                </TextEquiv>
            </TextLine>
            <TextLine id="tr_2_tl_8" custom="readingOrder {index:7;}">
                <Coords points="988,3735 2472,3645 2956,3685 3089,3655 3095,3543 2561,3442 1920,3564 993,3615"/>
                <Baseline points="1003,3701 1038,3704 1083,3701 1128,3701 1173,3701 1217,3701 1262,3692 1307,3692 1352,3692 1397,3686 1441,3686 1486,3683 1531,3683 1576,3680 1620,3677 1665,3674 1710,3671 1755,3671 1800,3671 1844,3671 1889,3668 1934,3665 1979,3662 2023,3659 2068,3656 2113,3656 2158,3650 2203,3647 2247,3647 2292,3644 2337,3644 2382,3641 2427,3641 2471,3641 2516,3636 2561,3636 2606,3633 2650,3630 2695,3630 2740,3627 2785,3624 2830,3624 2874,3621 2919,3615 2964,3615 3009,3612 3053,3609 3098,3612"/>
                <TextEquiv>
                    <Unicode>Joh. Und Menschen, die Ihnen so viel gewesen</Unicode>
                </TextEquiv>
            </TextLine>
        </TextRegion>
    </Page>
</PcGts>
