3416 4152
2927 667 3055 828 99
1205 825 3097 1044 ein solches Scheiden auf der Höhe unsres
1214 1024 2916 1186 Glücks, unsrer Liebe wilrdig sei......
1194 1160 2967 1356 Am nächsten Tag in aller Früh hab ich
1211 1273 3057 1469 Florenz verlassen, ohne sie noch einmal
1217 1429 2970 1611 wieder zu sehen..... Ih, was war das
1259 1605 3106 1750 für ein Morgen! Wenn ichs recht bedenke
1228 1770 3120 1897 war ich wie im Rausch. Die Stadt versank
1225 1892 2941 2053 hinter mir und ich atmete auf. Immer
1273 2082 2995 2212 wohler ward mir zu Mute, ich empfand
1237 2255 3015 2368 keine Reue. Mir war alles erlaubt....
1245 2394 3182 2533 Warumt.... aus dem einfachsten Grunde von
1290 2493 3171 2720 der Welt: ich war es, ich durfte es tun.
1254 2703 3001 2859 Ich fuhr nach Rom. Dort blieb ich den
1254 2848 1926 3001 ganzen Winter.
970 2970 3006 3151 Sala. Rom?..... War es nichtdamals, als ich
1239 3128 2408 3335 mit Ihnen bekannt wurde?
967 3321 1370 3486 Jul. Ja.
970 3446 3245 3625 Sala. Man konnte allerdings nicht bemerken, dass
