3512 4248
2749 604 2943 790 150
1040 814 2972 1077 alles bereit und wenn nicht - entschlos —
1045 949 2656 1210 sen sein heisst auch Flügel haben.
872 1119 2579 1372 Sala. Hast Du nicht Angst, Johanna.!
867 1271 3007 1545 Joh. Eine Sehnsucht ohne Angst, das wäre eine
1071 1399 2885 1656 wohlfeile Sehnsucht, der man gar nicht
1069 1651 1566 1813 wert wäre.
899 1734 2462 1970 Sala. Wohin wird sie Dich führen?
899 1917 2467 2114 Joh. Ich werde meinen Weg finden.
907 2029 2810 2268 Sala. Man kann sich den Weg wählen, aber
1101 2175 2941 2411 nicht die Menschen, denen man begegnet.
1167 2276 3153 2539 Ich weiss wohl, dass es mir nicht bestimmt
915 2380 1130 2555 Joh.
1117 2478 2978 2741 sein kann nur Schönes zu erleben.- Auch
1117 2630 3100 2887 Hässliches, auch Gemeines steht mir bevor.
1167 2768 2941 3034 So muss es wohl sein. Ich werde nicht
1154 2941 3089 3201 immer wahr sein, wie zu Dir.... ich werde
1146 3055 3084 3355 lügen und ich freue mich drauf. Ich werde
1159 3254 2930 3504 nicht immer glücklich sein. Ich werde
1167 3385 3063 3656 irren und leiden. Ich will später einmal
1212 3573 3028 3762 vor mir selbst erschauern müssen, tief
