3336 4120
2569 517 2690 663 73
1049 641 2960 861 für eine masslose Arroganz in ihm steckt.
1052 814 2787 1025 Uebrigens wetss jeder Mensch, dass er
1054 978 2265 1156 seine Frau umgebracht hat.
760 1106 2745 1257 Jul. /belustigt./ Ober Kind, wie kommst Du
2631 1210 2740 1304 G.H.F.P.
1044 1225 2510 1381 auf solche Ungeheuerlichkeiten!
1079 1398 2972 1621 Man stirbt nicht mit fünfundwanzig Jah-
762 1428 1037 1549 Irene.
1030 1572 1987 1698 ren ganz von selbst.
997 1638 2968 1864 Aber Irene, das sagst Du hoffentlich nicht
755 1631 970 1864 Jul
1052 1799 1854 1987 zu andern Leuten.
1101 1930 2794 2131 Ist auch nicht notwendig, weiss doch
762 2007 1064 2153 Irene.
1042 2121 2970 2277 Jeder ausser Dir. Und toh für meinen Teil
1037 2240 2953 2448 habe kennen Grund Herrn von Sala zu scho-
1042 2413 2925 2549 nen, der Dir seit zwanzig Jahren ununter
1027 2522 2883 2747 brochen Grobhetten sagt...aber wir tun
1042 2680 2822 2901 ihm wirklich zu viel Eöre an, wenn wir
1044 2864 2839 3010 so lang über ihn reden. Lassen wir ihn
1037 3002 2787 3188 laufen. / übergehend / na Julian, wie
1030 3136 1898 3316 gehts Dir denn!
747 3321 1431 3510 Jul. Leidl toh.
752 3438 2349 3646 Irene, Heut früh biet Du gekommen!
