3464 4216
2800 574 2998 761 109
822 783 3025 978 Jul. Ja - Das verstaubte, verblasste Zeug. Aber
1113 945 2940 1102 mir wars seltsam zu Mute, als seine Au-
1113 1058 2978 1242 gen auf diesen Zeichen beschwundener Ta¬
1129 1239 2940 1412 ger ruhten. Manches aus meiner Vergan-
1132 1393 3061 1585 genheit schien mir in dieser Stunde einen
1124 1552 2956 1703 neuen Sinn zu bekommen. Das meiste, was
1118 1698 2918 1844 Hans damals redete ist mir noch im Ge-
1137 1835 2945 2028 dächtnis geblieben.. Er sprach von set-
1132 2006 2998 2154 nen Zukunftsplänen..... er schwankte da-
1124 2168 3025 2302 mals noch sehr, ob er sich nicht der The¬
1143 2319 2973 2473 orte zuwenden sollte. Die Unzulänglich-
1146 2465 2992 2599 keit aller ärztlichen Kunst, schon ihn
1154 2632 2998 2753 tief zu ergreifen. Auch dte settsamseten
1146 2778 2921 2934 phantastischen Einfälle flackerten da-
1148 2929 3006 3058 mals in ihm — von nicht entdeckten Heil-
1148 3096 2978 3245 mitteln, die in fernen unbekannten Län-
1159 3245 2899 3401 denn unbenützt verblühen mochten....
1157 3393 3094 3528 und so redete er sich alles mögliche von
1168 3520 3022 3737 der Seele, Treume und Wilnsche. Nun, und
