3512 4216
2908 801 3037 975 96
1184 980 3030 1187 zum Ueberlegen. Was war das für ein Ab-
1194 1114 3055 1328 schied am Abend vorher.... Wir glaubten
1194 1289 3084 1490 nur für eine Nacht... am nächsten Morgen
1194 1445 3045 1649 wollten wir nämlich zusammen fort. Aber
1214 1567 3082 1761 in dieser einen kurken Nacht kam ich zur
1204 1754 2206 1920 Bestnung. / Pause /
1216 1878 3062 2047 Im Schlaf schlich ein dumpfes Unbehagen
1221 2037 3104 2199 über mich, wie wenn mir etwas bevorstün-
1221 2196 3159 2378 de, was nicht efreulich wäre. Und als ich
1214 2333 3147 2478 wacher und wacher wurde und zu spüren be-
1229 2505 3087 2682 gann wovor mir eigentlich langte, konnt
1236 2642 3045 2793 ich mirs kaum glauben — aberes war nun
1239 2813 3229 3020 einmal nichts andres als die Angst - Angst
1239 2968 3099 3154 vor der Zukunft; das Bewusstsein, dass
1251 3082 3184 3313 ich daran war etne Verpflichtung auf mich
1244 3281 2987 3460 zu nehmen erhob sich drohend vor mir.
1294 3420 3065 3599 Ich begann zu überlegen - und kam mir
1244 3584 3045 3721 nicht sehr klug, ein wenig lächerlich,
1264 3706 3261 3908 geradezu närrisch vor... was war mir denn
