3384 4104
2535 546 2710 701 194
819 855 2386 1043 Hans. Vater! / sie umarmen sich /
822 1002 2695 1159 Pflugf. Reden Sie weiter, Herr von Sala.
817 1198 2885 1347 Sala - als hört ich meinen Namen..... es war
1051 1324 2906 1474 vielleicht Täuschung. Ich bin aufgestan
1018 1463 2898 1613 den und in den Garten gegangen. Ich habe
1012 1592 2986 1796 niemanden gesehen; dann bin zu der kleinen
1067 1778 2973 1937 türe geeilt, die in den Wald hineinführt,
1131 1927 3043 2076 sie stand pffen, dann bin ich ins dunkle
1015 2046 2847 2218 hinein, habe gerufen, von schwerer Ah -
1020 2205 2901 2347 nung bedrückt, denn sie hatte in selt —
1020 2373 2777 2532 samer Weise Abschied genommen. In den
1015 2494 2986 2677 Nachmittagstunden war sie bei mir gewesen.
1056 2690 2929 2852 Ich habe sie gebeten bei mir zu bleiben,
1023 2785 2911 2996 fürs ganze Leben. Mir schie als wäre sie
1028 2960 2942 3148 darüber erschrocken. Da hab ich gealnt...
1012 3140 2919 3308 morgen wollte sie wieder kommen, sie kam
1085 3259 2867 3455 schon heute. Ich bin zurück in den Gar
1033 3429 2870 3627 ten. Indess var es geschehen. Nun liegt
