3448 4232
2839 624 3029 796 104
1177 776 3112 1046 sehen & — das war alles. Und sie empfing
1181 955 3073 1127 mich freundlich, begrüsste mich, wie sie
1186 1127 3139 1285 jeden andern Herrn hätte begrüssen können,
1199 1275 3019 1459 der ihr neulich vorgestellt worden war.
1174 1425 3070 1631 Aber gleich nach den ersten Worten, ganz
1189 1567 3132 1732 ruhig, kühl beinahe, aber mit einer eigen¬
1191 1719 3169 1965 tümlichen Raschheit, etwa so, wie man et-
1194 1896 2994 2103 was Auswendtggelerntes vorträgt, sagte
1204 2039 3097 2252 sie mir alles. Der Knabe, den ich im Kon-
1194 2255 2989 2410 zert gesehen hatte, war mein Sohn. Die
1201 2402 2945 2562 Frau des Doktor Pflugfelder uurde sie
1206 2559 2987 2719 erst zwei Jahre nach der Geburt dieses
1194 2719 3078 2879 Kindes; er war damals Schiffsarzt und in
1194 2871 2982 3024 einem französtschen Küstenort, wo Hans
1194 3004 2893 3181 zur Welt kam, lernte sie ihn kennen.
1186 3169 3019 3328 Er kannte die Wahrheit, nur glaubte er,
1201 3326 3073 3493 dass der Vater des Kindes gestorben sei.
1199 3402 3056 3665 Das hatte sie ihm gesagt, da sie auf die
