3480 4248
2760 641 2936 853 141
842 833 2832 1036 Hans. Meine Mutter hat auf keines gehofft.
839 992 2810 1217 Plugf. Un d dass sie in diesem Augenblich
1031 1151 3117 1362 noch leben würde, statt draussen zu verwesen
1055 1324 2807 1502 .... dass wir heute, vielleicht noch
1031 1447 2933 1650 monatelang ihre Stimme hätten hören dür¬
1028 1606 2985 1774 fen - dass sie noch auf Erden atmen würde
1022 1776 2802 1938 mit uns in diesem Augenblick, wenn Du
1025 1935 2919 2108 diese Hand nicht geöffnet hättest.
1031 2100 2563 2272 das alles hast Du nicht bedacht!
822 2240 2848 2407 Hans. Ich hab es wohl bedacht, dennoch hab
1075 2423 1705 2585 ich es getan.
825 2571 3029 2695 Pflugf. Nein, nein ich kann es nicht verstehen
1022 2719 2906 2878 ich kann es nicht verstehen! - Und Ihr,
1012 2845 2834 3021 wenn ich Eure Blicke zu deuten vermag,
1017 3018 2763 3194 Ihr begreift es - Johanna auch Du?..
1012 3139 3029 3328 Ihr begreift, dass ein Sohn seine Mutter...
1014 3303 2917 3514 denn das ist es — das tst es — wir haben
1047 3506 2736 3660 nur das eine Wort!.... ich will es
1006 3649 2733 3810 nicht aussprechen, denn meine Lippen
