3496 4248
2724 693 2907 832 179
966 885 2673 1054 sind wir nicht gewesen. ich so
1005 1036 2727 1202 wenig als Sie. Egoisten! Nur bin ich
978 1205 2909 1412 etwas weniger wehletdig das ist der ganze
966 1371 1551 1500 Unterschted.
1015 1510 1600 1653 schweigt
783 1519 988 1634 Jul.
790 1627 2739 1766 Sala. Als wenn Sie das alles nicht gerade
1022 1805 2853 1980 so gut gewüsst hätten, als ich. Selbst¬
988 1963 2787 2102 erkenntnis ist eine Unbequemlichkeit,m
1034 2114 2992 2249 die unsereiner schon auf sich nehmen muss.
1019 2249 2970 2429 Andern mögen unsre Fehler und unsre Dum
988 2419 2722 2548 hetten verborgen bleiben - wir selber
1024 2561 2961 2707 wissen doch immer woran wir mit uns sind.
1102 2678 3017 2848 Vielleicht haben Sie Recht, vielleicht:
805 2724 963 2866 Jul
993 2875 2939 3022 Es gibt doch einen auf der Welt, der mich
993 3039 2827 3163 nicht büssen lassen darf, - selbst das,
995 3158 2817 3358 was ich gegen seine eigne Mutter gesind
1036 3334 2366 3502 digt. Leben Sie wohl, Sala.
807 3492 1636 3624 Sala. Sie wollen?
