3336 3912
1864 112 2559 346 ellant Nuhn
774 310 2724 573 des allen Umforz zu Frau, Tochter, Sohn.
593 504 2269 761 konnte die Frau-uhrglötzlicher Tod. -
557 646 2619 896 Macht dem Sohne, daß & nicht it alle B.
468 810 2559 1123 in Zulien toch oder trifft Anselben, so
491 1054 1166 1294 erfahr. —
435 1117 3086 1403 Sala, un Johanne; av ist eben se je nam. Ihnen kran
2372 1265 3024 1495 Jurter. Commer
339 1367 2342 1597 thos. - (ohne allicht eigentlich.) -
395 1548 2638 1805 sala sondert den gering reif, daß sogar nach hart
270 1772 2460 1963 entwach, ich mir jetzt bemeiten.
369 1871 2704 2148 julien; die Red über ihn. Auf Reisen, meld
257 2072 1413 2279 sein Leber singuebl. -
445 2207 2329 2434 lieb der Raal, Versprung für selben.
313 2404 2770 2612 Binfer mit eenige nicht ich f.... Man Gericht an
2464 2493 2968 2717 Tahikon
254 2536 2039 2760 ihn: - Es ne nicht da wohl haben.
471 2645 2325 2898 Ist Breits Heiligkeit mit! - Architehl! -
389 2704 3017 3053 Jederhalt hat ein für das eine geärkühlungen so sonst ziemal
415 2978 2365 3211 kant hat ein markner herzlich sei ihn
652 3096 2813 3370 & with him. Mr. Puhrant
428 3248 2872 3498 Ein Uebergeschon –  den Cap, der Johann sagte knt
464 3481 2467 3617 Sall ist zu in vorreifen. Sie bst er den Krank
428 3577 2385 3722 Orl d Ayl de Kaal.. Karl de Berenne
