4360 5576
2080 440 2480 695 - 25 -
1586 775 2432 987 Gilb: Mit Dir...
1583 934 3805 1075 Marg: Mit der Heldin nach den Canarischen In¬
1626 1101 2551 1266 seln auswandert....
1606 1158 3808 1402 Gilb: Canarische Inseln sind sehr fein! - Na,
1626 1407 2506 1572 ich bin neugierig!
1623 1546 3902 1717 Marg: Und ich sage Dir, Du selbst würdest nicht
1632 1720 3672 1927 erkennen, dass ich die Heldin bin, wenn...
1629 1893 2554 2054 Gilb: Nun, wenn...
1623 2023 3825 2156 Marg: Nun, wenn nicht im drittletzten Kapitel
1649 2159 3589 2327 unser ganzer Briefweehsel enthalten wäre!
1649 2352 2372 2497 Gilb: Was...?!
1643 2471 3924 2633 Marg: Ja, alle Briefe, die Du mir und alle, die
1663 2656 3919 2823 ich Dir geschrieben habe, sind in den Roman auf-
1651 2835 2111 2957 genommen.
1654 2914 3859 3087 Gilb: Ja, entschuldige, woher hattest Du denn
1666 3096 3493 3243 die Deinen an mich? Die hab' doch ich!
1654 3238 3859 3402 Marg: Ja, ich hatte sie mir doch früher immer
1680 3439 2222 3581 aufgesetzt!
1668 3604 2690 3734 Gilb: Aufgesetzt?...
1668 3757 2182 3927 Marg: Ja!
1668 3848 3833 4035 Gilb: Aufgesetzt...diese Briefe an micht Die
1745 4046 3938 4191 wie in zitternder Eile hingeworfen schienen?...
1708 4165 3981 4367 "Noch ein Wort, mein Geliebter, eh' ich schlafen
1683 4319 3870 4506 gehe! Mir fallen die Augen zu...“ - Und dann,
1700 4500 3987 4662 wenn Dir die Augen zugefallen waren, hast Du ihn
1708 4648 3572 4846 ins Reine geschrieben?... 0 pfui, pfni!
1677 4787 3950 5039 Marg: Nun, beklagst Du Dich vielleicht drüber?
