4376 5576
2324 529 2655 747 28 —
1769 892 3951 1118 geblich geliebt hast, drucken zu lassen!... Ah,
1787 1086 3933 1261 man sieht doch gleich, dass Du kein Gentleman
1775 1223 2065 1409 bist!
1758 1386 4015 1598 Gilb: Das find' ich aber einfach köstlich! Das
1821 1572 4064 1772 machst Du mir zum Vorwurf.... Du selbst, die die
1772 1702 2243 1882 meinen...
1769 1836 3001 2028 Marg: Ich bin eine Frau.
1775 1984 3576 2161 Gilb: Jetzt berufst Du Dich darauf...
1775 2147 4096 2315 Marg: Im übrigen, was hilft das Hin- x und Her¬
1778 2315 3826 2527 reden, es kommt darauf an, was zu thun ist!
488 2504 1316 2760 Rime mit een
1787 2510 4041 2687 Gilb: Was zu thun ist? Für mich liegt die Sache
1781 2620 3945 2818 ziemlich einfach: Es war längst meine Absicht.
520 2655 1450 2920 nen ich nach
1781 2795 3971 2995 den Kontinent zu verlassen..jawol, Sprach ich
549 2844 1490 3105 of. G. in
1769 2940 4079 3146 nicht schon in München davon? Meine ganze innere
1107 3033 1371 3262 d. d
549 3097 944 3315 sech.
1775 3088 3591 3291 Entwicklung drängt seit Langem danach.
1769 3262 3916 3471 Marg: Also auch feig? Im Stich lassen willst
639 3294 880 3483 S. R.
1778 3413 2199 3567 Du mich!
1781 3556 4105 3771 Gilb: Selbst wenn Du mit dieser Auffassung Recht
1787 3710 3878 3893 hättest... was willst Du eigentlich von mir?
1787 3858 4009 4070 Ich habe noch mancherlei in der Welt zu thun...
1781 4029 4111 4224 ich darf wol sagen, dass ich kaum das Recht habe,
1769 4177 3933 4375 mich hinmorden zu lassen...ja! Wenn ich mich
1775 4343 3922 4549 fertig fühlte... ja, mein Kind....das wär' was
1787 4488 3933 4709 Anderes...wenn mir nichts mehr einfiele, wenn
1787 4648 4035 4834 ich überflüssig wäre, dann... ade, schöne Welt!
1787 4796 3968 5037 Obwol ich es auch in solchen Fällen immer viel
