4104 5240
2162 520 2472 666 37 -
1589 846 3813 1059 muss...aber ich konnte nicht anders! Ich weiss,
1580 1028 3763 1258 dass ich jetzt nichts Bessers thun kann,
1595 1189 3791 1409 als mich ergebenst zu empfehlen und eine glück-
1592 1329 3200 1580 liche Reise zu wünschen. :Geht:
1601 1496 3900 1732 Marg: : zu ihm, an der Thüre: Ich danke Ihnen.
1601 1694 3785 1874 Gilb: Warum, Baronin? Dass ich ihn verbrannt
1605 1840 3776 2041 habe, ist eine Sache für sich, aber meine Ent-
1605 1970 3215 2181 rüstung war so echt wie möglich. -
1155 2181 3649 2497 Clemmitb  M de villef Unidlerin si
