4264 5624
1565 782 2105 950 mitschickt.
1547 884 3897 1111 Clem: Dem Szigeti darfst Du nicht Alles glauben.
1565 1150 3751 1350 Er verbreitet jetzt das Gerücht, dass Badegast
1571 1284 3646 1418 nicht mitgeht, damit die Odds länger werden.
1556 1442 3736 1577 Marg: So? Das ist ja beinah wie ein Geschäft.
1565 1616 3870 1720 Clem: Sehr richtig, mein Kind. Für Manche von...
1547 1750 3897 1875 na, bald hätt' ich gesagt: von uns ist es ja auch
1553 1878 3781 2117 was Aehnliches. Im übrigen kann man ihm für den
1535 2052 3276 2201 Krampen ruhig hundert zu eins legen.
1532 2210 3383 2338 Marg: Aber aussehen thut er wunderbar.
284 2249 1242 2538 En Th lais, cecil de
1532 2389 3312 2494 Clem: Den Badegast hast auch g'sehn?
257 2482 1027 2700 I was [illegible]
1535 2538 3778 2732 Marg: Freilich. Hat ihn nicht der Butters ge¬
1550 2676 1902 2783 ritten?
308 2664 1060 2962 "Undet jublie"
1529 2679 3712 2989 Clem: Nein, der Butters reit’t nicht für den
1520 2986 3924 3189 Szigeti. Das war ein Stallbursch. Im übrigen, wenn
1541 3150 3840 3333 er auch schön ausschaut, der Badegast, er is ein
1523 3282 3822 3413 Blender....Na, Margreth, bei Deinem Talent wirst
1523 3458 3796 3560 Du übrigens bald die wahren Grössen von den fal-
1523 3586 3754 3718 schen unterscheiden können. Es ist wirklich un-
1511 3772 3819 3873 glaublich, wie rasch Du Dich in alle diese Dinge
1508 3936 3852 4067 sozusagen eingearbeitet hast. Es übertrifft meine
1511 4037 2523 4175 kühnsten Erwartungen.
1508 4202 3796 4441 Marg: Aber Du weisst doch, dass mir diese Dinge
460 4178 1162 4378 sehr ärgerleiher.)
1499 4366 2565 4500 gar nicht so neu sind.
3613 4438 3915 4584 wede
1502 4539 3825 4736 Clem: lächelnd: Na, ich wüsste nicht -
1484 4665 3799 4880 in der Seidenfabrik von Deinem
257 4781 1263 5029 Yours much
1553 4871 3643 5059 ersten Mann, noch in Deiner Münchner Gesell-
1502 5008 3252 5163 schaft hast Du Gelegenheit gehabt....
514 4954 851 5130 Gebrit.
436 5301 684 5435 purn
