4312 5640
1715 850 3923 1020 Du wirst mir doch zugeben, dass ich an das Ge-
1735 1011 4023 1265 dichtenbuch, das Du g' schrieben hast, lieber ver-
1721 1168 2413 1335 gessen möchte.
1709 1303 3970 1534 Marg: Es giebt Frauen, die in meiner damaligen
1715 1472 4043 1642 Lage, in meiner Verlassenheit Schlimmertes gethan
1762 1615 3386 1808 hätten, als Gedichte zu schreiben.
1656 1855 3985 1978 Clem: Solche-solche... Darum handelt es sich!
1703 1946 3868 2179 Also ich kann Dir versichern, so oft ich's da
1700 2092 3993 2276 liegen seh' :Das Buch liegt auf dem Kaminsims:
1715 2334 4058 2466 — so oft ich nur dran denk', schäm' ich mich, dass
1703 2477 4014 2585 Du das Buch g’schrieben hast. :Er hat es in der
1697 2623 3903 2731 Hand und blättert drin; schüttelt manchmal den
1683 2723 2281 2869 Kopf dabei:
1691 2863 3970 3064 Marg: Aber Du weisst doch, dass ich nichts, ab-
365 2895 1551 3132 Die fehlt die des Maistereides
1697 3067 3844 3175 solut nichts von alledem erlebt habe, dass es
1688 3216 3067 3333 ausnahmslos Phantasieen sind.
1677 3380 3844 3485 Clem: Da muss ich halt fragen: wie kann eine
1677 3532 2688 3660 Dame so phantasiren?!
1668 3614 4014 3801 Marg: Es war vielleicht etwas mehr. :Auf einen
1668 3847 4002 3955 Blick von ihm:... Wünsche, wenn Du willst! Jetzt
1700 3926 4008 4134 :Zärtlich: brauch' ich freilich nichts mehr zu
1677 4093 2124 4274 wiinschen.
1671 4230 3923 4505 Clem: Du bist sehr liebenswürdig.  I:Er liest:
1931 4420 3745 4572 "An Deinem Halse häng' ich trunken....
1674 4554 3996 4770 Wie kann eine Dame nur sowas niederschreiben! Wie
1656 4794 3865 4890 kann eine Dame nur sowas drucken lassen Jeder
1648 4916 3903 5130 Mensch, der sowas liest, muss sich doch die Ver-
497 5287 879 5434 ium
