4360 5592
2232 521 2615 693 — 27 —
1763 883 3961 1122 :Blickt in seinen Roman:.... Ja, es ist so!
1763 1061 3877 1225 stehen ja genau dieselben Briefe in meinem
1737 1245 3840 1418 Roman wie in Deinem.... wörtlich! Und jeder
1783 1366 3549 1573 Mensch wird wissen - jeder Mensch....
1743 1530 2261 1706 Gilb: Ja!
2623 1608 2882 1743 gave
1734 1697 3926 1870 Marg: Das ist ja genau dasselbe, als wenn wir
1755 1803 3998 2031 der ganzen Welt erzählten, dass wir ein Verhält-
1757 2005 2638 2160 niss gehabt haben!
1746 2166 3515 2310 Gilb: Hast Du gar nichts gestrichen!
1746 2301 3141 2511 Marg: Nicht das Geringste.
1740 2482 3889 2632 Gilb: Auch diesen Brief nicht, den Du mir am
1740 2629 2974 2796 Morgen nachher schriebst?
1746 2776 3190 2951 Marg: Das war doch der beste!
1740 2940 3966 3069 Gilb: Ja, freilich...um den wär' schad gewesen!
1746 3092 4030 3236 Marg: Aber es ist je entsetzlich! Es ist ja ein
1757 3239 3883 3428 ungeheurer Skandal! Und mein Mann.... wenn er
1757 3380 3552 3546 auch Deinen Roman keineswegs liest....
1752 3523 2238 3722 Gilb: Na!
1740 3705 4024 3886 Marg: Er wird es erfahren, nachdem es die ganze
1752 3871 3869 4053 Welt erfährt! Ich bin ja verloren!... Und Du
1740 3986 4024 4217 nicht minder... Er wird Dich ja niederschiessen
1757 4199 2807 4323 wie einen tollen Hund!
1746 4286 3978 4484 Gilb: :steckt sein Buch ein: Abgeschmackter
1752 4475 2252 4680 Vergleich!
1734 4654 4033 4826 Marg: Aber wie konntest Du auf diese irrsinnige
1734 4806 4047 5010 Idee kommen?... Die Briefe einer Frau, die Du an-
