4312 5640
2276 621 2482 848 6
1713 930 3983 1198 fasserin vorstellen und den betreffenden Hals...
1707 1139 3862 1354 Marg: Wenn ich Dir aber wiederhole, dass ein
1722 1316 3150 1492 solcher Hals nie existirt hat!
1710 1475 4015 1643 Clem: Na, mein Trost is ja, dass ich mir's wirk-
2349 1560 2699 1666 denker
1701 1628 3942 1822 lich nicht vorstellen kann... Auf Deinen ersten
1690 1805 3936 1972 Mann können sich ja alle diese glühenden Liebes
1822 1946 3930 2117 gedichte nicht beziehen... und xxx EYld...
1693 2022 4006 2278 ...  Da hat dich doch nicht verslanden, wie die
427 2155 1593 2352 mir selbst erzählt hast.
1699 2246 4018 2452 Marg: Deswegen hab' ich mich ja von ihm scheiden
212 2314 1510 2523 Wie an ein nicht verstorben sey
1681 2411 3992 2596 lassen; Du weisst doch... Neben einem solche Men¬
1681 2552 3965 2744 schen, der einfach für nichts Sinn hatte als für
1681 2711 3948 2873 Essen und Trinken, hab' ich nicht existiren kön-
430 2688 1351 2929 [illegible] nach ihr habe
1687 2852 1963 2953 nen.
1669 3009 4030 3162 Clem: Ja, das is aber schon drei Jahre her...und
1681 3156 3948 3326 in den nächsten zwei Jahren hast Du dann die Ge-
1669 3291 2588 3435 dichte geschrieben.
1646 3462 3845 3659 Marg: Aber bedenke doch die Lage, in der ich
1663 3615 2258 3736 mich befand!
1660 3733 3959 3965 Clem: Wieso? Du hattest doch keine Entbehrungen
1663 3948 3845 4118 zu leiden. In dieser Hinsicht hat sich ja Dein
1651 4089 3877 4277 erster Mann - man muss es ihm lassen - sehr an-
1693 4239 3915 4427 ständig benommen! Du warst doch nicht drauf an¬
1648 4395 3827 4575 gewiesen, Dir Geld zu verdienen!.. ###nd wenn s'
1643 4569 3880 4754 Dir schon für ein Gedicht hundert Gulden geben
1622 4704 3839 4913 mehr zalen siedoch gewiss nicht! - Kein Mensch
1634 4884 3777 5063 hat Dich gezwungen, so ein Buch zu schreiben!
477 5299 751 5449 ium
