4312 5656
1768 904 2643 1126 einer andern Velt.
1724 1097 3959 1292 Clem: Hoff' ich. Und sehr dazugehörig hast Du,
1797 1295 3898 1432 Gott sei Dank, auch nicht ausgesehen... Nein,
1788 1453 3968 1605 wenn ich mich so erinnerg - diese Freundin von
1736 1573 3854 1756 Dir... eine Russin, glaub' ich, war's... aus-
1733 1765 3907 1891 g'schaut hat sie wie ein Student... mich hat's
1730 1902 3804 2069 nur gewundert, dass sie kein Kappel tragt...
1689 2057 3661 2209 Marg: Das war eine sehr begabte Malerin.
1710 2197 3907 2354 Clem: Ich weiss ja, in der Pinakothek hast Du
1710 2375 3988 2521 sie mir einmal gezeigt, da is sie auf der Leiter
1704 2497 4026 2693 g’standen.... Und dann dieser Kerl mit dem polni¬
1718 2664 2448 2810 schen Namen...
1686 2777 3043 2999 Marg: : beginnt: Przbr...
1680 2961 3810 3174 Clem: Bemüh' Dich nicht, Du hast's ja jetzt
1689 3130 4023 3273 nimmer notwendig. Der hat Dir einmal etwas vorge-
1689 3279 3901 3437 lesen, wie ich dabei war, ohne sich vor mir im
1742 3422 2903 3589 Geringsten zu geniren...
1663 3580 4003 3758 Marg: Das war ein grosses Talent, ich versichere
1678 3743 1905 3877 Dir.
1666 3874 3947 4087 Clem: Aber talentirt sein s' ja Alle im Kaffee-
356 3883 1336 4122 Dr Oulangshouik of
1663 4073 3956 4207 haus! - Na und dann, dieser Bengel, dies er uner-
344 4073 1330 4306 den ersten Schrieb zum Leben¬
1675 4204 3982 4367 trägliche, der einmal diese taktlosen Bemerkungen
551 4181 1424 4534 Schage über diese Klage
1657 4350 2990 4531 über den Adel gemacht hat...
706 4438 1015 4653 of: of
604 4458 1403 4808 compted als of
1643 4505 3603 4665 Marg: Gilbert, sicher meinst Du Gilbert!
1643 4677 3834 4843 Clem: Ja. Ich will ja gewiss nicht alle meine
543 4756 919 5024 ausser
1654 4834 3799 5006 Standesgenossen verteidigen, aber es ist doch
484 5214 735 5453 from
