4296 5656
1563 896 3860 1049 Marg: Liebster Cle, ich meine "Lage" auch nicht
1593 1076 3674 1215 in diesem äusserlichen Sinn, ich spreche von
1569 1169 3812 1413 meinem damaligen Seelenzustand.... Ach Gott, Du
1587 1377 3764 1563 hast ihn ja gekannt. Und da war's ja schon viel
1593 1524 3710 1717 besser, als Du mich kennen lerntest. Aber an-
1629 1617 3821 1876 fangs,- wie zerfahren, wie ratlos war ich! Denk
1569 1831 3752 2044 Dir: mit zweiundzwanzig Jahren als geschiedene
1569 1981 2348 2119 Frau dastehen...
1569 2059 3845 2264 Clem: Warum bist Du nicht ruhig in Wien geblie-
1587 2306 1795 2492 ben?
1563 2378 3923 2576 Marg: Weil ich mit meiner ganzen Familie ausein-
1587 2549 3842 2730 ander war und meine Situation eine falsche gewe-
1629 2700 3905 2952 sen wäre. Ah, glaube mir, Cle, das war schon das
1569 2871 3857 3075 Beste, dass ich nach Münschen gieng - sonst hätt
1569 3078 3154 3163 ich Dich ja nicht kennen gelernt!
1557 3175 3974 3403 Clem: Aber deswegen bist Du ja nicht hingefahren
1581 3364 3758 3475 Marg: Wer weiss, ob ich nicht deswegen hinge-
1569 3472 3764 3683 reist bin, ob nicht mein Schicksal mich hinge-
1569 3683 2086 3857 führt hat?
1581 3734 3848 3980 Clem: Bitt' Dich, solche Sachen red' nicht. Das
1581 3947 3863 4182 is gradso wie Deine Gedichte... Du bist einfach
1575 4092 3842 4338 nach München, weil Du in eine andere Stadt woll-
1575 4242 3376 4485 test, andere Menschen kennen lernen...
1563 4365 3869 4609 Marg: Ja, freilich, in andere Verhältnisse woll-
1575 4557 3818 4819 te ich, frei sein... ich meine: innerlich frei,
1569 4723 3806 4951 sehen, ob ich aus eigener Kraft weiterkäme, und
1563 4867 3755 5135 Du wirst mir zugestehen, es hatte ganz den An-
484 5222 728 5462 from
