4360 5640
1645 1437 3074 1721 Kleiner Salon. Ein Margareich
456 2254 1183 2451 M. irgend a
423 2417 913 2612 zudem.
600 2629 775 2733 by the
434 2713 1248 2939 fernt M Silbert
414 2888 1006 3046 2 Cle’.
1713 2930 3860 3156 Clemens auf dem Fauteuil vor dem Kamin, liest
1721 3136 3953 3316 eine Zeitung, raucht eineseligarette. Margarethe
1719 3308 3987 3491 geht hin und her, steht eine Weile beim Fenster,
1747 3460 3975 3626 scheint über etwas nachzudenken, bleibt endlich
1727 3643 3922 3770 hinter seinem Sessel stehen, streicht ihm über
1744 3773 3990 3936 die Haare. Sie scheint unruhig, wie unentschlos-
1738 3992 1969 4167 sen.
1758 4060 3990 4238 Clem: t:weiterlesend, fasst ihre Hand und küsst
1755 4221 4015 4460 sie mechanisch:  Horner ist seiner Sache sicher
1812 4345 4021 4593 oder vielmehr meiner Sache. :Liest: "Waterlo
1781 4480 4001 4787 fünf zu eins, Barometer zwanzig zu enne, Husser
1783 4643 3792 4852 sieben zu eins, Attila sechzehn zu ains...“
1750 4897 2925 5142 Marg: Sechzehn zu eins!
580 5303 817 5446 or
