4376 5576
2266 499 2568 669 26 —
1702 760 3877 930 Gilb: Ich hätt' es ahnen können! Ich muss ja
1708 933 4033 1095 noch froh sein, dass sie nicht einem Briefsteller
2548 1054 2876 1145 waren
555 989 1426 1224 Man fis a kanniss
1717 1083 4018 1253 entnommen ###nd!... Una - wie sagtest Du? -
561 1159 1426 1362 Mir lange digt kos
1720 1227 4041 1415 ein ganzes Kapitel enthält ausschliesslich unsere
575 1306 1418 1517 Wynheit zusammen
1726 1382 2101 1570 Briefe?
1714 1544 2319 1705 Marg: Alle
2028 1688 2219 1793 Sir.-
1726 1664 3956 1855 Gilb: Nun, nebstbei ist das eine sehr böse Ge-
1732 1878 2184 2034 schichte!
1732 1972 2609 2178 Marg: Warum denn?
1726 2128 3860 2310 Gilb: Varum?... :Auf seinen Roman deutend:
1746 2304 2812 2521 Da drin sind sie auch!
1746 2457 2307 2633 Marg: Wo?!
1746 2609 2847 2800 Gilb: In meinem Roman!
1738 2774 2862 2961 Marg: Was ist da drin?
1758 2944 3660 3123 Gilb: Unsere Briefe....Deine und meine!
1743 3055 3977 3275 Marg: Ja, wie hattest denn Du die Deinen? Die
1770 3231 4065 3413 hab' doch ich! Haft Du sie Dir vielleicht auch
1770 3419 4062 3560 aufgesetzt? Hattest Du das notwendig? Bei Deiner
1776 3566 2143 3745 Uebung!
1773 3645 4068 3956 Gilb: Aufgesetzt?... O nein! - Ich habe sie mir
1779 3857 4053 4024 nachher abgeschrieben, bevor ich sie an Dich ab-
1799 3995 4147 4191 sandte. - Ja, mein Kind, das war mein gutes Recht!
1793 4156 3945 4356 Ich wollte nicht, dass sie verloren gehen. Es
1796 4350 4044 4505 sind sogar eine geringe Anzahl drin, die Du nie
1805 4473 4091 4670 bekommen hast - die zu schön für Dich waren - um
1793 4623 3117 4802 die es mir leid gethan hat.
1799 4752 4156 5028 Marg: Ja, aber um Gotteswillen, wenn es so ist..
