<?xml version="1.0" encoding="UTF-8" standalone="yes"?>
<PcGts xmlns="http://schema.primaresearch.org/PAGE/gts/pagecontent/2013-07-15" xmlns:xsi="http://www.w3.org/2001/XMLSchema-instance" xsi:schemaLocation="http://schema.primaresearch.org/PAGE/gts/pagecontent/2013-07-15 http://schema.primaresearch.org/PAGE/gts/pagecontent/2013-07-15/pagecontent.xsd">
    <Metadata>
        <Creator>prov=READ-COOP:name=TrHtr:version=2.1.0:model_id=51170:date=28_07_2023_21:09</Creator>
        <Created>2023-05-10T11:55:13.570+02:00</Created>
        <LastChange>2023-07-28T21:09:40.681+02:00</LastChange>
        <TranskribusMetadata docId="1428176" pageId="55395942" pageNr="340" tsid="131377974" status="IN_PROGRESS" userId="64420" imgUrl="https://files.transkribus.eu/Get?id=QGLLZQLCTFLGRWZQFPNYNLQJ&amp;fileType=view" xmlUrl="https://files.transkribus.eu/Get?id=QRAMUZTRBKSBGBNDRRCSIQMZ" imageId="44670820"/>
    </Metadata>
    <Page imageFilename="1428176_0340.jpg" imageWidth="4376" imageHeight="5576">
        <ReadingOrder>
            <OrderedGroup id="ro_1711801732195" caption="Regions reading order">
                <RegionRefIndexed index="0" regionRef="tr_3"/>
                <RegionRefIndexed index="1" regionRef="tr_1"/>
                <RegionRefIndexed index="2" regionRef="tr_2"/>
            </OrderedGroup>
        </ReadingOrder>
        <TextRegion id="tr_3" custom="readingOrder {index:0;}">
            <Coords points="352,785 1361,785 1361,1627 352,1627"/>
            <TextLine id="tr_3_tl_1" custom="readingOrder {index:0;}">
                <Coords points="557,896 643,944 702,891 778,935 870,876 1321,891 1327,737 1268,743 1233,705 1082,790 876,711 734,746 563,693"/>
                <Baseline points="573,865 608,859 698,853 788,847 877,841 967,835 1056,835 1146,835 1235,835 1325,847"/>
                <TextEquiv>
                    <Unicode>(Hufen ein Fall)</Unicode>
                </TextEquiv>
            </TextLine>
            <TextLine id="tr_3_tl_2" custom="readingOrder {index:1;}">
                <Coords points="439,1079 498,1100 593,1050 702,1076 752,1047 820,1082 973,1008 1156,1011 1162,932 1085,914 1026,941 885,905 787,944 731,914 528,997 448,967"/>
                <Baseline points="459,1044 537,1038 626,1026 716,1020 805,1014 895,1008 985,1002 1074,996 1164,996"/>
                <TextEquiv>
                    <Unicode>gertlich eine</Unicode>
                </TextEquiv>
            </TextLine>
            <TextLine id="tr_3_tl_3" custom="readingOrder {index:2;}">
                <Coords points="454,1182 584,1174 661,1236 746,1182 829,1203 961,1156 1150,1212 1194,1171 1256,1197 1353,1159 1356,1106 1262,1112 1188,1062 1020,1041 808,1085 746,1044 604,1129 528,1091 457,1118"/>
                <Baseline points="471,1176 555,1176 644,1170 734,1164 823,1158 913,1158 1002,1158 1092,1152 1182,1158 1271,1158 1361,1152"/>
                <TextEquiv>
                    <Unicode>Une sollestuill, en</Unicode>
                </TextEquiv>
            </TextLine>
            <TextLine id="tr_3_tl_4" custom="readingOrder {index:3;}">
                <Coords points="419,1345 587,1333 684,1380 770,1353 837,1401 885,1377 958,1395 1003,1359 1132,1412 1174,1392 1174,1224 1123,1200 1023,1244 846,1194 666,1247 596,1244 525,1188 419,1253"/>
                <Baseline points="435,1319 525,1319 614,1319 704,1325 794,1325 883,1319 973,1325 1062,1319 1152,1319 1182,1325"/>
                <TextEquiv>
                    <Unicode>thür ich! Ich bin</Unicode>
                </TextEquiv>
            </TextLine>
            <TextLine id="tr_3_tl_5" custom="readingOrder {index:4;}">
                <Coords points="336,1516 557,1495 725,1519 808,1480 893,1504 1056,1460 1171,1489 1215,1483 1218,1398 1129,1410 994,1362 896,1424 826,1389 687,1407 649,1380 339,1421"/>
                <Baseline points="352,1504 417,1498 507,1486 597,1486 686,1486 776,1480 865,1480 955,1468 1044,1462 1134,1462 1223,1456"/>
                <TextEquiv>
                    <Unicode>sein Freiß. V ich</Unicode>
                </TextEquiv>
            </TextLine>
            <TextLine id="tr_3_tl_6" custom="readingOrder {index:5;}">
                <Coords points="460,1640 602,1684 678,1640 734,1660 784,1625 829,1637 829,1536 805,1527 746,1536 687,1498 622,1539 587,1542 551,1519 525,1533 460,1507"/>
                <Baseline points="477,1617 567,1617 656,1617 746,1617 835,1617"/>
                <TextEquiv>
                    <Unicode>tril it</Unicode>
                </TextEquiv>
            </TextLine>
        </TextRegion>
        <TextRegion id="tr_1" custom="readingOrder {index:1;}">
            <Coords points="1677,642 3999,642 3999,3108 1677,3108"/>
            <TextLine id="tr_1_tl_1" custom="readingOrder {index:0;}">
                <Coords points="2191,711 2259,737 2282,725 2338,743 2365,728 2412,734 2459,770 2495,764 2545,781 2539,607 2365,610 2297,634 2265,610 2232,625 2188,616"/>
                <Baseline points="2208,692 2298,704 2388,704 2477,704 2549,704"/>
                <TextEquiv>
                    <Unicode>23 —</Unicode>
                </TextEquiv>
            </TextLine>
            <TextLine id="tr_1_tl_2" custom="readingOrder {index:1;}">
                <Coords points="1660,1118 3895,1121 3942,944 1660,970"/>
                <Baseline points="1677,1086 1767,1092 1856,1086 1946,1086 2035,1086 2125,1092 2214,1086 2304,1086 2393,1086 2483,1086 2573,1086 2662,1086 2752,1080 2841,1086 2931,1086 3020,1086 3110,1086 3199,1086 3289,1086 3379,1086 3468,1092 3558,1086 3647,1086 3737,1086 3826,1092 3916,1098 3946,1104"/>
                <TextEquiv>
                    <Unicode>Innerste meiner Seele vor Unberufenen ausbreite,</Unicode>
                </TextEquiv>
            </TextLine>
            <TextLine id="tr_1_tl_3" custom="readingOrder {index:2;}">
                <Coords points="1666,1274 2961,1250 3373,1339 3993,1268 3993,1185 2489,1206 2029,1100 1666,1156"/>
                <Baseline points="1683,1247 1761,1247 1850,1247 1940,1247 2029,1247 2119,1247 2208,1247 2298,1247 2388,1241 2477,1241 2567,1241 2656,1241 2746,1241 2835,1241 2925,1241 3014,1247 3104,1241 3193,1241 3283,1241 3373,1247 3462,1241 3552,1241 3641,1241 3731,1241 3820,1241 3910,1241 3999,1241"/>
                <TextEquiv>
                    <Unicode>er will mich für sich allein haben... Und ich kann</Unicode>
                </TextEquiv>
            </TextLine>
            <TextLine id="tr_1_tl_4" custom="readingOrder {index:3;}">
                <Coords points="1678,1421 3842,1418 3842,1321 3214,1339 2754,1250 2521,1345 1678,1333"/>
                <Baseline points="1695,1402 1701,1396 1791,1402 1880,1402 1970,1402 2059,1402 2149,1402 2238,1396 2328,1396 2417,1396 2507,1396 2596,1396 2686,1396 2776,1396 2865,1396 2955,1396 3044,1396 3134,1396 3223,1396 3313,1396 3402,1396 3492,1391 3582,1396 3671,1396 3761,1396 3850,1385"/>
                <TextEquiv>
                    <Unicode>es ihm so gut nachfühlen, denn ich liebe ihn -</Unicode>
                </TextEquiv>
            </TextLine>
            <TextLine id="tr_1_tl_5" custom="readingOrder {index:4;}">
                <Coords points="1678,1575 3931,1575 3931,1492 3624,1451 2129,1522 1985,1433 1678,1421"/>
                <Baseline points="1695,1552 1785,1552 1874,1552 1964,1552 2053,1552 2143,1552 2232,1552 2322,1552 2411,1546 2501,1546 2590,1552 2680,1552 2770,1546 2859,1546 2949,1546 3038,1552 3128,1552 3217,1546 3307,1552 3396,1546 3486,1552 3576,1546 3665,1552 3755,1546 3844,1552 3934,1552"/>
                <TextEquiv>
                    <Unicode>ich liebe ihn - ich lieb ihn! Und darum ist er</Unicode>
                </TextEquiv>
            </TextLine>
            <TextLine id="tr_1_tl_6" custom="readingOrder {index:5;}">
                <Coords points="2341,1654 2374,1645 2400,1657 2421,1645 2456,1648 2471,1640 2489,1645 2509,1631 2524,1634 2527,1572 2503,1569 2489,1557 2453,1569 2439,1560 2415,1578 2394,1572 2374,1581 2344,1578"/>
                <Baseline points="2358,1635 2441,1629 2531,1629"/>
                <TextEquiv>
                    <Unicode>Cil</Unicode>
                </TextEquiv>
            </TextLine>
            <TextLine id="tr_1_tl_7" custom="readingOrder {index:6;}">
                <Coords points="1672,1749 3954,1737 3954,1642 2318,1672 2185,1589 1672,1572"/>
                <Baseline points="1689,1701 1779,1707 1868,1707 1958,1707 2047,1707 2137,1707 2226,1707 2316,1701 2405,1707 2495,1707 2585,1707 2674,1701 2764,1701 2853,1701 2943,1701 3032,1701 3122,1707 3211,1707 3301,1707 3390,1707 3480,1707 3570,1701 3659,1701 3749,1701 3838,1701 3928,1701 3958,1701"/>
                <TextEquiv>
                    <Unicode>fortgestürzt, weil ich ihm sagte, dass ich einen</Unicode>
                </TextEquiv>
            </TextLine>
            <TextLine id="tr_1_tl_8" custom="readingOrder {index:7;}">
                <Coords points="1660,1867 3878,1887 3878,1793 3771,1757 3456,1819 2893,1749 2501,1822 1660,1778"/>
                <Baseline points="1677,1862 1737,1862 1826,1862 1916,1862 2005,1862 2095,1862 2185,1862 2274,1862 2364,1862 2453,1862 2543,1856 2632,1856 2722,1856 2811,1856 2901,1856 2990,1856 3080,1862 3170,1862 3259,1856 3349,1856 3438,1862 3528,1862 3617,1856 3707,1856 3796,1856 3886,1856"/>
                <TextEquiv>
                    <Unicode>Roman geschrieben habe... Das heisst, gestürzt</Unicode>
                </TextEquiv>
            </TextLine>
            <TextLine id="tr_1_tl_9" custom="readingOrder {index:8;}">
                <Coords points="1666,2023 2226,2085 2447,2023 3294,2052 3294,1967 3152,1940 1666,1949"/>
                <Baseline points="1683,2017 1689,2017 1779,2017 1868,2011 1958,2017 2047,2017 2137,2017 2226,2017 2316,2017 2405,2011 2495,2011 2585,2011 2674,2011 2764,2011 2853,2005 2943,2005 3032,2011 3122,2011 3211,2011 3301,2011"/>
                <TextEquiv>
                    <Unicode>ist er nicht, denn Cle stürzt nie.</Unicode>
                </TextEquiv>
            </TextLine>
            <TextLine id="tr_1_tl_10" custom="readingOrder {index:9;}">
                <Coords points="1678,2259 2400,2173 3810,2206 3963,2170 3963,2097 2300,2117 1914,2032 1678,2100"/>
                <Baseline points="1695,2173 1731,2167 1820,2173 1910,2173 1999,2173 2089,2173 2179,2173 2268,2167 2358,2167 2447,2167 2537,2167 2626,2167 2716,2161 2805,2167 2895,2161 2985,2167 3074,2167 3164,2167 3253,2167 3343,2167 3432,2167 3522,2167 3611,2167 3701,2167 3790,2161 3880,2161 3970,2155"/>
                <TextEquiv>
                    <Unicode>Gilb: Das ist eine ganz feine psychologische Be-</Unicode>
                </TextEquiv>
            </TextLine>
            <TextLine id="tr_1_tl_11" custom="readingOrder {index:10;}">
                <Coords points="1660,2327 3078,2356 3149,2335 3149,2197 2742,2279 1660,2282"/>
                <Baseline points="1677,2322 1767,2322 1856,2328 1946,2322 2035,2322 2125,2322 2214,2322 2304,2322 2393,2322 2483,2322 2573,2322 2662,2322 2752,2316 2841,2316 2931,2316 3020,2322 3110,2322 3158,2322"/>
                <TextEquiv>
                    <Unicode>merkung - schreib' sie Dir auf!</Unicode>
                </TextEquiv>
            </TextLine>
            <TextLine id="tr_1_tl_12" custom="readingOrder {index:11;}">
                <Coords points="1666,2486 3951,2527 3886,2386 2601,2439 2442,2347 2097,2338 1943,2453 1669,2386"/>
                <Baseline points="1683,2483 1719,2477 1808,2483 1898,2483 1988,2483 2077,2483 2167,2477 2256,2477 2346,2477 2435,2477 2525,2477 2614,2477 2704,2477 2793,2477 2883,2477 2973,2477 3062,2477 3152,2477 3241,2477 3331,2477 3420,2477 3510,2477 3599,2471 3689,2477 3779,2471 3868,2477 3958,2477"/>
                <TextEquiv>
                    <Unicode>Marg: Also: er ist fortgegangen. Aber ich weiss</Unicode>
                </TextEquiv>
            </TextLine>
            <TextLine id="tr_1_tl_13" custom="readingOrder {index:12;}">
                <Coords points="1660,2642 3972,2666 3904,2565 1660,2580"/>
                <Baseline points="1677,2632 1767,2638 1856,2638 1946,2632 2035,2632 2125,2632 2214,2632 2304,2632 2393,2632 2483,2632 2573,2632 2662,2632 2752,2632 2841,2626 2931,2626 3020,2626 3110,2632 3199,2632 3289,2632 3379,2632 3468,2632 3558,2632 3647,2632 3737,2632 3826,2626 3916,2626 3976,2632"/>
                <TextEquiv>
                    <Unicode>nicht, was er über mich verfügen wird, er ist un-</Unicode>
                </TextEquiv>
            </TextLine>
            <TextLine id="tr_1_tl_14" custom="readingOrder {index:13;}">
                <Coords points="1678,2801 3595,2795 3760,2854 3889,2819 3889,2660 3482,2733 3055,2648 1678,2692"/>
                <Baseline points="1695,2788 1785,2788 1874,2782 1964,2788 2053,2782 2143,2782 2232,2788 2322,2782 2411,2788 2501,2788 2590,2788 2680,2782 2770,2782 2859,2782 2949,2782 3038,2782 3128,2788 3217,2788 3307,2788 3396,2782 3486,2782 3576,2782 3665,2782 3755,2782 3844,2782 3898,2788"/>
                <TextEquiv>
                    <Unicode>berechenbar; es ist auch möglich, dass er fort-</Unicode>
                </TextEquiv>
            </TextLine>
            <TextLine id="tr_1_tl_15" custom="readingOrder {index:14;}">
                <Coords points="1672,2969 3270,2966 3214,2875 1672,2872"/>
                <Baseline points="1689,2937 1779,2943 1868,2943 1958,2937 2047,2937 2137,2937 2226,2937 2316,2937 2405,2937 2495,2937 2585,2937 2674,2937 2764,2937 2853,2937 2943,2937 3032,2937 3122,2937 3211,2937 3277,2937"/>
                <TextEquiv>
                    <Unicode>reist und die Scheidung einleitet.</Unicode>
                </TextEquiv>
            </TextLine>
            <TextLine id="tr_1_tl_16" custom="readingOrder {index:15;}">
                <Coords points="1678,3108 2645,3102 2731,3146 3008,3108 3008,2984 2707,2949 2527,2990 1678,2975"/>
                <Baseline points="1695,3092 1761,3098 1850,3092 1940,3098 2029,3092 2119,3092 2208,3092 2298,3092 2388,3092 2477,3092 2567,3098 2656,3092 2746,3092 2835,3092 2925,3092 3014,3086"/>
                <TextEquiv>
                    <Unicode>Gilb: Wo ist denn das Zeug?</Unicode>
                </TextEquiv>
            </TextLine>
        </TextRegion>
        <TextRegion id="tr_2" custom="readingOrder {index:2;}">
            <Coords points="1659,3197 4041,3197 4041,4983 1659,4983"/>
            <TextLine id="tr_2_tl_1" custom="readingOrder {index:0;}">
                <Coords points="1654,3308 2161,3258 2772,3279 2775,3123 2312,3155 2108,3123 1967,3211 1654,3182"/>
                <Baseline points="1671,3253 1701,3253 1791,3253 1880,3253 1970,3259 2059,3253 2149,3253 2238,3247 2328,3247 2417,3247 2507,3253 2596,3247 2686,3247 2776,3247"/>
                <TextEquiv>
                    <Unicode>Marg: Vasfür ein Zeug?</Unicode>
                </TextEquiv>
            </TextLine>
            <TextLine id="tr_2_tl_2" custom="readingOrder {index:1;}">
                <Coords points="1660,3426 2014,3409 2191,3465 2265,3415 2483,3438 2748,3406 2748,3362 2651,3335 1934,3370 1660,3314"/>
                <Baseline points="1677,3408 1767,3408 1856,3408 1946,3414 2035,3408 2125,3408 2214,3408 2304,3408 2393,3408 2483,3408 2573,3408 2662,3402 2752,3408"/>
                <TextEquiv>
                    <Unicode>Gilb: Nd, Dein Roman!</Unicode>
                </TextEquiv>
            </TextLine>
            <TextLine id="tr_2_tl_3" custom="readingOrder {index:2;}">
                <Coords points="1642,3654 2247,3574 3937,3630 3993,3450 2851,3400 1964,3527 1642,3468"/>
                <Baseline points="1659,3564 1749,3564 1838,3570 1928,3570 2017,3570 2107,3564 2196,3564 2286,3558 2376,3558 2465,3558 2555,3564 2644,3564 2734,3564 2823,3564 2913,3564 3002,3558 3092,3558 3182,3558 3271,3558 3361,3558 3450,3558 3540,3558 3629,3558 3719,3558 3808,3558 3898,3564 3987,3564 3999,3564"/>
                <TextEquiv>
                    <Unicode>Marg: Ich hab' noch kein Exemplar - er erscheint</Unicode>
                </TextEquiv>
            </TextLine>
            <TextLine id="tr_2_tl_4" custom="readingOrder {index:3;}">
                <Coords points="1660,3760 1811,3757 1840,3736 1908,3763 1982,3757 2035,3777 2035,3656 1999,3674 1970,3659 1843,3665 1828,3651 1811,3668 1707,3671 1657,3648"/>
                <Baseline points="1677,3713 1767,3719 1856,3725 1946,3719 2035,3725 2041,3725"/>
                <TextEquiv>
                    <Unicode>morgen.</Unicode>
                </TextEquiv>
            </TextLine>
            <TextLine id="tr_2_tl_5" custom="readingOrder {index:4;}">
                <Coords points="1672,3886 3963,3904 3999,3727 1672,3763"/>
                <Baseline points="1689,3880 1779,3880 1868,3880 1958,3880 2047,3880 2137,3880 2226,3880 2316,3880 2405,3880 2495,3880 2585,3880 2674,3880 2764,3880 2853,3874 2943,3874 3032,3874 3122,3874 3211,3874 3301,3874 3390,3874 3480,3874 3570,3874 3659,3880 3749,3880 3838,3874 3928,3874 4005,3880"/>
                <TextEquiv>
                    <Unicode>Gilb: So?... Was istes denn eigentlich für eine</Unicode>
                </TextEquiv>
            </TextLine>
            <TextLine id="tr_2_tl_6" custom="readingOrder {index:5;}">
                <Coords points="1666,4063 1755,4087 1870,4037 1976,4063 2129,4040 2374,4055 2374,3910 2247,3925 2173,3889 1961,3884 1666,3901"/>
                <Baseline points="1683,4035 1755,4035 1844,4035 1934,4035 2023,4035 2113,4035 2202,4029 2292,4035 2382,4029"/>
                <TextEquiv>
                    <Unicode>Art von Roman?</Unicode>
                </TextEquiv>
            </TextLine>
            <TextLine id="tr_2_tl_7" custom="readingOrder {index:6;}">
                <Coords points="1660,4246 1970,4302 2170,4202 3766,4240 3766,4131 3317,4134 3173,4063 2725,4134 1952,4043 1660,4105"/>
                <Baseline points="1677,4190 1767,4190 1856,4190 1946,4190 2035,4190 2125,4190 2214,4190 2304,4190 2393,4190 2483,4190 2573,4190 2662,4190 2752,4190 2841,4184 2931,4184 3020,4184 3110,4184 3199,4184 3289,4184 3379,4184 3468,4184 3558,4184 3647,4184 3737,4190 3773,4196"/>
                <TextEquiv>
                    <Unicode>Marg: Ganz einfach der Roman meines Lebens.</Unicode>
                </TextEquiv>
            </TextLine>
            <TextLine id="tr_2_tl_8" custom="readingOrder {index:7;}">
                <Coords points="1660,4417 1943,4461 2164,4355 3040,4364 3058,4229 2613,4193 2412,4293 2173,4199 1970,4305 1660,4276"/>
                <Baseline points="1677,4352 1719,4346 1808,4352 1898,4346 1988,4346 2077,4346 2167,4346 2256,4346 2346,4346 2435,4346 2525,4346 2614,4346 2704,4346 2793,4346 2883,4340 2973,4346 3062,4346"/>
                <TextEquiv>
                    <Unicode>Gilb: Dichtung und Wahrheit!</Unicode>
                </TextEquiv>
            </TextLine>
            <TextLine id="tr_2_tl_9" custom="readingOrder {index:8;}">
                <Coords points="1660,4529 3827,4529 3916,4515 3916,4405 3642,4456 3052,4349 2161,4459 1660,4420"/>
                <Baseline points="1677,4507 1683,4501 1773,4501 1862,4507 1952,4507 2041,4507 2131,4501 2220,4501 2310,4501 2399,4501 2489,4501 2579,4501 2668,4501 2758,4501 2847,4501 2937,4501 3026,4501 3116,4495 3205,4495 3295,4501 3385,4501 3474,4501 3564,4501 3653,4507 3743,4501 3832,4501 3922,4501"/>
                <TextEquiv>
                    <Unicode>Marg: In gewissem Sinn. Meine Geschichte, aber</Unicode>
                </TextEquiv>
            </TextLine>
            <TextLine id="tr_2_tl_10" custom="readingOrder {index:9;}">
                <Coords points="1666,4680 3538,4659 4037,4745 3993,4574 2863,4612 2217,4509 1666,4609"/>
                <Baseline points="1683,4650 1773,4656 1862,4656 1952,4656 2041,4656 2131,4656 2220,4656 2310,4656 2399,4656 2489,4656 2579,4656 2668,4656 2758,4656 2847,4656 2937,4662 3026,4662 3116,4656 3205,4656 3295,4656 3385,4650 3474,4650 3564,4656 3653,4656 3743,4656 3832,4656 3922,4656 4011,4662 4041,4662"/>
                <TextEquiv>
                    <Unicode>verschleiert, so verhillt, dass Niemand ahnen kam</Unicode>
                </TextEquiv>
            </TextLine>
            <TextLine id="tr_2_tl_11" custom="readingOrder {index:10;}">
                <Coords points="1678,4842 2138,4821 2241,4862 2433,4815 2828,4845 2828,4742 2666,4742 2503,4671 1678,4694"/>
                <Baseline points="1695,4817 1785,4811 1874,4811 1964,4811 2053,4811 2143,4811 2232,4817 2322,4811 2411,4811 2501,4811 2590,4811 2680,4811 2770,4811 2835,4817"/>
                <TextEquiv>
                    <Unicode>es handelt sich um mich,</Unicode>
                </TextEquiv>
            </TextLine>
            <TextLine id="tr_2_tl_12" custom="readingOrder {index:11;}">
                <Coords points="1666,4986 3536,5010 3559,4833 1669,4865"/>
                <Baseline points="1683,4973 1773,4973 1862,4973 1952,4973 2041,4973 2131,4973 2220,4973 2310,4973 2399,4973 2489,4973 2579,4973 2668,4967 2758,4973 2847,4967 2937,4967 3026,4973 3116,4967 3205,4973 3295,4967 3385,4967 3474,4967 3564,4967"/>
                <TextEquiv>
                    <Unicode>Gilb: Na, wie hast Du denn das gemacht?</Unicode>
                </TextEquiv>
            </TextLine>
        </TextRegion>
    </Page>
</PcGts>
