4360 5384
367 1976 1485 2204 Ri Seren bis zu einem
378 2173 1442 2408 heftigen Zöse zu führen.
361 2348 1360 2568 fast til jure still
325 2549 1022 2684 Clervens kalt.
342 2619 1423 2814 kurjarett. Inträngst
2354 423 2656 598 33 —
1781 787 4008 994 teswillen, was ist denn geschehen?... Und diese
1792 943 3980 1180 steinerne Ruhe... Was wird er jetzt mit Ihnen
1787 1112 2055 1264 thun?
1787 1264 3932 1437 Gilb: Vielleicht wird er Auftrag geben, dass
1775 1425 3980 1634 man meine Sachen packt.... ich bin auf Alles
1778 1600 2202 1758 gefasst.
1770 1736 3579 1922 Clem:.: kommt herein und setzt sich:
1775 1900 3895 2069 Gilb: will ein Gespräch mit ihm beginnen:
1773 2072 2314 2221 Herr Baron
2343 2978 2800 3105 :Pause:
1781 3116 2950 3294 Marg: Clemens! Clemens!
1792 3271 3181 3463 Clem: Wir sind nicht allein.
1761 3441 4031 3621 Marg: Clemens! :Sinkt auf die Kniee vor ihm:
1781 3599 3669 3774 Clem: Aber... :Aufs Höchste erstaunt:
1761 3779 3712 3935 Marg: Clemens - Clemens - verzeih' mir!
1775 3887 3937 4064 Clem: Ja, aber Kind, was fällt Dir denn ein?
1781 4064 4011 4234 Es ist ja schon Alles in Ordnung.... Bitte sehr
1787 4191 3991 4375 um Entschuldigung, Herr Gilbert, dass Sie genö-
1781 4386 3520 4536 tigt sind, dieser Szene beizuwohnen.
1781 4502 3841 4714 Gilb: Er bittet mich um Entschuldigung...?
1773 4671 3940 4894 Clem: So steh' doch auf, Margarethe! Ich sag
