4184 5352
2081 398 2427 570 36 —
1543 759 3711 915 Schüttelt den Kopf. Nach einiger Zeit:
1566 942 2834 1131 :Er räuft sich die Haare:
1566 1038 3450 1253 Clem: Was haben Sie denn, Herr Gilbert?
1546 1250 2534 1418 Marg: Herr Gilbert!
1526 1369 3740 1569 Gilb: Frau Baronin, ich wette, Sie halten das
1607 1546 2206 1723 für Deutsch!
1549 1677 2456 1872 Marg: Allerdings!
1572 1822 3653 1988 Gilb: Sie irren sich, Frau Baronin: das ist
1578 1985 3836 2197 tscherkessisch, kaukasisch, chinesisch, wenn Sie
1581 2156 3903 2313 wollen!.... Herr Baron, die ganze Welt wird Ihnen
1575 2313 3784 2467 die Hand schütteln, dass Sie ihn haben einstam-
1578 2456 3822 2636 pfen lassen! :Er scheint immer aufgeregter zu
1578 2621 3801 2775 werden: Und dieser Vergleich... das soll wol
1578 2775 2558 2944 Poesie sein...haha!
1584 2912 3723 3066 Marg: Beruhigen Sie sich doch, Herr Gilbert!
1575 3052 3851 3278 Gilb: Beruhigen? Wünschen Sies? Ich frage Sie:
1584 3278 2377 3415 wünschen Sie es?
1601 3377 3037 3549 Marg: Gewiss wünsch' ich das!
1607 3519 3877 3685 Gilb: Wirft das Buch in den Kamin: So, jetzt
1601 3729 3243 3906 bin ich es... da gehört er hinein!
1601 3845 3929 4037 Marg: Was thun Sie? :Sie eilt zum Kamin, nimmt
1607 4034 3720 4159 die Feuerzange, als wenn sie das Buch retten
1607 4197 3801 4327 wollte, stösst es dabei aber noch mehr hinein.
1645 4307 3889 4487 Laut: Sie sind einfach neidisch, mein Lieber!
1625 4429 3961 4662 Clem: Ja, als Unbetheiligter hab' ich eigentlich
1633 4627 2508 4787 auch den Eindruck.
1610 4795 3947 5005 Gilb: Ich fühle wol, dass ich mich entschuldigen
