4312 5640
2214 562 2515 760 11 -
1608 813 3794 1078 Marg: Mein Schatz, auch die Brautzeit war in
1655 1055 3735 1250 ihrer Art so schön als möglich. :Umarmung:
1643 1195 3403 1367 An Deinem Halse häng' ich trunken....
1643 1300 3966 1530 Clem:.:unzufrieden: Bitt' Dich - nicht! Damit
1655 1501 3680 1681 kannst Du mir die schönsten Stunden stören.
1643 1664 3849 1809 Marg: Sag' Du wärst wirklich gar nicht stolz,
379 1640 1495 1853 hebliger: das bezweif ich nicht
1661 1824 3683 1990 wenn Deine Frau eine grosse Dichterin wäre?
420 1809 1247 1964 das fehlt mir an die
347 1935 1381 2171 Auf diese sollte es in Jahr
1655 1976 3797 2156 Clem: Ich hab' Dir schon g'sagt: meinetwegen
1655 2130 3867 2293 halt' mich für bornirt in dieser Hinsicht, aber
1652 2305 3858 2474 ich versicher' Dir, wenn Du heute anfiengst Ge¬
1655 2410 3977 2614 dichte zu schreiben oder siegar drucken liessest.
1675 2582 3966 2710 in denen Du mich anschwärmst, und der ganzen Welt
1675 2681 3989 2908 von unserm Liebesglück erzähltest - auf und davon
1649 2899 3992 3083 gien ich Dir! Auf der Stelle liess' ich mich von
1649 3039 3744 3226 Dir scheiden! Nicht wie mit & Jaren
1638 3185 3945 3406 Marg: Und das sagt ein Mensch, der Dutzende von
1661 3342 3581 3511 stadtbekannten Verhältnissen gehabt hat!
1640 3473 3875 3706 Clem: Mein Schatz - Stadtbekannt hin, stadtbe-
1705 3619 3872 3829 kannt her... ich hab's Niemandem erzählt, ich
1667 3791 3936 3989 hab' s nicht ausgeplauscht, und gewiss hab' ich's
1675 3969 3875 4149 nicht Brucken lassen, wenn mir Eine trunken am
1655 4103 3954 4301 Hals gehängt ist - und Jeder kann sich's kaufen,
1710 4272 3881 4464 darauf kommt's an. Ich weiss ja, dass es Leute
1661 4458 3878 4621 giebt, diedavon leben, aber ich find's im höch-
1667 4592 3849 4752 sten Grade unfein. Ich sag' Dir, mir kommt das
1675 4752 3773 4933 ärger vor, als wenn sich Eine in Tricots als
1649 4898 3834 5108 griechische statue beim Ronacher hinausstellt.
478 5189 935 5455 am
