4296 5656
2263 582 2552 758 12 -
1687 839 3921 1071 So eine griechische statue sagt doch nicht mau,
1696 1042 3912 1233 aber was so ein Dichter Alles erzählt, das geht
1707 1212 2344 1389 Tiber'n Spass!
1702 1360 4005 1522 Marg: immer unruhiger: Liebster, Du vergisst
1710 1511 4022 1707 nur, dass der Dichter ja nicht immer die Wahrheit
1757 1730 2150 1872 sagt....
1707 1809 3924 2040 Clem: Na, und wenn er aufschneid’t, is's viel-
1713 2029 2454 2185 leicht schöner?
1759 2107 3999 2347 Marg: Nicht so mein' ich's! Wir schneiden nicht
1733 2295 2737 2483 auf - wir stylisiren!
1736 2474 3840 2613 Clem: Was is das schon wieder für ein Wort!
1733 2619 4040 2764 Marg: Oder wir erzählen Dinge, die wir überhaupt
1739 2758 4063 2946 nie erlebt, die wir nur geträumt, dis wir einfach
1762 2923 2486 3082 erfunden haben.
1733 3067 3967 3227 Clem: Ich bitt' Dich, mein lieber Scha 2, sag'
1765 3235 4069 3415 doch nicht immer: wir! Du gehörst jetzt, Gott sei
1762 3397 2633 3568 Dank, nimmer dazu.
1757 3548 2607 3716 Marg: Wer weiss!
1754 3675 2842 3924 Clem: Was heisst das?
1757 3820 3713 4028 Marg: Clemens, ich muss es Dir sagen...
1768 3996 3169 4184 Clem: Nun, was giebt's denn?
1762 4135 3834 4335 Marg: Ich gehöre dazu, ich bin eine
2610 4274 3195 4393 in der letzten seit
1777 4300 3907 4508 Künstlerin, tich habe einen Roman geschrieben.
1771 4456 3472 4642 Clem: Das ist doch wol ein Scherz?
1788 4601 3982 4807 Marg: Nein, es ist wahr.-Ich hatte zu viel zu
414 4644 967 4940 slarkes.
1785 4783 4063 4980 sagen! Ah, wenn Du das nur begreifen könntest!
422 4821 1351 5061 dass die da wil
1797 4928 4040 5122 Clem: Liebes Kind, ich bitt' Dich, stell' mich
443 5009 943 5200 verslebr.
535 5079 1346 5345 Sarce geht  pied
