4392 5576
2300 609 2624 759 24 -
1721 874 4080 1103 Marg: Das will ich Dir gleich erklären. Also die
1797 1079 4118 1250 Heldin ist keine Dichterin, sondern eine Malerin.
1753 1221 3068 1397 Gilb: Das ist sehr schlau.
1732 1359 4097 1565 Marg: Ihr erster Mann ist kein Bankier, er ist xxx
1768 1544 4044 1744 nur ein grosser Fabrikant, sie betrügt ihn nicht
1750 1703 2668 1879 mit einem Tenor....
1762 1865 4077 2018 Gulb: Haha- Also Du hast ihn mit einem Tenor be-
1815 2009 2179 2188 trogen?
1738 2162 2741 2362 Marg: Ver sagt das?
1753 2274 2762 2518 Gilb: Na. Du selbst!
1744 2462 4080 2653 Marg: Ach Unsinn! ich habe gar nichts gesagt!...
1744 2615 3918 2803 Kurz und gut: sie betrugt ihn nicht mit einem
1803 2791 3506 2982 Tenor, sondern mit einem Bariton....
1732 2941 3365 3147 Gilb: Mezzo-Sopran wäre pikanter.
1738 3124 4047 3262 Marg: Dann geht sie nicht nach München, sondern
1750 3250 4044 3409 nach Berlin... und dort ist x ihr Geliebter kein
1750 3409 3694 3565 Dichter, sondern ein junger Bildhauer....
1382 3397 1597 3612 Abz.
609 3450 1294 3724 Uhr. stürmisch.
1762 3562 3630 3732 Gilb: Das bin also ich - verschleiert!
1762 3715 4032 3909 Marg: Ja...sehr verschleiert! - Und ihr zweiter
376 3856 1638 4106 & Gilbert Ein. Jocken?
1756 3900 4077 4038 Mann ist kein Baron, sondern... Das musst Du er-
562 3985 1553 4282 leargarethe. Iilist
1753 4035 2229 4206 raten! +
824 4165 1644 4350 Scherachsinis
1768 4138 3565 4350 Gilb: Ein Graf, X - ein Fürst.
1738 4330 3150 4521 Marg: Nein, - ein Erzherzog!
1738 4497 3915 4668 Gilb: Ich gratulire - Du hast wirklich keine
1756 4641 2547 4847 Kosten gescheut!
1738 4768 3956 4965 Marg: Ja, ein Erzherzog, der deswegen den Hof
1768 4927 3621 5165 verlassen muss und mit seiner Frau....
