<?xml version="1.0" encoding="UTF-8" standalone="yes"?>
<PcGts xmlns="http://schema.primaresearch.org/PAGE/gts/pagecontent/2013-07-15" xmlns:xsi="http://www.w3.org/2001/XMLSchema-instance" xsi:schemaLocation="http://schema.primaresearch.org/PAGE/gts/pagecontent/2013-07-15 http://schema.primaresearch.org/PAGE/gts/pagecontent/2013-07-15/pagecontent.xsd">
    <Metadata>
        <Creator>prov=READ-COOP:name=TrHtr:version=2.1.0:model_id=51170:date=28_07_2023_21:09</Creator>
        <Created>2023-05-10T11:55:10.205+02:00</Created>
        <LastChange>2023-07-28T21:09:35.431+02:00</LastChange>
        <TranskribusMetadata docId="1428176" pageId="55395843" pageNr="321" tsid="131377955" status="IN_PROGRESS" userId="64420" imgUrl="https://files.transkribus.eu/Get?id=CVKFVYZXTICHCJDQRZTZYGLF&amp;fileType=view" xmlUrl="https://files.transkribus.eu/Get?id=OMBAHVLOBORJCGVRWOSWMAVF" imageId="44670721"/>
    </Metadata>
    <Page imageFilename="1428176_0321.jpg" imageWidth="4312" imageHeight="5656">
        <ReadingOrder>
            <OrderedGroup id="ro_1711801706047" caption="Regions reading order">
                <RegionRefIndexed index="0" regionRef="tr_1"/>
                <RegionRefIndexed index="1" regionRef="tr_2"/>
            </OrderedGroup>
        </ReadingOrder>
        <TextRegion id="tr_1" custom="readingOrder {index:0;}">
            <Coords points="1706,928 4033,928 4033,3160 1706,3160"/>
            <TextLine id="tr_1_tl_1" custom="readingOrder {index:0;}">
                <Coords points="1689,1032 3982,1038 3982,859 1689,941"/>
                <Baseline points="1706,990 1754,990 1843,990 1933,990 2022,990 2112,990 2201,990 2291,990 2380,990 2470,990 2559,990 2649,990 2738,990 2828,990 2917,990 3006,990 3096,990 3185,984 3275,984 3364,990 3454,990 3543,984 3633,984 3722,984 3812,984 3901,978 3991,984"/>
                <TextEquiv>
                    <Unicode>Leut' drunter. Du darfst auch nicht glauben, mein</Unicode>
                </TextEquiv>
            </TextLine>
            <TextLine id="tr_1_tl_2" custom="readingOrder {index:1;}">
                <Coords points="1713,1226 2194,1164 3850,1185 3850,1076 3780,1064 1713,1053"/>
                <Baseline points="1730,1145 1795,1151 1885,1145 1974,1145 2064,1151 2153,1145 2243,1145 2332,1145 2422,1145 2511,1145 2601,1145 2690,1145 2780,1145 2869,1139 2959,1139 3048,1139 3138,1145 3227,1139 3317,1139 3406,1139 3496,1139 3585,1139 3675,1139 3764,1139 3854,1139"/>
                <TextEquiv>
                    <Unicode>Schatz, dass ich mich über alle Menschen, die</Unicode>
                </TextEquiv>
            </TextLine>
            <TextLine id="tr_1_tl_3" custom="readingOrder {index:2;}">
                <Coords points="1718,1305 2237,1378 2516,1305 3959,1346 3959,1199 3666,1164 3050,1252 1718,1229"/>
                <Baseline points="1736,1300 1819,1300 1909,1300 1998,1294 2088,1300 2177,1294 2267,1294 2356,1294 2446,1294 2535,1294 2625,1294 2714,1294 2804,1300 2893,1300 2983,1294 3072,1294 3162,1294 3251,1294 3341,1294 3430,1294 3520,1294 3609,1294 3699,1300 3788,1294 3878,1294 3967,1288"/>
                <TextEquiv>
                    <Unicode>schlecht angezogen sind, erhaben fühle: es liegt</Unicode>
                </TextEquiv>
            </TextLine>
            <TextLine id="tr_1_tl_4" custom="readingOrder {index:3;}">
                <Coords points="1713,1522 3997,1466 3997,1384 3525,1343 3053,1399 2959,1320 2566,1405 1713,1311"/>
                <Baseline points="1730,1461 1766,1455 1855,1455 1944,1455 2034,1449 2123,1449 2213,1449 2302,1455 2392,1455 2481,1449 2571,1449 2660,1449 2750,1449 2839,1455 2929,1449 3018,1449 3108,1449 3197,1449 3287,1449 3376,1449 3466,1449 3555,1449 3645,1449 3734,1449 3824,1443 3913,1437 4003,1437"/>
                <TextEquiv>
                    <Unicode>auch nicht allein daran: Aber in ihrem ganzen Be-</Unicode>
                </TextEquiv>
            </TextLine>
            <TextLine id="tr_1_tl_5" custom="readingOrder {index:4;}">
                <Coords points="1701,1616 3930,1692 3930,1501 3865,1493 3713,1554 3205,1481 2762,1563 1701,1516"/>
                <Baseline points="1718,1604 1807,1604 1897,1604 1986,1604 2076,1604 2165,1604 2255,1604 2344,1610 2434,1610 2523,1610 2613,1604 2702,1604 2792,1604 2881,1604 2971,1604 3060,1604 3150,1604 3239,1604 3329,1604 3418,1604 3508,1604 3597,1604 3687,1604 3776,1604 3866,1598 3937,1604"/>
                <TextEquiv>
                    <Unicode>nehmen is was, das man doch auf die Dauer nicht</Unicode>
                </TextEquiv>
            </TextLine>
            <TextLine id="tr_1_tl_6" custom="readingOrder {index:5;}">
                <Coords points="1718,1824 1812,1801 1871,1815 1950,1777 2349,1824 2396,1803 2396,1683 2358,1677 2314,1710 2235,1677 2144,1710 2003,1689 1930,1707 1874,1677 1718,1698"/>
                <Baseline points="1736,1754 1825,1760 1915,1760 2004,1760 2094,1760 2183,1760 2273,1760 2362,1760 2404,1760"/>
                <TextEquiv>
                    <Unicode>ertragen kann.</Unicode>
                </TextEquiv>
            </TextLine>
            <TextLine id="tr_1_tl_7" custom="readingOrder {index:6;}">
                <Coords points="1713,2000 2349,1927 3009,1971 3185,1935 3185,1809 2856,1865 2683,1815 2548,1853 2437,1789 2235,1859 1815,1798 1713,1830"/>
                <Baseline points="1730,1921 1760,1915 1849,1915 1939,1915 2028,1915 2118,1915 2207,1915 2297,1915 2386,1915 2475,1915 2565,1915 2654,1915 2744,1915 2833,1915 2923,1915 3012,1915 3102,1915 3191,1915"/>
                <TextEquiv>
                    <Unicode>Marg: Wie kannst Du das sagen!</Unicode>
                </TextEquiv>
            </TextLine>
            <TextLine id="tr_1_tl_8" custom="readingOrder {index:7;}">
                <Coords points="1713,2082 3959,2132 3959,1985 3686,1947 3138,2020 1713,2000"/>
                <Baseline points="1730,2070 1819,2070 1909,2070 1998,2070 2088,2070 2177,2070 2267,2070 2356,2070 2446,2070 2535,2070 2625,2070 2714,2070 2804,2070 2893,2070 2983,2070 3072,2070 3162,2070 3251,2070 3341,2070 3430,2070 3520,2064 3609,2064 3699,2070 3788,2064 3878,2070 3967,2070"/>
                <TextEquiv>
                    <Unicode>Clem: Na, sei nur nicht beleidigt! Ich hab's ja</Unicode>
                </TextEquiv>
            </TextLine>
            <TextLine id="tr_1_tl_9" custom="readingOrder {index:8;}">
                <Coords points="1713,2264 3918,2267 3941,2164 1713,2182"/>
                <Baseline points="1730,2225 1819,2225 1909,2225 1998,2219 2088,2225 2177,2225 2267,2225 2356,2225 2446,2225 2535,2225 2625,2225 2714,2225 2804,2225 2893,2225 2983,2225 3072,2225 3162,2225 3251,2219 3341,2219 3430,2219 3520,2219 3609,2213 3699,2219 3788,2219 3878,2219 3943,2225"/>
                <TextEquiv>
                    <Unicode>schon g'sagt: es sind Viele sehr talentvoll und</Unicode>
                </TextEquiv>
            </TextLine>
            <TextLine id="tr_1_tl_10" custom="readingOrder {index:9;}">
                <Coords points="1718,2425 4009,2443 4009,2320 3891,2305 1718,2331"/>
                <Baseline points="1736,2374 1825,2380 1915,2380 2004,2380 2094,2380 2183,2380 2273,2380 2362,2380 2452,2380 2541,2380 2631,2380 2720,2380 2810,2374 2899,2374 2989,2380 3078,2380 3168,2380 3257,2380 3347,2380 3436,2380 3526,2380 3615,2374 3705,2380 3794,2380 3884,2374 3973,2380 4015,2386"/>
                <TextEquiv>
                    <Unicode>witzig und amüsant, aber wie sich eine Dame unter</Unicode>
                </TextEquiv>
            </TextLine>
            <TextLine id="tr_1_tl_11" custom="readingOrder {index:10;}">
                <Coords points="1701,2575 3202,2610 3369,2548 4029,2648 4029,2431 3862,2405 3704,2484 1701,2484"/>
                <Baseline points="1718,2535 1807,2535 1897,2535 1986,2535 2076,2535 2165,2535 2255,2535 2344,2535 2434,2535 2523,2535 2613,2535 2702,2535 2792,2535 2881,2535 2971,2535 3060,2535 3150,2535 3239,2535 3329,2529 3418,2535 3508,2529 3597,2535 3687,2535 3776,2529 3866,2529 3955,2529 4033,2535"/>
                <TextEquiv>
                    <Unicode>der Sorte wohl fühlen kann, das werd' ich nie und</Unicode>
                </TextEquiv>
            </TextLine>
            <TextLine id="tr_1_tl_12" custom="readingOrder {index:11;}">
                <Coords points="1701,2751 1915,2742 2012,2701 2501,2710 2522,2625 1701,2630"/>
                <Baseline points="1718,2696 1807,2696 1897,2696 1986,2690 2076,2696 2165,2690 2255,2690 2344,2690 2434,2696 2523,2696 2529,2696"/>
                <TextEquiv>
                    <Unicode>nimmer begreifen.</Unicode>
                </TextEquiv>
            </TextLine>
            <TextLine id="tr_1_tl_13" custom="readingOrder {index:12;}">
                <Coords points="1938,2789 1997,2783 2015,2803 2070,2786 2126,2803 2176,2783 2240,2786 2258,2801 2349,2786 2352,2713 2296,2695 2185,2718 1944,2707"/>
                <Baseline points="1956,2780 1998,2780 2088,2780 2177,2768 2267,2768 2356,2768"/>
                <TextEquiv>
                    <Unicode>zögernd</Unicode>
                </TextEquiv>
            </TextLine>
            <TextLine id="tr_1_tl_14" custom="readingOrder {index:13;}">
                <Coords points="1701,2897 3900,2891 4003,2847 4003,2721 2786,2707 2129,2806 1701,2751"/>
                <Baseline points="1718,2851 1771,2845 1861,2845 1950,2845 2040,2845 2129,2839 2219,2839 2308,2845 2398,2845 2487,2845 2577,2839 2666,2839 2756,2839 2845,2839 2935,2839 3024,2839 3114,2839 3203,2839 3293,2839 3382,2839 3472,2839 3561,2839 3651,2839 3740,2839 3830,2833 3919,2833 4009,2833"/>
                <TextEquiv>
                    <Unicode>Marg: Du vergisst, mein Liebster, dass im gewis-</Unicode>
                </TextEquiv>
            </TextLine>
            <TextLine id="tr_1_tl_15" custom="readingOrder {index:14;}">
                <Coords points="2645,2941 2686,2947 2724,2935 2736,2944 2754,2941 2765,2930 2792,2938 2862,2930 2862,2868 2847,2868 2827,2889 2792,2897 2736,2874 2704,2880 2666,2856 2645,2862"/>
                <Baseline points="2660,2929 2690,2923 2780,2917 2869,2923"/>
                <TextEquiv>
                    <Unicode>and</Unicode>
                </TextEquiv>
            </TextLine>
            <TextLine id="tr_1_tl_16" custom="readingOrder {index:15;}">
                <Coords points="1754,3044 2944,3085 3229,3000 3337,3085 3669,3085 3833,3026 3833,2883 2997,2862 2686,2947 1754,2897"/>
                <Baseline points="1771,2995 1777,2989 1867,2989 1956,2989 2046,2989 2135,2989 2225,2989 2314,2989 2404,2989 2493,2989 2583,2989 2672,2989 2762,2989 2851,2989 2941,2989 3030,2983 3120,2983 3209,2983 3299,2983 3388,2983 3478,2983 3567,2983 3657,2983 3746,2983 3836,2983"/>
                <TextEquiv>
                    <Unicode>sen Sinn eben doch zu der Sorte gehört hab'.</Unicode>
                </TextEquiv>
            </TextLine>
            <TextLine id="tr_1_tl_17" custom="readingOrder {index:16;}">
                <Coords points="1707,3170 3853,3188 3965,3161 3965,3073 1707,3079"/>
                <Baseline points="1724,3150 1736,3144 1825,3144 1915,3144 2004,3144 2094,3144 2183,3144 2273,3144 2362,3144 2452,3144 2541,3144 2631,3144 2720,3144 2810,3144 2899,3144 2989,3144 3078,3138 3168,3138 3257,3138 3347,3144 3436,3144 3526,3138 3615,3144 3705,3144 3794,3144 3884,3138 3973,3144"/>
                <TextEquiv>
                    <Unicode>Clem: Margreth, wie kannst Du denn sowas sagen!</Unicode>
                </TextEquiv>
            </TextLine>
        </TextRegion>
        <TextRegion id="tr_2" custom="readingOrder {index:1;}">
            <Coords points="525,3243 4063,3243 4063,5433 525,5433"/>
            <TextLine id="tr_2_tl_1" custom="readingOrder {index:0;}">
                <Coords points="1698,3384 2569,3311 3865,3340 3900,3199 1701,3211"/>
                <Baseline points="1718,3305 1760,3299 1849,3299 1939,3305 2028,3305 2118,3299 2207,3299 2297,3299 2386,3299 2475,3299 2565,3299 2654,3299 2744,3299 2833,3299 2923,3299 3012,3299 3102,3299 3191,3299 3281,3293 3370,3293 3460,3299 3549,3293 3639,3293 3728,3293 3818,3293 3907,3299"/>
                <TextEquiv>
                    <Unicode>Marg: Es waren Künstler und Kunstlerinnen. Und</Unicode>
                </TextEquiv>
            </TextLine>
            <TextLine id="tr_2_tl_2" custom="readingOrder {index:1;}">
                <Coords points="1713,3478 1783,3472 1809,3487 1845,3469 1862,3481 1889,3469 1912,3481 1930,3466 1953,3472 1965,3463 1994,3490 2009,3490 2009,3431 1988,3431 1924,3387 1909,3393 1859,3367 1833,3387 1809,3387 1789,3369 1710,3396"/>
                <Baseline points="1730,3454 1819,3454 1909,3460 1998,3460 2016,3460"/>
                <TextEquiv>
                    <Unicode>ich...</Unicode>
                </TextEquiv>
            </TextLine>
            <TextLine id="tr_2_tl_3" custom="readingOrder {index:2;}">
                <Coords points="1707,3630 4035,3680 4035,3493 3862,3460 3364,3560 1707,3540"/>
                <Baseline points="1724,3615 1801,3609 1891,3609 1980,3609 2070,3609 2159,3609 2249,3609 2338,3615 2428,3615 2517,3615 2607,3615 2696,3609 2786,3609 2875,3609 2965,3609 3054,3609 3144,3609 3233,3609 3323,3609 3412,3609 3502,3621 3591,3609 3681,3609 3770,3609 3860,3609 3949,3609 4039,3609"/>
                <TextEquiv>
                    <Unicode>Clem: Ja so... Schüttelt den Kopf: Denkst Du</Unicode>
                </TextEquiv>
            </TextLine>
            <TextLine id="tr_2_tl_4" custom="readingOrder {index:3;}">
                <Coords points="1701,3809 1824,3856 1921,3824 2067,3853 2279,3836 2393,3774 2672,3809 2672,3701 2645,3692 1962,3718 1701,3692"/>
                <Baseline points="1718,3764 1807,3764 1897,3764 1986,3764 2076,3764 2165,3764 2255,3764 2344,3764 2434,3764 2523,3764 2613,3764 2678,3764"/>
                <TextEquiv>
                    <Unicode>dem noch immer dran?</Unicode>
                </TextEquiv>
            </TextLine>
            <TextLine id="tr_2_tl_5" custom="readingOrder {index:4;}">
                <Coords points="1707,4003 1815,3982 1941,4018 2000,3979 2044,4003 2182,3962 2264,3988 2364,3974 2364,3850 2276,3859 2211,3830 2082,3853 2018,3836 1944,3862 1912,3836 1850,3865 1707,3812"/>
                <Baseline points="1724,3919 1813,3919 1903,3925 1992,3925 2082,3919 2171,3919 2261,3919 2350,3925 2368,3925"/>
                <TextEquiv>
                    <Unicode>Marg: Gewiss</Unicode>
                </TextEquiv>
            </TextLine>
            <TextLine id="tr_2_tl_6" custom="readingOrder {index:5;}">
                <Coords points="1707,4141 3865,4111 3865,4026 3308,3947 1707,4003"/>
                <Baseline points="1724,4080 1813,4074 1903,4074 1992,4080 2082,4074 2171,4074 2261,4074 2350,4074 2440,4074 2529,4074 2619,4074 2708,4074 2798,4074 2887,4074 2977,4074 3066,4074 3156,4074 3245,4074 3335,4074 3424,4068 3514,4074 3603,4074 3693,4074 3782,4074 3872,4086"/>
                <TextEquiv>
                    <Unicode>Clem: Ich möcht' an Deiner Stell' lieber gar</Unicode>
                </TextEquiv>
            </TextLine>
            <TextLine id="tr_2_tl_7" custom="readingOrder {index:6;}">
                <Coords points="1701,4273 1959,4287 2161,4246 2803,4276 2803,4111 2669,4161 2466,4152 2431,4188 1701,4141"/>
                <Baseline points="1718,4236 1736,4230 1825,4230 1915,4230 2004,4230 2094,4230 2183,4230 2273,4230 2362,4230 2452,4230 2541,4230 2631,4230 2720,4230 2810,4230"/>
                <TextEquiv>
                    <Unicode>nicht mehr davon reden.</Unicode>
                </TextEquiv>
            </TextLine>
            <TextLine id="tr_2_tl_8" custom="readingOrder {index:7;}">
                <Coords points="1695,4408 1927,4428 2279,4399 2317,4428 2581,4390 2560,4249 2449,4308 2270,4325 2067,4255 1959,4284 1698,4276"/>
                <Baseline points="1712,4391 1783,4385 1873,4385 1962,4391 2052,4391 2141,4385 2231,4385 2320,4385 2410,4385 2499,4379 2589,4385"/>
                <TextEquiv>
                    <Unicode>Marg: Warum denn?</Unicode>
                </TextEquiv>
            </TextLine>
            <TextLine id="tr_2_tl_9" custom="readingOrder {index:8;}">
                <Coords points="1695,4563 3994,4578 3994,4472 3894,4457 1695,4466"/>
                <Baseline points="1712,4546 1760,4540 1849,4540 1939,4540 2028,4540 2118,4540 2207,4546 2297,4546 2386,4546 2475,4546 2565,4540 2654,4546 2744,4546 2833,4540 2923,4540 3012,4540 3102,4540 3191,4540 3281,4540 3370,4540 3460,4540 3549,4540 3639,4540 3728,4534 3818,4534 3907,4534 3997,4534"/>
                <TextEquiv>
                    <Unicode>Clem: Na, Du weisst, es giebt verschiedene Grün-</Unicode>
                </TextEquiv>
            </TextLine>
            <TextLine id="tr_2_tl_10" custom="readingOrder {index:9;}">
                <Coords points="1698,4713 1748,4710 1789,4721 1809,4713 1824,4724 1842,4710 1865,4724 1877,4713 1909,4710 1900,4625 1874,4619 1859,4627 1845,4616 1803,4627 1760,4619 1721,4633 1689,4630"/>
                <Baseline points="1712,4689 1801,4695 1891,4707 1915,4707"/>
                <TextEquiv>
                    <Unicode>de.</Unicode>
                </TextEquiv>
            </TextLine>
            <TextLine id="tr_2_tl_11" custom="readingOrder {index:10;}">
                <Coords points="1683,4862 2856,4912 3279,4868 3279,4774 1683,4783"/>
                <Baseline points="1700,4856 1766,4850 1855,4856 1944,4856 2034,4856 2123,4850 2213,4850 2302,4850 2392,4850 2481,4856 2571,4850 2660,4850 2750,4850 2839,4850 2929,4850 3018,4850 3108,4850 3197,4850 3287,4850"/>
                <TextEquiv>
                    <Unicode>Marg: Ich sehe gar keinen Grund.</Unicode>
                </TextEquiv>
            </TextLine>
            <TextLine id="tr_2_tl_12" custom="readingOrder {index:11;}">
                <Coords points="1701,5105 4059,5053 4059,4932 3715,4959 3586,4880 2836,4959 1701,4924"/>
                <Baseline points="1718,5023 1736,5017 1825,5017 1915,5017 2004,5011 2094,5011 2183,5011 2273,5011 2362,5011 2452,5011 2541,5017 2631,5011 2720,5011 2810,5011 2899,5011 2989,5011 3078,5011 3168,5011 3257,5011 3347,5011 3436,5011 3526,5011 3615,5011 3705,5011 3794,5017 3884,5017 3973,5017 4063,5011"/>
                <TextEquiv>
                    <Unicode>Clem: Aber dass Du das noch immer nicht verstehet</Unicode>
                </TextEquiv>
            </TextLine>
            <TextLine id="tr_2_tl_13" custom="readingOrder {index:12;}">
                <Coords points="507,5460 537,5457 584,5422 686,5431 724,5419 751,5428 754,5276 730,5267 707,5273 689,5261 669,5270 619,5249 563,5278 543,5264 513,5276"/>
                <Baseline points="525,5423 614,5423 704,5417 757,5423"/>
                <TextEquiv>
                    <Unicode>un</Unicode>
                </TextEquiv>
            </TextLine>
        </TextRegion>
    </Page>
</PcGts>
