4376 5384
2238 405 2517 598 34 —
1628 713 3793 953 Dir ja, es ist schon Alles gut - ich hab' Dir
1649 933 3911 1156 schon verziehen!.... Ich hab' ihn ja einstampfen
1634 1135 2001 1262 lassen.
1622 1250 3840 1473 Gilb: Wen haben Herr Baron einstampfen lassen,
1640 1399 2652 1584 wenn ich fragen darf?
1616 1593 3905 1746 Clem: Nun, den Roman meiner Frau. Sie hat Ihnen
1631 1702 3896 1919 ja jedenfalls erzählt.... Bedaure sehr, dass ich
1625 1872 3934 2092 die Welt des Vergnügens berauben muss, ihn kennen
1619 2036 2573 2203 zu lernen, aber....
1599 2165 3864 2403 Marg: :noch immer auf den Knieen: | Du hast...
1596 2385 3949 2544 Clem: Dein Verleger is ein ganz coulanter Mensch:
1602 2517 3831 2679 er hat schliesslich nichts Anderes von mir ver-
1605 2655 3676 2837 langt, als dass ich ihm die Auflage bezahle.
1575 2802 2544 2978 Marg: Von mir auch!
1587 2954 3614 3160 Clem: So steh' doch schon auf, Margarethe.
1581 3107 3741 3292 Was wird sich Herr Gilbert denken!... Ich be-
1590 3292 3705 3444 daure sehr, dass der Zufall Sie zwingt, einer
1572 3406 3796 3623 solchen häuslichen Szene beizuwohnen... aber Sie
1564 3588 3265 3758 machen hoffentlich kein Stück draus.
1567 3705 3459 3896 Gilb: Ich schwöre es Ihnen, Herr Baron.
1552 3861 3752 4090 Marg: Ja, warum hast Du denn unsere Sachen pa¬
1555 4031 2168 4222 cken lassen?
1549 4175 3720 4404 Clem: Weil wir heute Abend ein bisschen fort-
1546 4330 2241 4536 reisen wollen.
1537 4486 3829 4720 Gilb: Herr Baron, wollen Sie mir gestatten, Ih-
