<?xml version="1.0" encoding="UTF-8" standalone="yes"?>
<PcGts xmlns="http://schema.primaresearch.org/PAGE/gts/pagecontent/2013-07-15" xmlns:xsi="http://www.w3.org/2001/XMLSchema-instance" xsi:schemaLocation="http://schema.primaresearch.org/PAGE/gts/pagecontent/2013-07-15 http://schema.primaresearch.org/PAGE/gts/pagecontent/2013-07-15/pagecontent.xsd">
    <Metadata>
        <Creator>prov=READ-COOP:name=TrHtr:version=2.1.0:model_id=51170:date=28_07_2023_21:09</Creator>
        <Created>2023-05-10T11:55:10.018+02:00</Created>
        <LastChange>2023-07-28T21:09:35.196+02:00</LastChange>
        <TranskribusMetadata docId="1428176" pageId="55395835" pageNr="320" tsid="131377954" status="IN_PROGRESS" userId="64420" imgUrl="https://files.transkribus.eu/Get?id=TPFUOQVXOXOSARXBVHSWQVVV&amp;fileType=view" xmlUrl="https://files.transkribus.eu/Get?id=UJDHQCDGHGPGSGKNDXXGSDNU" imageId="44670713"/>
    </Metadata>
    <Page imageFilename="1428176_0320.jpg" imageWidth="4312" imageHeight="5656">
        <ReadingOrder>
            <OrderedGroup id="ro_1711801704697" caption="Regions reading order">
                <RegionRefIndexed index="0" regionRef="tr_1"/>
                <RegionRefIndexed index="1" regionRef="tr_2"/>
                <RegionRefIndexed index="2" regionRef="tr_3"/>
            </OrderedGroup>
        </ReadingOrder>
        <TextRegion id="tr_1" custom="readingOrder {index:0;}">
            <Coords points="536,618 4128,618 4128,2229 536,2229"/>
            <TextLine id="tr_1_tl_1" custom="readingOrder {index:0;}">
                <Coords points="2264,723 2302,723 2328,746 2348,740 2386,760 2397,755 2421,778 2435,778 2435,639 2409,639 2351,592 2319,586 2310,595 2264,595"/>
                <Baseline points="2279,668 2368,680 2440,668"/>
                <TextEquiv>
                    <Unicode>-</Unicode>
                </TextEquiv>
            </TextLine>
            <TextLine id="tr_1_tl_2" custom="readingOrder {index:1;}">
                <Coords points="1727,1062 3997,984 3997,877 2705,917 2496,810 2154,923 1730,903"/>
                <Baseline points="1742,1002 1766,1002 1855,990 1944,990 2034,990 2123,990 2213,984 2302,984 2392,984 2481,984 2571,984 2660,984 2750,984 2839,984 2929,984 3018,984 3108,984 3197,978 3287,978 3376,978 3466,978 3555,972 3645,972 3734,972 3824,972 3913,966 4003,972"/>
                <TextEquiv>
                    <Unicode>Marg: Aber solang ich existire, hab' ich mich</Unicode>
                </TextEquiv>
            </TextLine>
            <TextLine id="tr_1_tl_3" custom="readingOrder {index:2;}">
                <Coords points="1814,1173 4017,1155 4122,1138 4122,998 3863,1074 1814,1054"/>
                <Baseline points="1831,1145 1891,1145 1980,1139 2070,1139 2159,1139 2249,1139 2338,1139 2428,1139 2517,1139 2607,1139 2696,1139 2786,1139 2875,1133 2965,1139 3054,1139 3144,1139 3233,1133 3323,1133 3412,1133 3502,1127 3591,1127 3681,1127 3770,1127 3860,1127 3949,1121 4039,1127 4128,1133"/>
                <TextEquiv>
                    <Unicode>für Sport und für Alles, was damit zusammenhängt</Unicode>
                </TextEquiv>
            </TextLine>
            <TextLine id="tr_1_tl_4" custom="readingOrder {index:3;}">
                <Coords points="1791,1384 1919,1306 1988,1329 2093,1306 2212,1335 2287,1318 2403,1370 2403,1205 2273,1225 2133,1193 2006,1213 1898,1196 1791,1225"/>
                <Baseline points="1807,1300 1897,1294 1986,1294 2076,1294 2165,1294 2255,1294 2344,1294 2410,1306"/>
                <TextEquiv>
                    <Unicode>interessirt.</Unicode>
                </TextEquiv>
            </TextLine>
            <TextLine id="tr_1_tl_5" custom="readingOrder {index:4;}">
                <Coords points="1785,1460 3936,1472 3936,1370 3843,1344 3358,1382 2882,1297 2537,1399 1785,1376"/>
                <Baseline points="1801,1449 1885,1449 1974,1449 2064,1449 2153,1449 2243,1449 2332,1449 2422,1449 2511,1449 2601,1449 2690,1449 2780,1449 2869,1443 2959,1443 3048,1443 3138,1443 3227,1443 3317,1443 3406,1443 3496,1443 3585,1443 3675,1443 3764,1437 3854,1437 3943,1443"/>
                <TextEquiv>
                    <Unicode>Clem: Na, angesehen hat man Dir's eigentlich</Unicode>
                </TextEquiv>
            </TextLine>
            <TextLine id="tr_1_tl_6" custom="readingOrder {index:5;}">
                <Coords points="1788,1672 3614,1599 3863,1675 3956,1666 3959,1480 3640,1544 1791,1547"/>
                <Baseline points="1807,1604 1819,1598 1909,1604 1998,1598 2088,1598 2177,1604 2267,1598 2356,1598 2446,1598 2535,1604 2625,1604 2714,1598 2804,1598 2893,1598 2983,1598 3072,1604 3162,1598 3251,1598 3341,1592 3430,1598 3520,1592 3609,1592 3699,1592 3788,1592 3878,1592 3967,1592"/>
                <TextEquiv>
                    <Unicode>nicht. Inider Gesellschaft, in der Du verkehrt</Unicode>
                </TextEquiv>
            </TextLine>
            <TextLine id="tr_1_tl_7" custom="readingOrder {index:6;}">
                <Coords points="1791,1797 2017,1808 2258,1765 2708,1814 2708,1701 2682,1692 2575,1715 2505,1683 1791,1692"/>
                <Baseline points="1807,1754 1897,1754 1986,1754 2076,1754 2165,1754 2255,1754 2344,1754 2434,1754 2523,1760 2613,1754 2702,1760 2714,1760"/>
                <TextEquiv>
                    <Unicode>hast, noch weniger.</Unicode>
                </TextEquiv>
            </TextLine>
            <TextLine id="tr_1_tl_8" custom="readingOrder {index:7;}">
                <Coords points="1773,1962 2725,1921 3341,1994 3631,1916 3837,1971 3924,1956 3927,1785 3175,1858 1773,1820"/>
                <Baseline points="1789,1921 1873,1909 1962,1915 2052,1915 2141,1909 2231,1909 2320,1909 2410,1909 2499,1909 2589,1909 2678,1903 2768,1903 2857,1903 2947,1903 3036,1903 3126,1903 3215,1903 3305,1909 3394,1903 3484,1909 3573,1909 3663,1909 3752,1909 3842,1909 3931,1909"/>
                <TextEquiv>
                    <Unicode>Marg: Willst Du nicht bald aufhören, mir die</Unicode>
                </TextEquiv>
            </TextLine>
            <TextLine id="tr_1_tl_9" custom="readingOrder {index:8;}">
                <Coords points="1785,2168 3007,2078 3936,2128 3936,1997 3796,1950 1785,1982"/>
                <Baseline points="1801,2064 1885,2064 1974,2064 2064,2064 2153,2064 2243,2058 2332,2058 2422,2058 2511,2058 2601,2058 2690,2058 2780,2058 2869,2058 2959,2058 3048,2058 3138,2058 3227,2058 3317,2058 3406,2058 3496,2064 3585,2064 3675,2058 3764,2064 3854,2064 3943,2052"/>
                <TextEquiv>
                    <Unicode>Gesellschaft zum Vorwurf zu machen, in der Du</Unicode>
                </TextEquiv>
            </TextLine>
            <TextLine id="tr_1_tl_10" custom="readingOrder {index:9;}">
                <Coords points="520,2142 656,2110 787,2145 1051,2090 1193,2142 1347,2116 1521,2157 1524,1982 1057,1997 949,1939 845,1977 522,1919"/>
                <Baseline points="536,2082 542,2082 632,2076 721,2070 811,2064 900,2064 990,2064 1079,2064 1169,2064 1258,2064 1348,2064 1437,2070 1527,2070"/>
                <TextEquiv>
                    <Unicode>(krenger) dann verstatt</Unicode>
                </TextEquiv>
            </TextLine>
            <TextLine id="tr_1_tl_11" custom="readingOrder {index:10;}">
                <Coords points="668,2278 711,2287 752,2264 778,2276 824,2241 874,2238 891,2220 906,2232 926,2215 998,2261 1071,2247 1068,2093 1016,2107 938,2099 885,2151 816,2130 787,2145 665,2130"/>
                <Baseline points="680,2201 769,2201 859,2201 948,2201 1038,2207 1079,2213"/>
                <TextEquiv>
                    <Unicode>di mehr</Unicode>
                </TextEquiv>
            </TextLine>
            <TextLine id="tr_1_tl_12" custom="readingOrder {index:11;}">
                <Coords points="1779,2244 1980,2235 2046,2267 2133,2235 2218,2287 2302,2244 2447,2255 2519,2223 2659,2264 2714,2249 2714,2133 2424,2165 1988,2125 1779,2171"/>
                <Baseline points="1795,2213 1885,2219 1974,2219 2064,2219 2153,2213 2243,2213 2332,2213 2422,2213 2511,2213 2601,2213 2690,2219 2720,2219"/>
                <TextEquiv>
                    <Unicode>mich gefunden hast?</Unicode>
                </TextEquiv>
            </TextLine>
        </TextRegion>
        <TextRegion id="tr_2" custom="readingOrder {index:1;}">
            <Coords points="1766,2318 4080,2318 4080,4090 1766,4090"/>
            <TextLine id="tr_2_tl_1" custom="readingOrder {index:0;}">
                <Coords points="1768,2458 2514,2377 3944,2432 3965,2290 1768,2319"/>
                <Baseline points="1783,2386 1825,2374 1915,2368 2004,2368 2094,2374 2183,2368 2273,2368 2362,2368 2452,2368 2541,2368 2631,2368 2720,2368 2810,2368 2899,2368 2989,2368 3078,2368 3168,2368 3257,2368 3347,2368 3436,2368 3526,2368 3615,2368 3705,2374 3794,2368 3884,2368 3973,2368"/>
                <TextEquiv>
                    <Unicode>Clem: Vorwarf? Davon kann ja keine Rede sein!</Unicode>
                </TextEquiv>
            </TextLine>
            <TextLine id="tr_2_tl_2" custom="readingOrder {index:1;}">
                <Coords points="1785,2557 3704,2577 3974,2531 3974,2426 1785,2453"/>
                <Baseline points="1801,2529 1831,2529 1921,2529 2010,2523 2100,2523 2189,2523 2279,2523 2368,2523 2458,2523 2547,2523 2637,2523 2726,2523 2816,2523 2905,2523 2995,2523 3084,2523 3174,2523 3263,2523 3353,2517 3442,2523 3532,2523 3621,2523 3711,2523 3800,2517 3889,2523 3979,2523"/>
                <TextEquiv>
                    <Unicode>Es is mir nur immer noch unbegreiflich, wie Du</Unicode>
                </TextEquiv>
            </TextLine>
            <TextLine id="tr_2_tl_3" custom="readingOrder {index:2;}">
                <Coords points="1797,2714 3529,2711 3637,2691 3637,2621 1797,2627"/>
                <Baseline points="1813,2678 1903,2684 1992,2678 2082,2678 2171,2678 2261,2678 2350,2678 2440,2678 2529,2678 2619,2678 2708,2678 2798,2672 2887,2672 2977,2678 3066,2678 3156,2672 3245,2672 3335,2672 3424,2672 3514,2672 3603,2678 3645,2678"/>
                <TextEquiv>
                    <Unicode>eigentlich zu den Leuten gekommen bist.</Unicode>
                </TextEquiv>
            </TextLine>
            <TextLine id="tr_2_tl_4" custom="readingOrder {index:3;}">
                <Coords points="1756,2929 2435,2842 3886,2902 3924,2714 3437,2685 3271,2766 2125,2696 1756,2757"/>
                <Baseline points="1771,2839 1783,2833 1873,2833 1962,2833 2052,2833 2141,2833 2231,2828 2320,2828 2410,2828 2499,2833 2589,2828 2678,2828 2768,2833 2857,2828 2947,2828 3036,2833 3126,2828 3215,2828 3305,2828 3394,2833 3484,2828 3573,2828 3663,2828 3752,2828 3842,2828 3931,2828"/>
                <TextEquiv>
                    <Unicode>Marg: Aber Du redst doch gradso, als wenn es</Unicode>
                </TextEquiv>
            </TextLine>
            <TextLine id="tr_2_tl_5" custom="readingOrder {index:4;}">
                <Coords points="1785,3033 3230,2992 3344,3045 3428,3022 3428,2879 2868,2943 2229,2897 1785,2934"/>
                <Baseline points="1801,2983 1891,2983 1980,2983 2070,2983 2159,2983 2249,2983 2338,2983 2428,2983 2517,2983 2607,2983 2696,2983 2786,2983 2875,2983 2965,2983 3054,2983 3144,2977 3233,2977 3323,2983 3412,2983 3436,2989"/>
                <TextEquiv>
                    <Unicode>eine Verbrecherbande gewesen wäre!</Unicode>
                </TextEquiv>
            </TextLine>
            <TextLine id="tr_2_tl_6" custom="readingOrder {index:5;}">
                <Coords points="1750,3167 3886,3187 3869,3042 1750,3056"/>
                <Baseline points="1766,3144 1855,3144 1944,3138 2034,3144 2123,3144 2213,3138 2302,3138 2392,3144 2481,3144 2571,3144 2660,3144 2750,3144 2839,3138 2929,3138 3018,3138 3108,3138 3197,3138 3287,3144 3376,3144 3466,3144 3555,3144 3645,3144 3734,3144 3824,3144 3895,3150"/>
                <TextEquiv>
                    <Unicode>Clem: Mein Herz, ich versicher' Dir, Einige</Unicode>
                </TextEquiv>
            </TextLine>
            <TextLine id="tr_2_tl_7" custom="readingOrder {index:6;}">
                <Coords points="1785,3329 3776,3344 3991,3309 3991,3196 2932,3262 1785,3210"/>
                <Baseline points="1801,3299 1891,3299 1980,3293 2070,3299 2159,3293 2249,3293 2338,3293 2428,3299 2517,3299 2607,3299 2696,3299 2786,3293 2875,3299 2965,3299 3054,3299 3144,3293 3233,3293 3323,3293 3412,3293 3502,3299 3591,3299 3681,3293 3770,3299 3860,3299 3949,3299 3997,3299"/>
                <TextEquiv>
                    <Unicode>haben absolut ausg' sehn wie Strassenräuber. Es</Unicode>
                </TextEquiv>
            </TextLine>
            <TextLine id="tr_2_tl_8" custom="readingOrder {index:7;}">
                <Coords points="1779,3500 3785,3474 4069,3538 4069,3402 3863,3370 1779,3413"/>
                <Baseline points="1795,3460 1837,3454 1927,3454 2016,3454 2106,3454 2195,3454 2285,3454 2374,3454 2464,3454 2553,3454 2643,3454 2732,3454 2822,3454 2911,3454 3001,3454 3090,3454 3180,3460 3269,3454 3358,3454 3448,3454 3537,3454 3627,3454 3716,3454 3806,3454 3895,3454 3985,3454 4074,3454"/>
                <TextEquiv>
                    <Unicode>is mir ganz unbegreiflich, wie Du mit Deinem aus</Unicode>
                </TextEquiv>
            </TextLine>
            <TextLine id="tr_2_tl_9" custom="readingOrder {index:8;}">
                <Coords points="1773,3628 3701,3648 3834,3640 3834,3529 1773,3553"/>
                <Baseline points="1789,3621 1873,3615 1962,3615 2052,3615 2141,3609 2231,3609 2320,3615 2410,3609 2499,3615 2589,3615 2678,3615 2768,3615 2857,3615 2947,3615 3036,3609 3126,3609 3215,3609 3305,3609 3394,3609 3484,3609 3573,3609 3663,3615 3752,3615 3842,3609"/>
                <TextEquiv>
                    <Unicode>geprägten Sinn für...na, Gott, ich will gar</Unicode>
                </TextEquiv>
            </TextLine>
            <TextLine id="tr_2_tl_10" custom="readingOrder {index:9;}">
                <Coords points="1875,3779 2496,3855 2789,3779 2990,3843 3085,3785 4049,3831 4049,3724 3924,3677 1875,3695"/>
                <Baseline points="1891,3764 1980,3764 2070,3764 2159,3764 2249,3764 2338,3764 2428,3764 2517,3764 2607,3764 2696,3770 2786,3764 2875,3764 2965,3764 3054,3764 3144,3764 3233,3764 3323,3764 3412,3764 3502,3764 3591,3764 3681,3770 3770,3770 3860,3770 3949,3770 4039,3764 4057,3770"/>
                <TextEquiv>
                    <Unicode>nichts Andres sagen als Reinlichkeit unter die-</Unicode>
                </TextEquiv>
            </TextLine>
            <TextLine id="tr_2_tl_11" custom="readingOrder {index:10;}">
                <Coords points="1834,3982 4072,3962 4034,3828 3648,3796 3062,3875 1834,3843"/>
                <Baseline points="1849,3925 1933,3919 2022,3919 2112,3919 2201,3919 2291,3919 2380,3919 2470,3919 2559,3919 2649,3919 2738,3919 2828,3919 2917,3919 3006,3919 3096,3919 3185,3919 3275,3919 3364,3919 3454,3919 3543,3919 3633,3919 3722,3925 3812,3925 3901,3925 3991,3925 4080,3919"/>
                <TextEquiv>
                    <Unicode>sen Menschen hast aushalten, mit ihnen an einem</Unicode>
                </TextEquiv>
            </TextLine>
            <TextLine id="tr_2_tl_12" custom="readingOrder {index:11;}">
                <Coords points="1826,4116 2174,4133 2287,4098 2435,4133 2537,4104 2618,4151 2815,4142 2815,4026 2667,3985 2595,4008 2485,3974 2325,4017 2171,3971 1826,3994"/>
                <Baseline points="1843,4080 1933,4080 2022,4074 2112,4080 2201,4074 2291,4074 2380,4074 2470,4074 2559,4074 2649,4074 2738,4074 2822,4080"/>
                <TextEquiv>
                    <Unicode>Tisch sitzen können.</Unicode>
                </TextEquiv>
            </TextLine>
        </TextRegion>
        <TextRegion id="tr_3" custom="readingOrder {index:2;}">
            <Coords points="513,4180 4110,4180 4110,5457 513,5457"/>
            <TextLine id="tr_3_tl_1" custom="readingOrder {index:0;}">
                <Coords points="1756,4270 3904,4287 4084,4258 4084,4156 1756,4177"/>
                <Baseline points="1771,4242 1855,4236 1944,4236 2034,4242 2123,4242 2213,4236 2302,4236 2392,4230 2481,4230 2571,4230 2660,4236 2750,4236 2839,4230 2929,4230 3018,4230 3108,4230 3197,4230 3287,4230 3376,4230 3466,4230 3555,4236 3645,4236 3734,4242 3824,4236 3913,4236 4003,4236 4092,4236"/>
                <TextEquiv>
                    <Unicode>Marg:  :lächelnd:</Unicode>
                </TextEquiv>
            </TextLine>
            <TextLine id="tr_3_tl_2" custom="readingOrder {index:1;}">
                <Coords points="1779,4487 2397,4479 2728,4394 3831,4432 3918,4412 3918,4293 1779,4339"/>
                <Baseline points="1795,4397 1885,4391 1974,4385 2064,4391 2153,4385 2243,4385 2332,4385 2422,4385 2511,4385 2601,4385 2690,4391 2780,4385 2869,4385 2959,4385 3048,4385 3138,4385 3227,4385 3317,4385 3406,4391 3496,4391 3585,4391 3675,4391 3764,4397 3854,4397 3925,4403"/>
                <TextEquiv>
                    <Unicode>5. Clem: Neben ihnen, aber nicht mit Ihnen. Ja.</Unicode>
                </TextEquiv>
            </TextLine>
            <TextLine id="tr_3_tl_3" custom="readingOrder {index:2;}">
                <Coords points="1773,4563 3924,4592 3924,4490 3828,4458 1773,4470"/>
                <Baseline points="1789,4546 1879,4546 1968,4546 2058,4546 2147,4540 2237,4546 2326,4540 2416,4546 2505,4546 2595,4546 2684,4546 2774,4546 2863,4546 2953,4540 3042,4540 3132,4546 3221,4546 3311,4546 3400,4546 3490,4546 3579,4546 3669,4546 3758,4552 3848,4552 3931,4564"/>
                <TextEquiv>
                    <Unicode>Und Deinetwegen, ausschliesslich Deinetewegen,</Unicode>
                </TextEquiv>
            </TextLine>
            <TextLine id="tr_3_tl_4" custom="readingOrder {index:3;}">
                <Coords points="1750,4731 3953,4804 3950,4638 3878,4621 1747,4632"/>
                <Baseline points="1766,4701 1855,4701 1944,4701 2034,4701 2123,4701 2213,4695 2302,4695 2392,4695 2481,4695 2571,4701 2660,4701 2750,4701 2839,4695 2929,4695 3018,4695 3108,4701 3197,4701 3287,4701 3376,4701 3466,4701 3555,4701 3645,4707 3734,4707 3824,4707 3913,4707 3961,4707"/>
                <TextEquiv>
                    <Unicode>wie Du sehr wol weisst. Uebrigens will ich gar</Unicode>
                </TextEquiv>
            </TextLine>
            <TextLine id="tr_3_tl_5" custom="readingOrder {index:4;}">
                <Coords points="1762,4879 3759,4926 4003,4873 4003,4775 1762,4789"/>
                <Baseline points="1777,4862 1867,4856 1956,4856 2046,4856 2135,4856 2225,4856 2314,4856 2404,4856 2493,4862 2583,4856 2672,4856 2762,4856 2851,4856 2941,4862 3030,4856 3120,4856 3209,4856 3299,4856 3388,4862 3478,4862 3567,4862 3657,4862 3746,4862 3836,4862 3925,4862 4009,4862"/>
                <TextEquiv>
                    <Unicode>nicht leugnen, dass Einige bei näherer Bekannt-</Unicode>
                </TextEquiv>
            </TextLine>
            <TextLine id="tr_3_tl_6" custom="readingOrder {index:5;}">
                <Coords points="1782,5103 2395,5047 2900,5126 3300,5053 4107,5111 4069,4928 1779,4946"/>
                <Baseline points="1795,5023 1885,5017 1974,5017 2064,5017 2153,5017 2243,5017 2332,5011 2422,5011 2511,5011 2601,5011 2690,5011 2780,5011 2869,5017 2959,5017 3048,5017 3138,5017 3227,5017 3317,5023 3406,5017 3496,5023 3585,5023 3675,5023 3764,5023 3854,5023 3943,5023 4033,5023 4110,5023"/>
                <TextEquiv>
                    <Unicode>schaft gewonnen haben. Es waren ganz interessante</Unicode>
                </TextEquiv>
            </TextLine>
            <TextLine id="tr_3_tl_7" custom="readingOrder {index:6;}">
                <Coords points="496,5448 537,5451 578,5428 723,5428 740,5288 717,5288 705,5274 685,5283 670,5265 627,5265 604,5248 578,5254 549,5242 537,5254 520,5251"/>
                <Baseline points="513,5447 554,5435 644,5429 733,5417"/>
                <TextEquiv>
                    <Unicode>from</Unicode>
                </TextEquiv>
            </TextLine>
        </TextRegion>
    </Page>
</PcGts>
