4328 5672
2165 462 2397 641 15
1650 797 2024 950 bin es.
1609 912 3044 1171 Marg: Ich bin so erstaunt...
1635 1065 3982 1321 Gilbert: Das seh' ich. Aber dazu liegt kein Grund
1677 1235 4021 1415 vor. Eigentlich komm' ich ausschliesslich. :Nimt
1653 1403 3988 1612 ein Buch aus der Tasche: um Dir mein neues Buch
1674 1588 2241 1732 zu bringen.
1682 1682 4000 1909 Marg: Sie sind sehr freundlich. Ich danke Ihnen.
1677 1838 3774 2074 Gilb: Bitte, bitte. Du hast ein Anrecht auf
1700 1997 3912 2224 dieses Buch... ja. :Sieht um sich: (Schön...
1691 2124 4003 2338 aber nicht besonders individuell... Einen persön-
1691 2335 3935 2491 lichen Geschmack kann ich da beim besten Willen
500 2406 1412 2621 Es ist sollen, in dort
1697 2447 4000 2638 nicht entdecken....) Da hat es in der Steinsdorf-
456 2577 1379 2759 Ausgeblatt für zu derken
1715 2659 3968 2850 strasse doch ein bisschen netter ausgesehen..Na,
1709 2809 2862 2982 Du hast's ja so wollen.
1706 2950 4071 3094 Marg: Wollen wir nicht lieber beim "Sie" bleiben?
1721 3085 3947 3253 Gilb: Bleiben? - Ich kann mich nicht erinnern,
1721 3271 3894 3453 Dir Sie gesagt zu haben... Im übrigen, wie Du
1732 3418 3959 3606 willst.... ja. Na... :Pause: Ich teile Ihnen
1744 3553 3938 3744 wol kein Geheimniss mit, Frau Baronin, wenn ich
1741 3744 3968 3953 Ihnen versichere, dass Sie sich im Ganzen ziem-
1741 3865 3221 4080 lich jämmerlich benommen haben.
1744 4065 2509 4250 Marg: Was?!...
1750 4118 4059 4335 Gilb: Oder wünschen Sie, dass ich mich umschrie-
1756 4341 4041 4506 ben ausdrücke?... Venn Du mich totschlägst, find
1768 4497 4050 4680 ich keinen andern Ausdruck als: jämmerlich. 1. Und
1806 4630 4030 4830 es war so überflüssig, bit der Ehrlichkeit wäre
1788 4753 3885 4974 es auch gegangen. Sie nicht wole I von
3468 4871 3947 4991 so wütend.
1779 4947 3188 5180 Mehr h. zu verlesen
509 5327 753 5480 um
