4360 5592
2355 555 2630 785 20 -
1765 841 3022 1077 werde ihn gar nicht lesen.
2163 995 2503 1110 verächtliche
1753 1086 3919 1225 Gilb: :Handewegung: Nämlich gerade zu der
1771 1219 3975 1381 Zeit, da Du anfiengst, Dich von mir abzuwenden,
1765 1346 4073 1546 als Du das Heimweh nach dem Stall bekamst, gerade
1765 1544 3890 1750 damals war ich eben innerlich fertig mit Dir.
1750 1662 2275 1850 Marg: Ah!
2957 1703 3264 1880 ce que
1771 1833 3943 2022 Gilb: Es ist interessant, dass Du davon nicht
1765 1989 3981 2125 das Geringste bemerkt hast...Fertig war ich mit
1771 2107 4079 2284 Dir...ja! Ich habe Dich nicht mehr gebraucht, was
1753 2320 4011 2441 Du mir geben konntest, hattest Du mir gegeben...
1750 2447 3978 2630 mehr wäre von Uebel gewesen, es hätte meine Ent¬
1759 2638 4008 2807 wicklung gestört... Aber würd' ich an einen Him¬
1759 2759 4058 2942 mel glauben, so würd' ich ihm auf den Knieen dan¬
1744 2904 4037 3125 ken, dass Du so gut wusstest, wann Deine Zeit um
1759 3066 3940 3235 war. Hätte die Geschichte nur einen Monat.. nur
1800 3184 3978 3432 einen Tag länger gedauert, wahrscheinlich wäre
1756 3391 3887 3530 Alles ruinirt gewesen. Und darum hat die Welt
1753 3547 4031 3686 nicht nur mir, sondern auch Dir für diesen Roman
1753 3736 4037 3837 zu danken. Unser Verhältniss hat seinen Zweck er-
1738 3848 4002 4026 füllt.... es ist ein Kunstwerk geworden! Ich be-
1747 4031 3981 4173 reue es nicht, Dich geliebt zu haben. Das ist
1732 4170 4105 4312 eben der Unterschied zwischen dem Künstler und dem
1721 4312 2975 4480 Marg: Ich aber bereue es!
2175 4415 2482 4524 erst
1747 4483 4031 4619 Gilb: Das ist eben der Unterschied zwischen dem
1724 4619 3881 4813 Künstler und dem Dilettanten. Für Dich ist es
1741 4802 4040 4970 nichts als die Erinnerung an ein paar tolle Näch-
1768 4929 3966 5141 te, ein paar tiefe Gespräche abends in dunklen
452 5238 720 5404 cure
