<?xml version="1.0" encoding="UTF-8" standalone="yes"?>
<PcGts xmlns="http://schema.primaresearch.org/PAGE/gts/pagecontent/2013-07-15" xmlns:xsi="http://www.w3.org/2001/XMLSchema-instance" xsi:schemaLocation="http://schema.primaresearch.org/PAGE/gts/pagecontent/2013-07-15 http://schema.primaresearch.org/PAGE/gts/pagecontent/2013-07-15/pagecontent.xsd">
    <Metadata>
        <Creator>prov=READ-COOP:name=TrHtr:version=2.1.0:model_id=51170:date=28_07_2023_21:09</Creator>
        <Created>2023-05-10T11:55:15.269+02:00</Created>
        <LastChange>2023-07-28T21:09:44.271+02:00</LastChange>
        <TranskribusMetadata docId="1428176" pageId="55395995" pageNr="348" tsid="131377982" status="IN_PROGRESS" userId="64420" imgUrl="https://files.transkribus.eu/Get?id=ZQDAXFZCDLZINBFKQOEDHTHW&amp;fileType=view" xmlUrl="https://files.transkribus.eu/Get?id=HQQINDBBGFVEYAKJUZSMOVDY" imageId="44670873"/>
    </Metadata>
    <Page imageFilename="1428176_0348.jpg" imageWidth="4376" imageHeight="5576">
        <ReadingOrder>
            <OrderedGroup id="ro_1711801743350" caption="Regions reading order">
                <RegionRefIndexed index="0" regionRef="tr_3"/>
                <RegionRefIndexed index="1" regionRef="tr_2"/>
                <RegionRefIndexed index="2" regionRef="tr_1"/>
            </OrderedGroup>
        </ReadingOrder>
        <TextRegion id="tr_3" custom="readingOrder {index:0;}">
            <Coords points="364,1633 1516,1633 1516,3000 364,3000"/>
            <TextLine id="tr_3_tl_1" custom="readingOrder {index:0;}">
                <Coords points="536,1802 596,1835 785,1755 951,1796 1058,1743 1366,1769 1378,1594 1289,1544 1159,1535 1020,1571 925,1636 803,1574 551,1586"/>
                <Baseline points="555,1731 573,1731 662,1731 752,1725 841,1725 931,1713 1020,1707 1110,1695 1199,1695 1289,1689 1379,1683"/>
                <TextEquiv>
                    <Unicode>(Wie recht hatt)</Unicode>
                </TextEquiv>
            </TextLine>
            <TextLine id="tr_3_tl_2" custom="readingOrder {index:1;}">
                <Coords points="368,2003 548,1989 608,1944 765,1968 901,1900 1073,1944 1360,1891 1429,1932 1473,1763 1354,1728 925,1861 779,1805 560,1861 376,1855"/>
                <Baseline points="388,1934 399,1928 489,1928 579,1922 668,1922 758,1910 847,1904 937,1898 1026,1886 1116,1886 1205,1880 1295,1874 1385,1868 1474,1862"/>
                <TextEquiv>
                    <Unicode>mais l'an - qui faut</Unicode>
                </TextEquiv>
            </TextLine>
            <TextLine id="tr_3_tl_3" custom="readingOrder {index:2;}">
                <Coords points="368,2131 522,2181 913,2045 1067,2098 1363,2030 1503,2084 1509,1977 1340,1891 901,2012 489,1971 376,2009"/>
                <Baseline points="388,2101 441,2089 531,2077 620,2071 710,2065 799,2059 889,2047 979,2047 1068,2041 1158,2035 1247,2029 1337,2023 1426,2017 1516,2011"/>
                <TextEquiv>
                    <Unicode>of jemm wis it bm</Unicode>
                </TextEquiv>
            </TextLine>
            <TextLine id="tr_3_tl_4" custom="readingOrder {index:3;}">
                <Coords points="468,2247 551,2220 593,2255 714,2232 913,2267 1002,2232 1224,2267 1239,2063 1186,2048 1061,2095 803,2069 616,2164 474,2172"/>
                <Baseline points="489,2208 525,2208 614,2196 704,2190 794,2185 883,2179 973,2179 1062,2167 1152,2161 1241,2161"/>
                <TextEquiv>
                    <Unicode>Camerche.....)</Unicode>
                </TextEquiv>
            </TextLine>
            <TextLine id="tr_3_tl_5" custom="readingOrder {index:4;}">
                <Coords points="344,2392 735,2421 963,2377 1254,2451 1378,2412 1387,2220 1209,2214 1132,2267 963,2232 839,2270 548,2229 350,2258"/>
                <Baseline points="364,2364 405,2364 495,2358 585,2352 674,2352 764,2352 853,2352 943,2346 1032,2346 1122,2334 1211,2334 1301,2328 1391,2322"/>
                <TextEquiv>
                    <Unicode>Unser Heuern unser Seligt</Unicode>
                </TextEquiv>
            </TextLine>
            <TextLine id="tr_3_tl_6" custom="readingOrder {index:5;}">
                <Coords points="379,2575 625,2561 676,2596 768,2596 904,2555 937,2590 1005,2552 1138,2564 1203,2528 1206,2490 785,2490 563,2395 385,2421"/>
                <Baseline points="399,2549 405,2549 495,2543 585,2537 674,2537 764,2531 853,2531 943,2531 1032,2525 1122,2519 1211,2507"/>
                <TextEquiv>
                    <Unicode>amich wie, im</Unicode>
                </TextEquiv>
            </TextLine>
            <TextLine id="tr_3_tl_7" custom="readingOrder {index:6;}">
                <Coords points="344,2753 756,2727 809,2691 1005,2747 1221,2688 1420,2733 1434,2558 1218,2614 1005,2581 895,2635 750,2581 353,2614"/>
                <Baseline points="364,2692 453,2680 543,2674 632,2674 722,2668 811,2668 901,2668 991,2656 1080,2650 1170,2638 1259,2626 1349,2608 1438,2596"/>
                <TextEquiv>
                    <Unicode>leichschuldig mir und</Unicode>
                </TextEquiv>
            </TextLine>
            <TextLine id="tr_3_tl_8" custom="readingOrder {index:7;}">
                <Coords points="391,2845 430,2854 477,2836 519,2869 551,2857 566,2869 575,2863 599,2890 637,2896 646,2744 575,2736 551,2750 513,2739 462,2765 448,2756 427,2774 394,2768"/>
                <Baseline points="408,2823 471,2817 561,2811 650,2811"/>
                <TextEquiv>
                    <Unicode>nor it</Unicode>
                </TextEquiv>
            </TextLine>
            <TextLine id="tr_3_tl_9" custom="readingOrder {index:8;}">
                <Coords points="412,3032 477,3005 566,3035 599,3011 664,3014 717,2987 747,3002 883,2964 966,2979 984,2869 940,2848 848,2860 797,2810 735,2819 708,2798 563,2872 436,2881"/>
                <Baseline points="435,2990 453,2985 543,2967 632,2949 722,2937 811,2925 901,2907 991,2889"/>
                <TextEquiv>
                    <Unicode>derten.</Unicode>
                </TextEquiv>
            </TextLine>
        </TextRegion>
        <TextRegion id="tr_2" custom="readingOrder {index:1;}">
            <Coords points="1623,720 3993,720 3993,2278 1623,2278"/>
            <TextLine id="tr_2_tl_1" custom="readingOrder {index:0;}">
                <Coords points="2167,777 2241,779 2288,824 2330,803 2374,815 2410,800 2478,821 2487,699 2445,694 2427,673 2389,691 2362,667 2312,691 2247,676 2208,699 2172,679"/>
                <Baseline points="2179,788 2220,788 2310,782 2399,776 2489,770"/>
                <TextEquiv>
                    <Unicode>30 —</Unicode>
                </TextEquiv>
            </TextLine>
            <TextLine id="tr_2_tl_2" custom="readingOrder {index:1;}">
                <Coords points="1603,1271 3509,1132 3654,1206 3986,1144 3989,1008 1609,1111"/>
                <Baseline points="1623,1199 1665,1194 1755,1194 1844,1188 1934,1188 2023,1182 2113,1182 2202,1176 2292,1176 2382,1170 2471,1164 2561,1164 2650,1158 2740,1158 2829,1152 2919,1152 3008,1152 3098,1152 3187,1152 3277,1140 3367,1140 3456,1140 3546,1134 3635,1134 3725,1128 3814,1128 3904,1122 3993,1128"/>
                <TextEquiv>
                    <Unicode>Gilb: Die Wahrheit würde er Dir gewiss verzeihen,</Unicode>
                </TextEquiv>
            </TextLine>
            <TextLine id="tr_2_tl_3" custom="readingOrder {index:2;}">
                <Coords points="1630,1411 2273,1331 3681,1349 3770,1340 3773,1215 3112,1180 2875,1251 2670,1186 2495,1257 1633,1274"/>
                <Baseline points="1647,1349 1719,1343 1808,1343 1898,1343 1988,1337 2077,1337 2167,1337 2256,1331 2346,1325 2435,1325 2525,1319 2614,1319 2704,1313 2793,1313 2883,1307 2973,1307 3062,1301 3152,1301 3241,1295 3331,1295 3420,1289 3510,1289 3599,1283 3689,1283 3779,1289"/>
                <TextEquiv>
                    <Unicode>aber dass alle Andern sie wissen werden - das</Unicode>
                </TextEquiv>
            </TextLine>
            <TextLine id="tr_2_tl_4" custom="readingOrder {index:3;}">
                <Coords points="1636,1517 1692,1512 1728,1544 1823,1568 1894,1526 1974,1541 1974,1414 1921,1411 1885,1431 1861,1420 1832,1437 1808,1420 1758,1443 1636,1431"/>
                <Baseline points="1653,1498 1743,1498 1832,1498 1922,1498 1982,1498"/>
                <TextEquiv>
                    <Unicode>nicht.</Unicode>
                </TextEquiv>
            </TextLine>
            <TextLine id="tr_2_tl_5" custom="readingOrder {index:4;}">
                <Coords points="1636,1677 2819,1701 3118,1606 3906,1609 3960,1500 1639,1586"/>
                <Baseline points="1653,1653 1725,1653 1814,1653 1904,1653 1993,1647 2083,1641 2173,1641 2262,1635 2352,1629 2441,1629 2531,1629 2620,1623 2710,1617 2799,1617 2889,1611 2979,1611 3068,1605 3158,1605 3247,1605 3337,1605 3426,1599 3516,1593 3605,1593 3695,1588 3784,1588 3874,1582 3964,1582"/>
                <TextEquiv>
                    <Unicode>Marg: Da hast Du Recht, Gilbert - ja, da hast Du</Unicode>
                </TextEquiv>
            </TextLine>
            <TextLine id="tr_2_tl_6" custom="readingOrder {index:5;}">
                <Coords points="1642,1864 2392,1796 2857,1855 2970,1775 3391,1843 3865,1763 3871,1642 1645,1740"/>
                <Baseline points="1659,1814 1725,1808 1814,1802 1904,1802 1993,1802 2083,1796 2173,1796 2262,1791 2352,1791 2441,1791 2531,1779 2620,1773 2710,1773 2799,1773 2889,1773 2979,1767 3068,1761 3158,1755 3247,1755 3337,1755 3426,1755 3516,1755 3605,1749 3695,1743 3784,1743 3874,1737"/>
                <TextEquiv>
                    <Unicode>Recht!...o, hätt' ich nie eine Feder angerührt!</Unicode>
                </TextEquiv>
            </TextLine>
            <TextLine id="tr_2_tl_7" custom="readingOrder {index:6;}">
                <Coords points="1648,1983 2152,1992 2531,1944 2816,1998 2821,1832 2587,1835 2510,1885 2125,1829 1983,1891 1654,1870"/>
                <Baseline points="1665,1964 1749,1964 1838,1958 1928,1958 2017,1952 2107,1952 2196,1946 2286,1946 2376,1946 2465,1940 2555,1934 2644,1928 2734,1928 2823,1928"/>
                <TextEquiv>
                    <Unicode>Also was thun, was thun?</Unicode>
                </TextEquiv>
            </TextLine>
            <TextLine id="tr_2_tl_8" custom="readingOrder {index:7;}">
                <Coords points="1645,2190 3903,2084 3930,2003 1651,2039"/>
                <Baseline points="1665,2119 1695,2119 1785,2113 1874,2107 1964,2107 2053,2101 2143,2101 2232,2101 2322,2095 2411,2095 2501,2089 2590,2089 2680,2089 2770,2083 2859,2077 2949,2077 3038,2071 3128,2065 3217,2065 3307,2059 3396,2059 3486,2053 3576,2053 3665,2053 3755,2047 3844,2047 3934,2047"/>
                <TextEquiv>
                    <Unicode>Gilb: Mein Kind, ich will es Dir leicht machen.</Unicode>
                </TextEquiv>
            </TextLine>
            <TextLine id="tr_2_tl_9" custom="readingOrder {index:8;}">
                <Coords points="1645,2335 3924,2247 3954,2119 1651,2232"/>
                <Baseline points="1665,2268 1719,2268 1808,2268 1898,2262 1988,2262 2077,2262 2167,2256 2256,2250 2346,2250 2435,2250 2525,2244 2614,2238 2704,2232 2793,2232 2883,2232 2973,2232 3062,2226 3152,2220 3241,2220 3331,2214 3420,2214 3510,2208 3599,2208 3689,2202 3779,2202 3868,2202 3958,2202"/>
                <TextEquiv>
                    <Unicode>Ich wohne im Residenz-Hôtel, dort erreichen mich</Unicode>
                </TextEquiv>
            </TextLine>
        </TextRegion>
        <TextRegion id="tr_1" custom="readingOrder {index:2;}">
            <Coords points="1677,2296 4035,2296 4035,4923 1677,4923"/>
            <TextLine id="tr_1_tl_1" custom="readingOrder {index:0;}">
                <Coords points="1660,2439 1849,2493 2495,2401 3476,2421 3826,2377 3865,2285 1663,2341"/>
                <Baseline points="1677,2423 1719,2423 1808,2423 1898,2417 1988,2417 2077,2417 2167,2411 2256,2405 2346,2399 2435,2399 2525,2399 2614,2393 2704,2393 2793,2388 2883,2388 2973,2382 3062,2376 3152,2376 3241,2370 3331,2370 3420,2370 3510,2364 3599,2364 3689,2364 3779,2352 3868,2346"/>
                <TextEquiv>
                    <Unicode>alle Nachrichten. Vielleicht entschliessest Du</Unicode>
                </TextEquiv>
            </TextLine>
            <TextLine id="tr_1_tl_2" custom="readingOrder {index:1;}">
                <Coords points="1666,2608 3968,2546 3989,2424 1669,2487"/>
                <Baseline points="1683,2579 1755,2579 1844,2573 1934,2567 2023,2567 2113,2567 2202,2561 2292,2561 2382,2555 2471,2555 2561,2555 2650,2549 2740,2543 2829,2543 2919,2537 3008,2537 3098,2531 3187,2525 3277,2525 3367,2519 3456,2519 3546,2519 3635,2519 3725,2513 3814,2507 3904,2507 3993,2513"/>
                <TextEquiv>
                    <Unicode>Dich noch anders. Im übrigen bleib' ich, und</Unicode>
                </TextEquiv>
            </TextLine>
            <TextLine id="tr_1_tl_3" custom="readingOrder {index:2;}">
                <Coords points="1675,2765 1835,2736 1986,2780 2042,2741 2119,2780 2232,2747 2593,2789 2750,2709 2869,2724 2872,2629 2635,2623 2525,2673 2285,2614 2039,2670 1677,2658"/>
                <Baseline points="1695,2728 1713,2728 1802,2728 1892,2728 1982,2722 2071,2722 2161,2716 2250,2716 2340,2710 2429,2710 2519,2710 2608,2704 2698,2698 2788,2698 2877,2698"/>
                <TextEquiv>
                    <Unicode>bin jedenfalls zu finden.</Unicode>
                </TextEquiv>
            </TextLine>
            <TextLine id="tr_1_tl_4" custom="readingOrder {index:3;}">
                <Coords points="1677,2890 3450,2854 3456,2694 3008,2721 2893,2801 1680,2824"/>
                <Baseline points="1695,2889 1755,2883 1844,2889 1934,2883 2023,2877 2113,2871 2202,2865 2292,2865 2382,2859 2471,2859 2561,2853 2650,2847 2740,2847 2829,2853 2919,2841 3008,2841 3098,2835 3187,2835 3277,2829 3367,2823 3456,2823"/>
                <TextEquiv>
                    <Unicode>Marg: :zuckt zusammen: Mein Mann!</Unicode>
                </TextEquiv>
            </TextLine>
            <TextLine id="tr_1_tl_5" custom="readingOrder {index:4;}">
                <Coords points="1686,3094 2564,3088 3053,2990 3767,3041 3885,3011 3888,2899 1692,2958"/>
                <Baseline points="1707,3038 1743,3038 1832,3038 1922,3038 2011,3032 2101,3026 2190,3020 2280,3020 2370,3014 2459,3014 2549,3008 2638,3008 2728,3008 2817,3002 2907,2996 2996,2996 3086,2990 3176,2985 3265,2985 3355,2985 3444,2979 3534,2979 3623,2979 3713,2973 3802,2967 3892,2961"/>
                <TextEquiv>
                    <Unicode>Gilb: Ich nehme an, dass es einen zweiten Aus-</Unicode>
                </TextEquiv>
            </TextLine>
            <TextLine id="tr_1_tl_6" custom="readingOrder {index:5;}">
                <Coords points="1689,3204 1787,3230 1855,3201 1998,3239 2226,3189 2229,3139 2143,3112 2072,3121 2033,3094 1926,3156 1861,3127 1692,3136"/>
                <Baseline points="1707,3205 1785,3199 1874,3199 1964,3193 2053,3187 2143,3182 2232,3176"/>
                <TextEquiv>
                    <Unicode>gang giebt.</Unicode>
                </TextEquiv>
            </TextLine>
            <TextLine id="tr_1_tl_7" custom="readingOrder {index:6;}">
                <Coords points="1680,3408 4016,3322 4019,3192 2208,3275 1686,3207"/>
                <Baseline points="1701,3349 1785,3349 1874,3349 1964,3349 2053,3343 2143,3337 2232,3331 2322,3331 2411,3325 2501,3331 2590,3325 2680,3319 2770,3319 2859,3313 2949,3307 3038,3307 3128,3301 3217,3301 3307,3301 3396,3295 3486,3295 3576,3289 3665,3289 3755,3283 3844,3283 3934,3277 4023,3283"/>
                <TextEquiv>
                    <Unicode>Marg: Meinst Du, dass ich Lust habe, das Gespött</Unicode>
                </TextEquiv>
            </TextLine>
            <TextLine id="tr_1_tl_8" custom="readingOrder {index:7;}">
                <Coords points="1689,3515 2961,3488 3011,3482 3014,3391 1692,3441"/>
                <Baseline points="1707,3510 1767,3510 1856,3504 1946,3504 2035,3498 2125,3492 2214,3492 2304,3492 2393,3486 2483,3486 2573,3480 2662,3474 2752,3468 2841,3468 2931,3468 3020,3462"/>
                <TextEquiv>
                    <Unicode>meines Bedienten zu werden?</Unicode>
                </TextEquiv>
            </TextLine>
            <TextLine id="tr_1_tl_9" custom="readingOrder {index:8;}">
                <Coords points="1701,3731 3669,3645 3850,3622 3856,3497 1704,3604"/>
                <Baseline points="1719,3659 1796,3659 1886,3659 1976,3659 2065,3653 2155,3647 2244,3647 2334,3641 2423,3641 2513,3641 2602,3641 2692,3635 2782,3635 2871,3629 2961,3623 3050,3623 3140,3623 3229,3617 3319,3611 3408,3605 3498,3605 3587,3599 3677,3599 3767,3593 3856,3587"/>
                <TextEquiv>
                    <Unicode>Gilb: Grossartig.... das ist ja französische</Unicode>
                </TextEquiv>
            </TextLine>
            <TextLine id="tr_1_tl_10" custom="readingOrder {index:9;}">
                <Coords points="1710,3838 1796,3862 1932,3853 1986,3823 2072,3841 2125,3811 2318,3826 2350,3808 2353,3720 2193,3743 2161,3728 2092,3758 1888,3717 1790,3764 1713,3752"/>
                <Baseline points="1725,3826 1731,3826 1820,3814 1910,3814 1999,3808 2089,3808 2179,3802 2268,3802 2358,3802"/>
                <TextEquiv>
                    <Unicode>Komödie...ha!</Unicode>
                </TextEquiv>
            </TextLine>
            <TextLine id="tr_1_tl_11" custom="readingOrder {index:10;}">
                <Coords points="1707,4025 3696,3963 3963,3939 4031,3826 3714,3773 2667,3880 2460,3814 1710,3921"/>
                <Baseline points="1725,3976 1796,3976 1886,3976 1976,3970 2065,3970 2155,3964 2244,3958 2334,3952 2423,3952 2513,3952 2602,3946 2692,3940 2782,3940 2871,3940 2961,3934 3050,3928 3140,3928 3229,3922 3319,3922 3408,3916 3498,3916 3587,3910 3677,3904 3767,3904 3856,3904 3946,3898 4035,3898"/>
                <TextEquiv>
                    <Unicode>Marg: Es bleibt dabei. Das Schicksal selbst will</Unicode>
                </TextEquiv>
            </TextLine>
            <TextLine id="tr_1_tl_12" custom="readingOrder {index:11;}">
                <Coords points="1722,4155 2976,4105 3097,4167 3328,4081 3844,4093 3918,4001 3717,3948 1725,4054"/>
                <Baseline points="1737,4131 1773,4131 1862,4131 1952,4125 2041,4119 2131,4119 2220,4119 2310,4113 2399,4107 2489,4107 2579,4101 2668,4101 2758,4095 2847,4095 2937,4089 3026,4089 3116,4089 3205,4083 3295,4077 3385,4077 3474,4071 3564,4065 3653,4065 3743,4065 3832,4059 3922,4065"/>
                <TextEquiv>
                    <Unicode>es so. Ich gestehe ihm Alles, so findet er uns</Unicode>
                </TextEquiv>
            </TextLine>
            <TextLine id="tr_1_tl_13" custom="readingOrder {index:12;}">
                <Coords points="1725,4354 3894,4250 3960,4129 1731,4182"/>
                <Baseline points="1743,4298 1814,4286 1904,4280 1993,4280 2083,4274 2173,4274 2262,4268 2352,4262 2441,4262 2531,4256 2620,4256 2710,4256 2799,4250 2889,4250 2979,4244 3068,4244 3158,4238 3247,4232 3337,4232 3426,4232 3516,4226 3605,4226 3695,4220 3784,4220 3874,4214 3964,4220"/>
                <TextEquiv>
                    <Unicode>gleich zusammen und kan verfügen, wie er will.</Unicode>
                </TextEquiv>
            </TextLine>
            <TextLine id="tr_1_tl_14" custom="readingOrder {index:13;}">
                <Coords points="1772,4457 3983,4410 3989,4300 1778,4348"/>
                <Baseline points="1791,4441 1844,4441 1934,4435 2023,4429 2113,4429 2202,4423 2292,4423 2382,4423 2471,4417 2561,4417 2650,4411 2740,4405 2829,4405 2919,4399 3008,4399 3098,4399 3187,4393 3277,4393 3367,4387 3456,4387 3546,4381 3635,4381 3725,4376 3814,4376 3904,4370 3993,4364"/>
                <TextEquiv>
                    <Unicode>Siehst Du, ich bin bereits ganz ruhig. Die Ent-</Unicode>
                </TextEquiv>
            </TextLine>
            <TextLine id="tr_1_tl_15" custom="readingOrder {index:14;}">
                <Coords points="1737,4659 2638,4579 2946,4632 3056,4573 3109,4620 3192,4582 3195,4463 1740,4535"/>
                <Baseline points="1755,4602 1767,4596 1856,4596 1946,4590 2035,4590 2125,4584 2214,4584 2304,4579 2393,4579 2483,4573 2573,4567 2662,4567 2752,4567 2841,4561 2931,4561 3020,4555 3110,4555 3199,4555"/>
                <TextEquiv>
                    <Unicode>scheidung findet mich gefasst.</Unicode>
                </TextEquiv>
            </TextLine>
            <TextLine id="tr_1_tl_16" custom="readingOrder {index:15;}">
                <Coords points="1737,4801 2463,4739 2904,4792 3065,4724 3465,4778 3948,4701 3951,4585 1743,4662"/>
                <Baseline points="1755,4758 1802,4752 1892,4752 1982,4746 2071,4740 2161,4740 2250,4740 2340,4734 2429,4734 2519,4728 2608,4728 2698,4722 2788,4716 2877,4716 2967,4710 3056,4710 3146,4704 3235,4704 3325,4704 3414,4698 3504,4698 3593,4692 3683,4692 3773,4686 3862,4686 3952,4686"/>
                <TextEquiv>
                    <Unicode>Gilb: Nun, da ich schon einmal zugrunde gehen</Unicode>
                </TextEquiv>
            </TextLine>
            <TextLine id="tr_1_tl_17" custom="readingOrder {index:16;}">
                <Coords points="1749,4964 2907,4896 3079,4952 3275,4887 3637,4964 3888,4935 3894,4781 2249,4766 1755,4837"/>
                <Baseline points="1767,4913 1838,4907 1928,4907 2017,4901 2107,4901 2196,4901 2286,4895 2376,4895 2465,4889 2555,4883 2644,4883 2734,4877 2823,4877 2913,4871 3002,4871 3092,4859 3182,4859 3271,4859 3361,4853 3450,4853 3540,4853 3629,4847 3719,4847 3808,4841 3898,4847"/>
                <TextEquiv>
                    <Unicode>soll, so mag es in Ehren geschehen. Du kennst</Unicode>
                </TextEquiv>
            </TextLine>
        </TextRegion>
    </Page>
</PcGts>
