4328 5656
2123 597 2446 776 24 -
1579 894 2943 1076 Clem: Ja, das verlange ich.
1576 1053 3366 1244 Marg: Aber das ist ja nicht möglich!
1602 1214 3866 1408 Clem: Weshalb? Wenn ich es wünsche, wird es wol
1588 1373 2240 1491 möglich sein.
1576 1491 3869 1708 Marg: Clemens, Du verstehst mich ja nicht...der
1576 1661 3043 1840 Roman ist ja bereits gedruckt!
1599 1843 3122 2017 Clem: :ganz verändert:
365 1826 685 2017 Hullenst
1570 1967 3775 2173 Marg: In den nächsten Tagen erscheint er, ist
1655 2114 3202 2337 in allen Buchhandlungen zu haben.
1576 2311 2464 2405 Clem: Margarethe!
1576 2408 3898 2561 Marg: Verzeih mir, Cle, ich konnte nicht anders!
1588 2614 3704 2802 Wenn er erst da ist, wirst Du mir verzeihen -
1593 2737 3490 2934 nein, mehr als das: Du wirst stolz sein!
1582 2905 3305 3096 Clem: Stolz? - Adieu, gnädige Frau.
1582 3069 2343 3172 Marg: Clemens!
1576 3202 3828 3425 Clem: Bleiben Sie. Wir sprechen uns jedenfalls
1635 3360 2843 3560 noch einmal. :Er geht:
1570 3510 3840 3681 Marg: :fassungslos zurückbleibend: Noch ein-
1593 3687 3869 3846 mal?...Was heisst das? Um Himmelswillen, er will
1588 3837 3848 4037 mich verlassen?...deswegen?...Wo geht er hin?...
1588 3984 3848 4190 Clemens - Clemens!.: Sie öffnet die Thüre; ein
1576 4137 3837 4322 Diener tritt ein mit einer Karte, gleich hinter
1611 4313 2199 4419 ihm Gilbert:
1570 4475 2570 4660 Marg: :erschrickt:
1582 4622 3798 4825 Gilb: Guten Tag, Frau Baronin. I:Zum Diener:
1623 4760 3913 4954 Sagt' ich Ihnen nicht, dass die Frau Baronin zu-
1576 4930 3940 5121 hause ist?.:Diener ab: Janol, Margarethe, ich
509 5324 735 5480 wch
