4376 5656
2352 579 2675 726 13 —
1790 850 4054 1064 nicht als einen Dummkopf hin... Is er schon fer-
1805 1041 2575 1226 tig, Dein Roman?
1796 1170 4072 1405 Marg: Ja. Es war übermächtig in mir. Das musste
1790 1373 3963 1491 noch heraus. Ich verspreche Dir, dass ich von
1802 1499 4037 1649 jetzt an keine Feder mehr anrühre. Es wird auch
1785 1652 4075 1846 nicht nothwendig sein; denn dieser Roman enthält
1796 1811 3925 2002 überhaupt Alles, was über Alles zu sagen ist.
1790 1976 2758 2099 Clem: Donnerwetter!
1779 2108 4060 2276 Marg: Es ist ein vollkommenes Abbild des moder¬
1790 2273 3925 2428 nen Lebens Die Hauptfigur ist eine Frau, die
1796 2437 3022 2622 alles Mögliche durchmacht.
338 2502 1426 2725 + das ist nur
1779 2575 2843 2720 Clem: Alles Mögliche?
403 2646 1435 2869 gleich. Gall mit und
1779 2687 4042 2899 Marg: Du wirst meine Erfindung bewundern, denn
417 2796 1488 2990 denn so diein. die sehr Anna
1782 2890 4078 3055 es ist genau wie in meinen Gedichten; soviel ich
415 2969 776 3122 verleitung
1779 3052 4142 3184 auch gesehen, soviel ich auch gedacht habe, erlebt
1779 3205 4022 3372 hab' ich ja nichts, gar nichtst; ich habe nicht
1773 3355 4054 3516 gethan, als auf Dich gewartet. Aber diesen Roman
1767 3549 2796 3716 musst' ich schreiben.
1767 3672 4075 3816 Clem: Schatz, Du hast einen argen Rückfall. Ich
1767 3834 3919 4022 habe gehofft, dass wir damit endgiltig fertig
1785 3995 2037 4148 sind.
1755 4122 3346 4275 Marg: Von jetzt an bin ich's ja.
1764 4313 4037 4484 Clem: Nun, wir wollen über die Sache nicht wei-
3037 4407 3572 4516 demie Rome
1826 4495 3972 4660 ter reden... bring' ihn her, und wenn Du mich
1805 4604 3937 4804 lieb hast, wollen wir ihn gleich hier in den
1755 4763 2381 4922 Ofen werfen.
1726 4901 2975 5145 Marg: Was fällt Dir ein!
523 5254 756 5477 from
