4344 5656
2392 544 2648 792 1e -
1778 850 3961 1103 Marg: Der Baron kann jeden Augenblick kommen.
1772 1129 3937 1228 Gilb: Was thut das? Das wäre nur gefährlich,
1784 1292 4109 1388 wenn er wüsste, dass Du mich angebetet hast...abe
629 1275 1496 1513 hat ich der
1784 1438 4103 1554 ich kenne Dich: Du hast ihm das nicht gesagt. Ich
631 1458 960 1685 sutsar
1784 1583 4103 1723 bin eben ein alter Bekannter aus München, und ein
1784 1740 4045 1921 alter Bekannter aus München darf Dich doch besu¬
1790 1900 2040 2075 chen.
1778 2049 2564 2148 Marg: Du nicht!
1772 2197 4083 2383 Gilb: Weshalb? Du scheinst meinen Besuch mis zu-
1790 2369 3961 2471 verstehen. Ich komme ja wirklich nur als alter
1766 2488 4091 2642 Bekannter. Alles Andre ist vorbei... ald Gott, so
1778 2631 4042 2829 lang vorbei..... :Auf den Roman weisend, den er
1772 2826 4115 2962 auf den Tisch gelegt hat:  Na, Du wirst ja sehen.
1772 2994 2957 3105 Marg: Was ist denn das?
1755 3146 3803 3245 Gilb: Ich sag‘ Dir’s ja: mein neuer Roman.
1761 3300 3757 3425 Marg: Seit wann schreibst denn Du Romane?
1772 3460 3058 3565 Gilb: Sonderbare Frage!...
1755 3524 4089 3704 Marg: Seit wann kannst Du denn Romane schreiben?
1766 3763 3207 3917 Gilb: Seit wann ich das kann?
1755 3894 3995 4065 Marg: Deine Skizzen waren ja sehr hübsch, aber
1772 4054 3707 4173 was Anderes kannst Du doch absolut nicht!
2031 4153 2447 4266 (ereint)
1755 4231 3387 4324 hilb: Wer sagt das? wer sagt da?
1755 4388 4027 4540 Marg: Wer das sagt?... Sämmtliche Menschen, die
1761 4531 3990 4662 Vernunft haben. Erinnere Dich an das Feuilleton
1766 4703 3707 4799 von Messing in der Allgemeinen Zeitung...
1743 4834 3961 4970 Gilb: Darüber warst Du damals geradeso wütend
1746 4938 4045 5145 als ich. Weisst Du, was Du damals sagtest?... Ich
521 5343 760 5439 um
