4376 5592
2214 586 2577 759 - 21 -
1707 905 3544 1163 Alleen... ich habe es ins Ewige gerückt.
1696 1087 3857 1338 Mrg: kann nicht mehr an sich halten: Ich
1716 1245 1962 1371 auch!
1696 1353 3204 1614 Gilb: Du auch? Was heisst das?
1693 1567 3910 1778 Marg: Ich hab' es auch ins Ewige gerückt.. ich
1690 1707 3318 1924 hab' auch einen Roman geschrieben!
1672 1836 3131 2076 Gilb: Du...Du...einen Roman?!
1664 2003 4012 2191 Marg: Ja, und darum kann ich mit demselben Recht
1684 2188 3843 2387 wie Du sagen, dass ich unsere Beziehungen ins
1664 2311 2586 2484 Ewige gerückt habe!
1661 2451 3945 2692 Galb: Na, ich würde an Deiner Stelle doch nicht
1664 2604 3878 2815 von der Ewigkeit reden, eh' die zweite Auflage
1658 2753 2610 2990 erscheint. Zwar ist
1661 2958 3954 3134 Marg: Red' Du, was Du willst! Es hat doch etwas
1646 3052 3845 3321 ganz Anderes zu bedeuten, dass ich einen Roman
1634 3230 3802 3476 geschrieben habe, als dass Du es gethan hast.
1643 3391 2902 3564 Gilb: Das dürfte stimmen.
1611 3526 3845 3793 Marg: Denn Du bist ein freier Mann, Du darfst
1637 3687 3863 3963 thun und lassen, was Du willst, Du brauchst Dir
1623 3845 3895 4083 nicht die Stunden zu stehlen, in denen Du Kunst-
1617 3998 3919 4264 ler sein darfst, Du setzst nicht die Zukunft und
1611 4179 3939 4425 Dein Glück auf das Spiel, wenn Du schreibst - Du
1614 4323 3922 4581 bist schliesslich nichts Anderes als ein Schrift-
1599 4478 2018 4645 steller.
1593 4677 3948 4879 Gilb: Der Nachwelt dürfte das genügen. Aber ich
1599 4791 3948 5061 sehe nicht ein, wieso Du Deine Zukunft aufs Spiel
463 5231 978 5404 man
