4360 5544
2212 516 2381 668 31
1650 852 2438 1079 mich noch nicht.
1638 1038 2923 1216 Marg: Was willst Du thun?
1678 1193 3985 1406 Gilb: Solche Wahrheiten, wie man sie binnen Kur-
1675 1340 3824 1558 zem in diesem Zimmer vernehmen wird, hat noch
1684 1512 2570 1713 kein Baron gehört.
1647 1672 2952 1873 Marg: Was willst Du thun?
3305 1701 3655 1822 licher
1681 1790 3681 1965 Gilb: Ich habe nur ein Leben zu vergeben!
1652 1951 3179 2206 Marg: Keinen Unsinn, Gilbert!
1681 2066 3970 2335 Gilb: Zitterst Du jetzt, gefangenes Vögelehen?
1693 2309 1985 2496 halta!
1738 3187 2791 3411 Clemens: :tritt ein:
1747 3328 3896 3514 Clem: :mit vollendeter Höflichkeit:  Guten
1753 3460 3873 3658 Abend, Herr Gilbert. Ich freue mich, Sie in
1753 3686 3333 3836 meinem Hause begrüssen zu können.
1761 3778 3956 4039 Gilb: : sehr ruhig und vornehm: Herr Baron,
499 3887 1127 4211 Sir find or
1781 3962 3962 4120 eben auf einer Reise begriffen, konnte ich mir
1779 4131 3936 4309 nicht versagen, der Frau Baronin meine Aufwar-
1773 4277 2527 4492 tung zu machen.
1756 4424 4051 4642 Clem: Ich habe gewiss eine litterarische Unter-
1781 4524 4074 4811 haltung gestört... ich wäre darüber untröstlicl
1750 4710 4028 4957 Gilb: Nichts hindert Sie daran, Herr Baron, si
588 5281 786 5376 men
