4312 5656
2281 608 2550 816 10
1696 903 3972 1184 manierlos von einem Menschen, wenn Einer von uns
1702 1091 3819 1291 dabei ist.... Ich hab' mir damals rechte Mih'
1708 1306 3494 1500 geben müssen, um nicht grob zu werden.
1708 1387 3871 1653 Marg: ruhig: Er war sehr eifersüchtig auf
431 1384 1413 1627 aber nach seiner Cur. So¬
1691 1578 3842 1806 Dich... wie Alle, denn sie haben mir Alle den
400 1578 1384 1812 Sie inlaufte
1691 1749 2284 1879 Hof gemacht.
1691 1928 3960 2102 Clem: Ja, das hab' ich bemerkt. Besonders diese
1691 2073 3821 2238 zwei jungen Maler, die Alles gemeinschaftlich
1696 2229 3989 2406 gehabt haben. Der Eine muss übrigens ein Jud' ge-
1688 2374 3902 2571 wesen sein; der war witzig, direkt witzig. Aber
1737 2464 3856 2718 das Deutsch...! Ich hab' nix gegen die Juden,
411 2487 1236 2776 Culil onif vod
1670 2681 3923 2878 wirklich nicht, ich hab' sogar einmal einen Leh-
443 2684 1407 3092 Null nenl nent. Ida
382 2713 924 2947 da ich wurde
1679 2771 3931 3017 rer gehabt, der hat mich in Griechisch vorberei-
1685 2999 3908 3089 tet zur Matura, das war ein Jud', meiner Seel’!
2988 3048 4004 3208 wenn man lang lebt
428 3063 666 3268 Sie
1682 3153 3978 3335 No, man kommt mit allerlei Leuten zusammen...Ich
1668 3309 3839 3488 bedauert auch nicht, Deine Münchner Bekannten
1720 3442 3923 3604 kennen gelernt zu haben; das gehört zur Lebens-
2510 3541 2747 3648 cheu
1679 3625 3894 3798 erfahrung. Aber gesteht: ich muss Dir doch vor-
1714 3775 3853 3937 gekommen sein wie der Retter aus der Not, wie
1673 3923 3995 4102 ich Dir gesagt habe: Gnädige Frau, werden Sie die
1650 4079 1969 4183 Meine.
1656 4140 3856 4412 Marg: Ja, ja, - allerdings liess das damals
1656 4383 3836 4603 verschiedene Deutungen zu, und wenn’s nach Dir
1644 4519 2440 4658 gegangen wäre...
1627 4620 3943 4872 Clem: Wäre unsere Bräutigamszeit schon so schön
1639 4872 3888 5046 gewesen wie unsere Flitterwochen, Kannst Du mir
1644 4933 2391 5168 das übelnehmen?
483 5249 744 5474 from
