4312 5640
1749 898 3985 1139 schein, als ob ich das könnte, denn ich war auf
1746 1100 4059 1305 dem besten Weg, berühmt zu werden. Aber Du warst
1725 1276 2902 1436 mir lieber als der Ruhm.
1722 1451 3342 1597 Clem:.:gutmütig: Und sicherer.
1698 1582 3884 1763 Marg: Darauf kam es mir nicht an - ich liebe
1713 1737 2560 1897 Dich, das war es!
1701 1865 3991 2085 Clem: Und das ist es, will ich auch hoffen.
1704 2034 3940 2204 Marg: Und wird es immer sein. Ja, Du, Du!
1704 2192 4038 2349 Dich hab' ich mir immer geträumt! Ich hab's immer
1710 2355 4023 2546 gewusst: glücklich machen kan mich nur so Einer,
1710 2537 3934 2697 wie Du es bist. Rass', das ist kein leerer Wahn!
1695 2662 2813 2846 Clem: Sehr freundlich!
1692 2709 3940 3001 Marg: Gleich das erste Mal - weisst Du, als Du
2340 2923 2664 3024 perkui by
1689 2968 3854 3131 in das Café Kamst, mit dem Rudi Wangenheim, -
1680 3128 3934 3331 gleich da wusst' ich's: der ist es, der is't es!
1665 3271 4053 3432 Clem: Und ich wär' an Euerm Tisch einfach vorüber
1680 3432 4029 3592 gegangen, wenn mich nicht der Wangenheim auf Dich
1683 3577 2879 3750 aufmerksam gemacht hätt‘.
1653 3735 3744 3893 Marg: Das sagst Du nur, um mich zu ärgern!
1674 3899 3973 4056 Clem: Keineswegs. Ich hab' ja Niemanden von den
1668 4029 3869 4241 Herrschaften gekannt, die am Tisch sässen, war
1677 4211 3881 4360 doch nur zum Rennen nach München gekommen, und
1668 4368 3979 4538 wenn mich nicht der Wangenheim an Euern Tisch ge-
1799 4505 3899 4701 bracht hätt', sässest Du wahrscheinlich noch
1653 4660 2204 4844 heute dort.
1647 4803 3985 5038 Marg: Schön warst Du an dem Abend! - Wahrhaftig,
1636 4972 3866 5192 Du bist da unter diese Leute getreten, wie aus
485 5272 859 5448 um
