4376 5592
2349 556 2566 703 29
1743 908 4009 1174 anständiger finde, die Sache selbst zu besorgen.
1748 1066 2800 1256 Lebe wohl, Margarethe!
1716 1242 3878 1441 Marg: Keinen Schritt weiter! Du darfst nicht
1737 1397 3995 1614 fort! Meinst Du, ich will allein das Opfer sein?
1725 1532 4018 1751 Ich allein soll hier meine Tage in Angst verbrin-
1710 1710 4033 1910 gen, bis der Skandal offenbar wird, und mich dann
1719 1854 3945 2097 von meinem Mann zur Thür hinausjagen lassen? Du
1710 1997 2115 2173 bleibst!
1684 2158 3553 2416 Gilb: Wenn es Dir beliebt, bleib' ich.
1678 2331 3989 2507 Marg: Und sobald mein Mann nach Hause kommt, ge-
1690 2475 3151 2636 steh' ich selbst ihm Alles ein.
1658 2627 3977 2888 Gilb: Du bist ja toll! Damit hat's ja noch Zeit!
1646 2782 3966 3046 M.rg: Ja, dass Du mir dann über alle Berge bist!
1664 2932 3963 3181 O nein, noch heute, sobald mein Mann zurückkommt!
366 2911 1295 3096 Vieh weiss es aus
1760 3034 2612 3151 wird er alles afahren
1646 3122 4001 3309 Gilb: Mein Kind, Du bist ja immer geneigt, gleich
384 3096 1473 3301 seligern feilen, dass
3611 3110 3816 3225 bist
1652 3251 3878 3459 den Verstand zu verlieren...Ich will Dir einen
1649 3397 3796 3655 vernünftigeren Vorschlag machen. Da wir jeden-
1620 3556 3857 3761 falls Beide verloren sind, wenn wir bleiben, -so
1611 3725 3904 3954 fliehen wir doch Beide. Wenn Du Angst hast, hier
1599 3857 3848 4083 zu bleiben, so nehm' ich Dich eben einfach mit.
1587 4024 3210 4270 Marg: Ist das der einzige Ausweg?
1590 4173 3207 4346 Gilb: Ja, ich sehe keinen andern.
1570 4326 3728 4586 Marg: (Aber ich kann Dich ja nicht ausstehen!
1570 4513 3752 4730 Ich hasse Dich geradezu!) Und meinen Mann lieb
1570 4648 3763 4856 ich ja! Und er liebt mich auch!... Am Ende kann
1564 4803 3834 5040 er mir verzeihen, selbst wenn er die ganze Wahr-
1558 4955 2109 5140 heit weiss.
