4248 5448
2336 490 2610 608 35 -
1739 721 3945 949 nen als Ausdruck meiner verehrungsvollen Sympa-
1739 949 3726 1113 thie meinen neuesten Roman zu überreichen.
1750 1081 2385 1283 fhut es:
1713 1257 4014 1425 Clem: Sie sind sehr liebenswürdig, Herr Gilbert.
1739 1361 3856 1551 Obzwar, ich muss schon sagen: deutsche Romane
1748 1580 3815 1756 sind nicht mein Faible...na, das is halt der
1739 1742 3856 1872 letzte, den ich lesen werde.... oder vielmehr
1733 1860 2422 2045 der vorletzte.
1724 2016 2748 2215 Marg: Der vorletzte?
1739 2148 3798 2356 Gilb: Der vorletzte?..Wiese der vor1etzte,
1727 2284 3905 2486 Herr B ron? Welcher Roman wird nach dem meinen
1748 2483 2659 2662 das Glück haben....
3734 2494 3902 2757 Der
1733 2659 3636 2757 Clem:.:Ein Buch aus der Tasche ziehend:
1733 2823 1903 2950 da.
1739 2869 3553 3132 Marg: Meiner!!.:Verzweifelte Augen:
1739 3074 3899 3259 Clem: Einen Exemplar war ich so frei, mir zu-
1748 3250 4000 3397 rückzubehalten, denn ein bissl neugierig bin ich
796 3293 1301 3587 Fall um
1733 3394 3954 3590 ja doch begreiflicherweise. Ich darf ja in Dein
1727 3524 4003 3755 Herz schauen, ich soll's sogar. Im übrigen, Dein
1739 3700 3994 3882 Verleger is ein unglaublicher Kerl. Das Exemplar
1733 3838 3928 4034 hab' ich ihn extra zahlen müssen und noch dazu
1753 4023 3985 4205 theurer, weil es das einzige ist also eine gros-
1739 4176 2437 4360 se Seltenheit.
1727 4291 3922 4516 Gilb: Lassen Sie mich doch einen Blick hinein
1748 4470 3553 4689 werfen... einen Blick in dieses Untum!
1707 4640 2630 4842 Clem: Bitte sehr!
1722 4761 4040 4949 Gilb: schlägt es auf, setzt sich in einen Stu
