<?xml version="1.0" encoding="UTF-8" standalone="yes"?>
<PcGts xmlns="http://schema.primaresearch.org/PAGE/gts/pagecontent/2013-07-15" xmlns:xsi="http://www.w3.org/2001/XMLSchema-instance" xsi:schemaLocation="http://schema.primaresearch.org/PAGE/gts/pagecontent/2013-07-15 http://schema.primaresearch.org/PAGE/gts/pagecontent/2013-07-15/pagecontent.xsd">
    <Metadata>
        <Creator>prov=READ-COOP:name=TrHtr:version=2.1.0:model_id=51170:date=28_07_2023_21:09</Creator>
        <Created>2023-05-10T11:55:13.404+02:00</Created>
        <LastChange>2023-07-28T21:09:40.394+02:00</LastChange>
        <TranskribusMetadata docId="1428176" pageId="55395937" pageNr="339" tsid="131377973" status="IN_PROGRESS" userId="64420" imgUrl="https://files.transkribus.eu/Get?id=QASWKZEPESCXWOBOBJLFNXIN&amp;fileType=view" xmlUrl="https://files.transkribus.eu/Get?id=IUWLBTRAOYXWJQEPYXWPJTOW" imageId="44670815"/>
    </Metadata>
    <Page imageFilename="1428176_0339.jpg" imageWidth="4376" imageHeight="5592">
        <ReadingOrder>
            <OrderedGroup id="ro_1711801730825" caption="Regions reading order">
                <RegionRefIndexed index="0" regionRef="tr_1"/>
                <RegionRefIndexed index="1" regionRef="tr_2"/>
                <RegionRefIndexed index="2" regionRef="tr_3"/>
            </OrderedGroup>
        </ReadingOrder>
        <TextRegion id="tr_1" custom="readingOrder {index:0;}">
            <Coords points="483,2542 1571,2542 1571,5380 483,5380"/>
            <TextLine id="tr_1_tl_1" custom="readingOrder {index:0;}">
                <Coords points="545,2765 707,2661 812,2670 864,2623 1000,2609 1052,2652 1113,2632 1249,2678 1357,2629 1560,2641 1568,2502 1284,2455 1122,2510 925,2499 701,2574 559,2528"/>
                <Baseline points="567,2652 585,2658 675,2646 764,2634 854,2616 943,2610 1033,2604 1123,2604 1212,2598 1302,2598 1392,2592 1481,2598 1571,2610"/>
                <TextEquiv>
                    <Unicode>Je - les ist soin</Unicode>
                </TextEquiv>
            </TextLine>
            <TextLine id="tr_1_tl_2" custom="readingOrder {index:1;}">
                <Coords points="525,2823 701,2844 1009,2760 1165,2818 1255,2765 1554,2818 1562,2644 1365,2632 1223,2699 1096,2635 977,2673 896,2629 530,2763"/>
                <Baseline points="543,2790 579,2790 669,2790 758,2784 848,2778 937,2766 1027,2760 1117,2760 1206,2754 1296,2754 1386,2748 1475,2742 1565,2742"/>
                <TextEquiv>
                    <Unicode>Sehler - Weis u da</Unicode>
                </TextEquiv>
            </TextLine>
            <TextLine id="tr_1_tl_3" custom="readingOrder {index:2;}">
                <Coords points="574,2931 696,2977 1009,2922 1151,2980 1394,2922 1478,2974 1510,2963 1516,2838 1273,2861 1148,2806 1078,2844 962,2815 873,2870 817,2841 704,2873 632,2838 574,2873"/>
                <Baseline points="591,2927 621,2927 710,2927 800,2933 890,2921 979,2915 1069,2915 1159,2903 1248,2903 1338,2903 1427,2897 1517,2909"/>
                <TextEquiv>
                    <Unicode>Ratsundt. Crucier</Unicode>
                </TextEquiv>
            </TextLine>
            <TextLine id="tr_1_tl_4" custom="readingOrder {index:3;}">
                <Coords points="522,3157 696,3163 803,3110 939,3099 1104,3165 1278,3119 1446,3165 1455,3009 1377,3023 1296,2960 1142,2983 1084,2942 867,3035 835,3006 759,3064 528,3044"/>
                <Baseline points="537,3136 561,3130 651,3124 740,3118 830,3106 920,3100 1009,3094 1099,3094 1188,3094 1278,3088 1368,3082 1457,3082"/>
                <TextEquiv>
                    <Unicode>in der Hofkänder</Unicode>
                </TextEquiv>
            </TextLine>
            <TextLine id="tr_1_tl_5" custom="readingOrder {index:4;}">
                <Coords points="562,3322 623,3331 835,3267 991,3276 1064,3305 1081,3142 1015,3154 957,3131 913,3163 858,3168 812,3142 757,3168 583,3139"/>
                <Baseline points="585,3279 633,3273 722,3256 812,3244 902,3238 991,3232 1081,3226"/>
                <TextEquiv>
                    <Unicode>Giltestr.</Unicode>
                </TextEquiv>
            </TextLine>
            <TextLine id="tr_1_tl_6" custom="readingOrder {index:5;}">
                <Coords points="554,3473 678,3476 838,3406 957,3423 1067,3383 1154,3426 1287,3377 1365,3397 1502,3354 1510,3278 1345,3215 1102,3305 861,3345 774,3305 565,3392"/>
                <Baseline points="573,3453 615,3447 704,3429 794,3411 884,3393 973,3381 1063,3375 1153,3369 1242,3357 1332,3345 1421,3333 1511,3327"/>
                <TextEquiv>
                    <Unicode>Über meine Geforade früh</Unicode>
                </TextEquiv>
            </TextLine>
            <TextLine id="tr_1_tl_7" custom="readingOrder {index:6;}">
                <Coords points="559,3592 603,3592 664,3565 725,3568 777,3551 783,3476 765,3476 730,3499 701,3493 673,3505 658,3496 632,3516 620,3510 594,3525 565,3525"/>
                <Baseline points="579,3554 603,3554 693,3542 782,3542"/>
                <TextEquiv>
                    <Unicode>wir</Unicode>
                </TextEquiv>
            </TextLine>
            <TextLine id="tr_1_tl_8" custom="readingOrder {index:7;}">
                <Coords points="586,3690 687,3716 777,3670 916,3687 1003,3641 1174,3650 1244,3606 1325,3644 1452,3635 1502,3623 1516,3505 1481,3490 1391,3545 1217,3481 1081,3534 1003,3496 725,3568 603,3548"/>
                <Baseline points="603,3680 621,3674 710,3656 800,3644 890,3632 979,3620 1069,3608 1159,3596 1248,3590 1338,3578 1427,3572 1517,3554"/>
                <TextEquiv>
                    <Unicode>Zu beweil, die ihnen nicht</Unicode>
                </TextEquiv>
            </TextLine>
            <TextLine id="tr_1_tl_9" custom="readingOrder {index:8;}">
                <Coords points="507,3884 591,3890 817,3794 899,3823 977,3777 1186,3783 1197,3684 1107,3667 997,3708 890,3676 800,3708 528,3708"/>
                <Baseline points="531,3805 573,3811 663,3799 752,3799 842,3787 932,3775 1021,3763 1111,3751 1200,3745"/>
                <TextEquiv>
                    <Unicode>H. Knesihal til</Unicode>
                </TextEquiv>
            </TextLine>
            <TextLine id="tr_1_tl_10" custom="readingOrder {index:9;}">
                <Coords points="464,3992 638,4006 684,4044 1096,3942 1226,3957 1360,3916 1452,3957 1470,3800 1345,3838 1258,3768 910,3873 873,3844 757,3879 649,3855 591,3893 478,3876"/>
                <Baseline points="483,3972 573,3978 663,3978 752,3972 842,3961 932,3955 1021,3937 1111,3919 1200,3913 1290,3895 1380,3883 1469,3877"/>
                <TextEquiv>
                    <Unicode>Alfares of uns (in so</Unicode>
                </TextEquiv>
            </TextLine>
            <TextLine id="tr_1_tl_11" custom="readingOrder {index:10;}">
                <Coords points="536,4122 603,4148 730,4102 945,4110 1148,4061 1313,4145 1328,4006 1203,3980 1107,4000 1032,3968 835,4047 675,4044 641,4009 545,4041"/>
                <Baseline points="555,4116 615,4110 704,4104 794,4098 884,4092 973,4074 1063,4062 1153,4050 1242,4044 1332,4038"/>
                <TextEquiv>
                    <Unicode>Dein weit</Unicode>
                </TextEquiv>
            </TextLine>
            <TextLine id="tr_1_tl_12" custom="readingOrder {index:11;}">
                <Coords points="516,4264 565,4284 632,4261 780,4310 948,4235 1081,4226 1096,4122 1035,4096 919,4128 849,4108 699,4168 533,4137"/>
                <Baseline points="531,4259 555,4265 645,4253 734,4247 824,4229 914,4217 1003,4199 1093,4188"/>
                <TextEquiv>
                    <Unicode>(Tis putgt.)</Unicode>
                </TextEquiv>
            </TextLine>
            <TextLine id="tr_1_tl_13" custom="readingOrder {index:12;}">
                <Coords points="507,4429 574,4450 809,4377 844,4418 1136,4302 1449,4296 1467,4200 1296,4157 1099,4232 959,4226 809,4316 701,4276 530,4299"/>
                <Baseline points="525,4415 567,4409 657,4391 746,4379 836,4367 926,4349 1015,4325 1105,4313 1194,4289 1284,4277 1374,4271 1463,4265"/>
                <TextEquiv>
                    <Unicode>J. Mary, him unto</Unicode>
                </TextEquiv>
            </TextLine>
            <TextLine id="tr_1_tl_14" custom="readingOrder {index:13;}">
                <Coords points="467,4615 632,4618 823,4525 893,4551 1090,4473 1386,4513 1420,4334 1310,4299 1058,4383 1012,4351 858,4438 797,4415 623,4464 499,4450"/>
                <Baseline points="489,4582 513,4576 603,4558 693,4546 782,4534 872,4516 961,4498 1051,4480 1141,4450 1230,4432 1320,4421 1409,4409"/>
                <TextEquiv>
                    <Unicode>ubak del an at fait</Unicode>
                </TextEquiv>
            </TextLine>
            <TextLine id="tr_1_tl_15" custom="readingOrder {index:14;}">
                <Coords points="475,4722 536,4734 646,4681 725,4693 757,4673 826,4719 902,4667 965,4690 1041,4647 1128,4658 1148,4519 1061,4502 910,4571 832,4548 754,4560 632,4618 490,4606"/>
                <Baseline points="495,4695 513,4695 603,4683 693,4671 782,4660 872,4648 961,4636 1051,4618 1141,4618"/>
                <TextEquiv>
                    <Unicode>24 wll folant</Unicode>
                </TextEquiv>
            </TextLine>
            <TextLine id="tr_1_tl_16" custom="readingOrder {index:15;}">
                <Coords points="507,4795 875,4792 1000,4754 1099,4780 1313,4699 1403,4739 1423,4586 1267,4629 1162,4612 803,4737 699,4684 522,4699"/>
                <Baseline points="525,4791 609,4785 699,4779 788,4767 878,4761 967,4755 1057,4743 1147,4719 1236,4707 1326,4695 1415,4683"/>
                <TextEquiv>
                    <Unicode>Nil mir. Ich schon</Unicode>
                </TextEquiv>
            </TextLine>
            <TextLine id="tr_1_tl_17" custom="readingOrder {index:16;}">
                <Coords points="496,4905 846,4931 980,4876 1073,4913 1160,4876 1435,4876 1502,4861 1519,4687 1273,4722 1148,4786 936,4754 835,4824 693,4789 617,4835 504,4826"/>
                <Baseline points="513,4904 525,4898 615,4893 704,4887 794,4881 884,4869 973,4863 1063,4857 1153,4851 1242,4845 1332,4827 1421,4815 1511,4803"/>
                <TextEquiv>
                    <Unicode>nicht reden, zu schwerken</Unicode>
                </TextEquiv>
            </TextLine>
            <TextLine id="tr_1_tl_18" custom="readingOrder {index:17;}">
                <Coords points="519,5073 588,5058 852,5122 1006,5064 1452,5026 1464,4876 1136,4881 991,4951 870,4913 762,4957 710,4928 528,4963"/>
                <Baseline points="537,5042 567,5042 657,5054 746,5054 836,5042 926,5042 1015,5036 1105,5024 1194,5024 1284,5000 1374,4988 1463,4976"/>
                <TextEquiv>
                    <Unicode>- El' fai il et Juif la</Unicode>
                </TextEquiv>
            </TextLine>
            <TextLine id="tr_1_tl_19" custom="readingOrder {index:18;}">
                <Coords points="539,5238 707,5261 846,5212 904,5241 1116,5209 1417,5226 1426,5067 1290,5087 1194,5044 864,5166 545,5116"/>
                <Baseline points="555,5227 621,5215 710,5215 800,5209 890,5209 979,5203 1069,5191 1159,5191 1248,5185 1338,5179 1427,5179"/>
                <TextEquiv>
                    <Unicode>Hammegl be ik</Unicode>
                </TextEquiv>
            </TextLine>
            <TextLine id="tr_1_tl_20" custom="readingOrder {index:19;}">
                <Coords points="475,5392 510,5406 565,5366 644,5360 890,5357 916,5383 971,5383 1044,5345 1099,5371 1104,5218 968,5264 861,5215 646,5293 481,5270"/>
                <Baseline points="495,5370 567,5364 657,5359 746,5364 836,5359 926,5359 1015,5347 1105,5341"/>
                <TextEquiv>
                    <Unicode>wai Vryluit</Unicode>
                </TextEquiv>
            </TextLine>
        </TextRegion>
        <TextRegion id="tr_2" custom="readingOrder {index:1;}">
            <Coords points="1642,619 4002,619 4002,2567 1642,2567"/>
            <TextLine id="tr_2_tl_1" custom="readingOrder {index:0;}">
                <Coords points="2200,774 2226,780 2302,739 2331,765 2423,748 2502,783 2519,562 2415,565 2394,583 2371,568 2336,583 2319,574 2270,603 2258,594 2212,609"/>
                <Baseline points="2222,693 2246,693 2335,687 2425,681 2515,669"/>
                <TextEquiv>
                    <Unicode>22 -</Unicode>
                </TextEquiv>
            </TextLine>
            <TextLine id="tr_2_tl_2" custom="readingOrder {index:1;}">
                <Coords points="1644,1020 3423,988 3484,962 3487,832 2449,930 2142,841 1646,930"/>
                <Baseline points="1660,1015 1696,1009 1786,1009 1875,1003 1965,1003 2055,997 2144,997 2234,991 2324,991 2413,985 2503,979 2592,979 2682,973 2772,973 2861,967 2951,967 3040,967 3130,961 3220,961 3309,955 3399,955 3489,961"/>
                <TextEquiv>
                    <Unicode>setzst, indem Du einen Roman schreibst.</Unicode>
                </TextEquiv>
            </TextLine>
            <TextLine id="tr_2_tl_3" custom="readingOrder {index:2;}">
                <Coords points="1623,1223 2797,1131 3412,1174 3942,1119 3945,1032 3252,977 3139,1046 1629,1049"/>
                <Baseline points="1642,1165 1708,1159 1798,1159 1887,1159 1977,1159 2067,1153 2156,1147 2246,1141 2335,1141 2425,1135 2515,1135 2604,1129 2694,1129 2784,1123 2873,1123 2963,1117 3052,1117 3142,1117 3232,1111 3321,1111 3411,1105 3500,1105 3590,1099 3680,1099 3769,1099 3859,1093 3949,1099"/>
                <TextEquiv>
                    <Unicode>Marg: Du siehst es nicht ein?... Nun so will ich</Unicode>
                </TextEquiv>
            </TextLine>
            <TextLine id="tr_2_tl_4" custom="readingOrder {index:3;}">
                <Coords points="1638,1319 2125,1374 3542,1261 3794,1339 3800,1186 2977,1203 2783,1139 1641,1226"/>
                <Baseline points="1654,1308 1744,1314 1834,1308 1923,1308 2013,1308 2102,1302 2192,1302 2282,1296 2371,1296 2461,1290 2551,1284 2640,1278 2730,1278 2819,1278 2909,1272 2999,1272 3088,1272 3178,1266 3267,1260 3357,1260 3447,1260 3536,1254 3626,1254 3716,1248 3805,1254"/>
                <TextEquiv>
                    <Unicode>Dir sagen, dass mich mein Mann soeben im Zorn</Unicode>
                </TextEquiv>
            </TextLine>
            <TextLine id="tr_2_tl_5" custom="readingOrder {index:4;}">
                <Coords points="1664,1513 3925,1446 3931,1287 2374,1386 1670,1339"/>
                <Baseline points="1684,1463 1690,1457 1780,1463 1869,1463 1959,1463 2049,1457 2138,1451 2228,1451 2318,1451 2407,1445 2497,1439 2586,1439 2676,1433 2766,1433 2855,1433 2945,1427 3034,1427 3124,1421 3214,1415 3303,1415 3393,1415 3483,1409 3572,1403 3662,1409 3751,1409 3841,1403 3931,1403"/>
                <TextEquiv>
                    <Unicode>verlassen hat, weil ich ihm gestanden habe, dass</Unicode>
                </TextEquiv>
            </TextLine>
            <TextLine id="tr_2_tl_6" custom="readingOrder {index:5;}">
                <Coords points="1661,1652 2096,1670 2162,1626 2519,1606 2699,1655 2768,1597 2945,1594 2948,1519 2716,1455 2490,1533 2160,1490 2090,1528 1667,1513"/>
                <Baseline points="1678,1619 1696,1625 1786,1619 1875,1619 1965,1619 2055,1613 2144,1607 2234,1607 2324,1601 2413,1601 2503,1595 2592,1595 2682,1589 2772,1583 2861,1583 2951,1583"/>
                <TextEquiv>
                    <Unicode>ich ein Buch drucken lasse.</Unicode>
                </TextEquiv>
            </TextLine>
            <TextLine id="tr_2_tl_7" custom="readingOrder {index:6;}">
                <Coords points="1646,1829 1945,1841 2154,1771 2409,1820 2493,1771 2936,1768 3012,1736 3015,1670 2806,1632 2571,1687 1655,1655"/>
                <Baseline points="1666,1780 1672,1786 1762,1780 1852,1774 1941,1774 2031,1768 2120,1762 2210,1762 2300,1762 2389,1756 2479,1750 2568,1750 2658,1744 2748,1738 2837,1738 2927,1738 3017,1732"/>
                <TextEquiv>
                    <Unicode>Gilb: Verlassen? Auf immer?</Unicode>
                </TextEquiv>
            </TextLine>
            <TextLine id="tr_2_tl_8" custom="readingOrder {index:7;}">
                <Coords points="1667,1962 3873,1896 3994,1875 3997,1791 1673,1818"/>
                <Baseline points="1684,1941 1762,1935 1852,1935 1941,1929 2031,1923 2120,1917 2210,1917 2300,1917 2389,1911 2479,1911 2568,1905 2658,1905 2748,1899 2837,1893 2927,1893 3017,1887 3106,1887 3196,1881 3285,1881 3375,1881 3465,1875 3554,1875 3644,1875 3733,1869 3823,1864 3913,1864 4002,1864"/>
                <TextEquiv>
                    <Unicode>Marg: Das weiss ich nicht. Vorläufig ist er fort-</Unicode>
                </TextEquiv>
            </TextLine>
            <TextLine id="tr_2_tl_9" custom="readingOrder {index:8;}">
                <Coords points="1661,2110 3064,2113 3792,2058 3794,1997 2905,1922 2307,2006 1962,1928 1667,1968"/>
                <Baseline points="1678,2102 1738,2097 1828,2091 1917,2091 2007,2085 2097,2085 2186,2079 2276,2073 2365,2073 2455,2067 2545,2067 2634,2061 2724,2061 2813,2055 2903,2049 2993,2049 3082,2049 3172,2043 3262,2043 3351,2037 3441,2037 3530,2031 3620,2031 3710,2031 3799,2043"/>
                <TextEquiv>
                    <Unicode>gegangen. Wasfür ein Entscheidung er trifft,</Unicode>
                </TextEquiv>
            </TextLine>
            <TextLine id="tr_2_tl_10" custom="readingOrder {index:9;}">
                <Coords points="1675,2261 1774,2302 2157,2232 2676,2261 2678,2154 2502,2110 2406,2157 2287,2102 1977,2151 1841,2113 1678,2128"/>
                <Baseline points="1690,2246 1696,2246 1786,2246 1875,2240 1965,2240 2055,2240 2144,2234 2234,2228 2324,2228 2413,2222 2503,2222 2592,2216 2682,2222"/>
                <TextEquiv>
                    <Unicode>weiss ich noch nicht.</Unicode>
                </TextEquiv>
            </TextLine>
            <TextLine id="tr_2_tl_11" custom="readingOrder {index:10;}">
                <Coords points="1667,2409 3667,2386 3826,2354 3829,2264 1670,2290"/>
                <Baseline points="1684,2407 1774,2401 1864,2401 1953,2401 2043,2395 2132,2389 2222,2383 2312,2383 2401,2377 2491,2377 2580,2377 2670,2371 2760,2365 2849,2365 2939,2359 3029,2359 3118,2359 3208,2353 3297,2347 3387,2347 3477,2347 3566,2341 3656,2335 3745,2335 3835,2341"/>
                <TextEquiv>
                    <Unicode>Gilb: Also er verbietet Dir zu schreiben? Er</Unicode>
                </TextEquiv>
            </TextLine>
            <TextLine id="tr_2_tl_12" custom="readingOrder {index:11;}">
                <Coords points="1693,2560 3994,2534 4000,2394 1696,2415"/>
                <Baseline points="1708,2557 1762,2557 1852,2551 1941,2551 2031,2551 2120,2545 2210,2545 2300,2539 2389,2539 2479,2533 2568,2533 2658,2527 2748,2521 2837,2521 2927,2515 3017,2515 3106,2515 3196,2509 3285,2503 3375,2503 3465,2497 3554,2497 3644,2491 3733,2491 3823,2491 3913,2485 4002,2485"/>
                <TextEquiv>
                    <Unicode>duldet nicht, dass seine Frau gewissermassen auch</Unicode>
                </TextEquiv>
            </TextLine>
        </TextRegion>
        <TextRegion id="tr_3" custom="readingOrder {index:2;}">
            <Coords points="1714,2590 4038,2590 4038,5052 1714,5052"/>
            <TextLine id="tr_3_tl_1" custom="readingOrder {index:0;}">
                <Coords points="1699,2722 3765,2707 3919,2661 3922,2586 2844,2539 1922,2623 1704,2565"/>
                <Baseline points="1714,2712 1774,2706 1864,2706 1953,2706 2043,2700 2132,2700 2222,2700 2312,2694 2401,2694 2491,2688 2580,2688 2670,2682 2760,2676 2849,2676 2939,2670 3029,2670 3118,2664 3208,2658 3297,2658 3387,2658 3477,2652 3566,2652 3656,2646 3745,2646 3835,2646 3925,2640"/>
                <TextEquiv>
                    <Unicode>ein Gehirn hat?...Ah, das ist vortrefflich! Das</Unicode>
                </TextEquiv>
            </TextLine>
            <TextLine id="tr_3_tl_2" custom="readingOrder {index:1;}">
                <Coords points="1699,2907 3931,2826 3937,2684 3281,2748 2371,2696 1702,2797"/>
                <Baseline points="1714,2867 1786,2861 1875,2861 1965,2855 2055,2855 2144,2849 2234,2849 2324,2843 2413,2843 2503,2837 2592,2837 2682,2831 2772,2831 2861,2825 2951,2819 3040,2819 3130,2813 3220,2813 3309,2807 3399,2807 3489,2801 3578,2801 3668,2801 3757,2796 3847,2796 3937,2801"/>
                <TextEquiv>
                    <Unicode>ist die Blüte der Nation! - So hab' ich mir ihn</Unicode>
                </TextEquiv>
            </TextLine>
            <TextLine id="tr_3_tl_3" custom="readingOrder {index:2;}">
                <Coords points="1702,3044 3618,2989 3847,2965 3850,2884 1707,2905"/>
                <Baseline points="1720,3017 1792,3017 1881,3017 1971,3011 2061,3005 2150,3005 2240,2999 2330,2999 2419,2993 2509,2993 2598,2993 2688,2993 2778,2987 2867,2981 2957,2975 3046,2975 3136,2975 3226,2969 3315,2969 3405,2963 3495,2957 3584,2957 3674,2957 3763,2951 3853,2957"/>
                <TextEquiv>
                    <Unicode>übrigens vorgestellt...na, das freut mich! Du</Unicode>
                </TextEquiv>
            </TextLine>
            <TextLine id="tr_3_tl_4" custom="readingOrder {index:3;}">
                <Coords points="1710,3197 3989,3145 4009,3049 1716,3044"/>
                <Baseline points="1726,3172 1774,3172 1864,3172 1953,3166 2043,3166 2132,3160 2222,3160 2312,3154 2401,3154 2491,3148 2580,3148 2670,3142 2760,3142 2849,3142 2939,3136 3029,3136 3118,3130 3208,3124 3297,3124 3387,3118 3477,3118 3566,3112 3656,3112 3745,3112 3835,3106 3925,3112 4014,3112"/>
                <TextEquiv>
                    <Unicode>wirst schon draufkommen, mein Kind! Da hast Du ja</Unicode>
                </TextEquiv>
            </TextLine>
            <TextLine id="tr_3_tl_5" custom="readingOrder {index:4;}">
                <Coords points="1754,3345 3383,3307 3409,3203 1760,3212"/>
                <Baseline points="1774,3321 1798,3327 1887,3327 1977,3321 2067,3321 2156,3315 2246,3315 2335,3309 2425,3309 2515,3303 2604,3303 2694,3297 2784,3297 2873,3291 2963,3285 3052,3285 3142,3279 3232,3279 3321,3279 3411,3279"/>
                <TextEquiv>
                    <Unicode>nun, was Du wolltest! So ein Idiot!</Unicode>
                </TextEquiv>
            </TextLine>
            <TextLine id="tr_3_tl_6" custom="readingOrder {index:5;}">
                <Coords points="1710,3531 4032,3478 3992,3316 3061,3319 2873,3409 2687,3322 1716,3342"/>
                <Baseline points="1726,3483 1798,3483 1887,3483 1977,3483 2067,3477 2156,3471 2246,3471 2335,3465 2425,3459 2515,3459 2604,3459 2694,3459 2784,3453 2873,3453 2963,3447 3052,3441 3142,3441 3232,3435 3321,3435 3411,3435 3500,3429 3590,3429 3680,3423 3769,3423 3859,3423 3949,3417 4038,3423"/>
                <TextEquiv>
                    <Unicode>Marg: Ich verbiete Dir, so über ihn zu reden! Du</Unicode>
                </TextEquiv>
            </TextLine>
            <TextLine id="tr_3_tl_7" custom="readingOrder {index:6;}">
                <Coords points="1725,3652 1887,3684 2180,3632 2574,3644 2696,3618 2699,3516 2525,3502 2461,3548 2307,3528 2252,3565 2171,3525 1971,3565 1820,3525 1728,3571"/>
                <Baseline points="1744,3632 1804,3638 1893,3638 1983,3632 2073,3626 2162,3626 2252,3620 2341,3620 2431,3620 2521,3614 2610,3614 2700,3614"/>
                <TextEquiv>
                    <Unicode>verstehst ihn nicht!</Unicode>
                </TextEquiv>
            </TextLine>
            <TextLine id="tr_3_tl_8" custom="readingOrder {index:7;}">
                <Coords points="1722,3803 3997,3765 4000,3641 1725,3699"/>
                <Baseline points="1738,3793 1762,3793 1852,3793 1941,3787 2031,3781 2120,3781 2210,3781 2300,3775 2389,3775 2479,3769 2568,3769 2658,3763 2748,3769 2837,3763 2927,3757 3017,3757 3106,3751 3196,3745 3285,3745 3375,3745 3465,3739 3554,3733 3644,3733 3733,3733 3823,3728 3913,3728 4002,3733"/>
                <TextEquiv>
                    <Unicode>Gilb: Was - Du nimmst ihn noch jetzt in Schutz?</Unicode>
                </TextEquiv>
            </TextLine>
            <TextLine id="tr_3_tl_9" custom="readingOrder {index:8;}">
                <Coords points="1762,3989 3876,3928 3942,3821 1765,3861"/>
                <Baseline points="1780,3949 1798,3949 1887,3943 1977,3943 2067,3943 2156,3937 2246,3937 2335,3937 2425,3931 2515,3931 2604,3925 2694,3925 2784,3919 2873,3913 2963,3907 3052,3907 3142,3907 3232,3907 3321,3907 3411,3901 3500,3901 3590,3895 3680,3889 3769,3889 3859,3889 3949,3889"/>
                <TextEquiv>
                    <Unicode>Nach dem, was er Dir angethan?...Du bist ein-</Unicode>
                </TextEquiv>
            </TextLine>
            <TextLine id="tr_3_tl_10" custom="readingOrder {index:9;}">
                <Coords points="1722,4125 4000,4050 4000,3960 3876,3948 2507,4029 1725,3963"/>
                <Baseline points="1738,4104 1768,4098 1858,4104 1947,4098 2037,4098 2126,4092 2216,4092 2306,4092 2395,4086 2485,4086 2574,4080 2664,4080 2754,4080 2843,4074 2933,4068 3023,4068 3112,4062 3202,4062 3291,4056 3381,4056 3471,4062 3560,4050 3650,4050 3739,4050 3829,4050 3919,4044 4008,4044"/>
                <TextEquiv>
                    <Unicode>fach bereits zugrunde gerichtet! Sag', merkst Du</Unicode>
                </TextEquiv>
            </TextLine>
            <TextLine id="tr_3_tl_11" custom="readingOrder {index:10;}">
                <Coords points="1733,4284 2180,4310 2473,4252 2545,4310 3105,4252 3270,4212 3276,4076 2818,4154 2713,4108 2649,4151 2090,4119 2012,4160 1739,4116"/>
                <Baseline points="1750,4259 1756,4259 1846,4259 1935,4259 2025,4259 2114,4253 2204,4253 2294,4247 2383,4241 2473,4241 2563,4241 2652,4241 2742,4235 2831,4229 2921,4217 3011,4217 3100,4211 3190,4205 3279,4211"/>
                <TextEquiv>
                    <Unicode>denn das gar nicht?.. Wir die</Unicode>
                </TextEquiv>
            </TextLine>
            <TextLine id="tr_3_tl_12" custom="readingOrder {index:11;}">
                <Coords points="1725,4467 4003,4363 4003,4281 3789,4267 1731,4287"/>
                <Baseline points="1744,4421 1768,4421 1858,4415 1947,4415 2037,4415 2126,4409 2216,4409 2306,4409 2395,4403 2485,4403 2574,4397 2664,4397 2754,4391 2843,4385 2933,4385 3023,4385 3112,4379 3202,4373 3291,4373 3381,4373 3471,4373 3560,4367 3650,4367 3739,4367 3829,4361 3919,4355 4008,4349"/>
                <TextEquiv>
                    <Unicode>Marg: Du weisst ja nicht, warum er so gegen das</Unicode>
                </TextEquiv>
            </TextLine>
            <TextLine id="tr_3_tl_13" custom="readingOrder {index:12;}">
                <Coords points="1739,4597 2684,4551 2954,4609 3881,4539 3931,4441 1742,4473"/>
                <Baseline points="1756,4576 1780,4576 1869,4570 1959,4570 2049,4564 2138,4564 2228,4564 2318,4558 2407,4558 2497,4558 2586,4558 2676,4552 2766,4546 2855,4540 2945,4540 3034,4534 3124,4534 3214,4528 3303,4528 3393,4528 3483,4522 3572,4522 3662,4522 3751,4516 3841,4516 3931,4510"/>
                <TextEquiv>
                    <Unicode>Schreiben ist...Aus Eifersucht... nur aus Eifer-</Unicode>
                </TextEquiv>
            </TextLine>
            <TextLine id="tr_3_tl_14" custom="readingOrder {index:13;}">
                <Coords points="1742,4768 3963,4725 3896,4586 1748,4586"/>
                <Baseline points="1762,4737 1822,4731 1911,4731 2001,4725 2091,4725 2180,4725 2270,4719 2359,4719 2449,4713 2539,4713 2628,4713 2718,4707 2807,4707 2897,4701 2987,4695 3076,4695 3166,4689 3256,4689 3345,4689 3435,4683 3524,4683 3614,4677 3704,4677 3793,4677 3883,4671 3972,4665"/>
                <TextEquiv>
                    <Unicode>sucht! Ja, das ist es! - Ah, hättest Du ihn nur</Unicode>
                </TextEquiv>
            </TextLine>
            <TextLine id="tr_3_tl_15" custom="readingOrder {index:14;}">
                <Coords points="1757,4913 3954,4867 4006,4760 1762,4777"/>
                <Baseline points="1774,4893 1858,4887 1947,4887 2037,4887 2126,4881 2216,4881 2306,4875 2395,4875 2485,4869 2574,4863 2664,4863 2754,4857 2843,4857 2933,4851 3023,4851 3112,4851 3202,4851 3291,4845 3381,4845 3471,4839 3560,4839 3650,4833 3739,4833 3829,4833 3919,4827 4008,4833"/>
                <TextEquiv>
                    <Unicode>gehört, eine Viertelstunde eh' Du gekommen bist!</Unicode>
                </TextEquiv>
            </TextLine>
            <TextLine id="tr_3_tl_16" custom="readingOrder {index:15;}">
                <Coords points="1762,5096 2171,5122 2629,5035 3006,5139 3980,5024 3983,4896 1768,4916"/>
                <Baseline points="1780,5042 1840,5042 1929,5042 2019,5042 2108,5036 2198,5036 2288,5030 2377,5030 2467,5024 2557,5024 2646,5024 2736,5018 2825,5018 2915,5012 3005,5012 3094,5006 3184,5006 3273,5000 3363,5006 3453,5000 3542,4994 3632,4994 3722,4994 3811,4988 3901,4988 3990,4982"/>
                <TextEquiv>
                    <Unicode>Er schämt sich sozusagen für mich, dass ich das</Unicode>
                </TextEquiv>
            </TextLine>
        </TextRegion>
    </Page>
</PcGts>
