4376 5608
2118 315 2473 552 18 -
1575 586 4086 830 Mir zu Füssen... der Haupt an meine Kniegelebut.
1578 802 3836 1051 Marg: An ein Ideal waren sie gerichtet, dessen
1600 939 3902 1204 zufälliger Vertreter Du warst, bevor der Richtige
1616 1110 3855 1360 kam.... Oder glaubst Du im Ernst, dass ich Dich
412 1135 929 1375 Schwerda
1606 1257 3746 1522 mit dem schlanken Jüngling gemeint, dass ich
664 1297 1369 1572 nicht vortret.
1612 1407 3883 1678 Deine Locken besungen habe? Du bist schon damals
1619 1553 3861 1784 dick gewesen... und das :Sie fährt ihm in die
1612 1728 3889 1955 Haare: sind doch um Gotteswillen keine Locken!
1640 1868 3814 2118 Gilb: Damals hast Du sie dafür gehalten! Aber
1637 2015 3827 2277 was thut man nicht Alles fur den Vers, für den
1728 2205 3796 2454 Wohlklang.... Hab' ich Dich nicht einmal in
1662 2352 3951 2589 einem Sonett "Mein kluges Mädchen" genannt? Dabei
1662 2476 3933 2744 warst Du weder.... Doch nein, ich will nicht zu
1675 2648 3827 2872 weit gehen.... Klug warst Du schon.... ja... be-
3552 2729 3948 2869 (Sause)
505 2729 1407 3028 + (Er sieht sich im Zwar
1659 2804 3820 3059 schlämend klug...widerwärtig klua.na!...Das
708 2938 939 3125 um)
1672 2997 3858 3215 ist Dir ja gelungen... das wolltest Du ja... Im
1672 3147 3889 3365 übrigen, wundern muss man sich nicht. Ein arger
1672 3234 3905 3477 Suob bist Du ja immer gewesen! venn Du irgendwo
1687 3428 3927 3658 nur einen Grafen oder Baron gerochen hast - und
1681 3558 4014 3817 man riecht sie ja wirklich auf hundert Schritt, da
1740 3730 3181 3986 sie ja aus dem Stalle kommen -
1690 3898 3056 4145 Marg: Ich verbiete mir das!
1697 4029 3980 4285 Gilb: Ach Gott...verbieten! - Na, jetzt hast Du
1759 4198 3886 4457 ja Deinen Willen, Du hast ihn ja eingefangen,
1725 4354 3961 4591 diesen adeligen Jüngling mit den wohlgepflegten
1715 4513 4039 4769 Händen und dem ungepflegten Gehirn - den vortreff
1737 4653 4033 4928 lichen Reiter, Fechter, Schützen, Teunis-Spieler,
1722 4834 4036 5146 Herzenbrecher - die Marlitt hätt' ihn nicht ekli-
468 5130 714 5405 un
