4376 5608
2351 538 2660 832 19 -
1740 861 3911 1102 ger ordichten können... ja, was willst Du denn
1740 1084 3961 1270 mehr?... Ob Dir das auf die Dauer genügen wird,
2128 1184 2363 1308 forderly
1751 1223 3961 1402 das ist eine andere Frage. Ich kann Dir nur sa-
667 1249 1549 1531 nen Gerichtskommern
1728 1390 3679 1563 gen: für mich bist Du sehr herabgekommen.
1737 1522 3030 1710 Marg: Bist Du bald fertig?
1734 1707 3941 1881 Gilb: Bald.-Du bist jetzt einfach...weisst Du,
1716 1863 3911 2025 was Du bist?...Weibchen!.. Na ja, was hat Dich
1722 1975 3897 2186 denn zu einem Menschen von der Sorte anders
1751 2142 3806 2325 hingelockt? - Doch nur der gemeine Trieb...
1740 2286 3920 2495 Marg: Ich bitt Dich, schimpf nicht auf dein
1684 2469 4044 2665 amminen Trieb Ich bitte Dich, Du hast Ursache...
1681 2604 3885 2815 Gilb: Liebes Kind, an bei uns war doch noch
1684 2783 3870 2951 was Andres auch dabei – wir Zwei waren doch in
1687 2909 3826 3118 einem gewissen Grad Gehirnmenschen! Da hatten
1669 3103 3991 3277 sich zwei Seelen gefunden! - Was machst Du da für
1663 3236 3762 3415 eine Handbewegung...versuche die Sache jetzt
1657 3377 3870 3582 nicht herabzuziehen. Es bleibt das Herrlichste,
1652 3568 2710 3715 das Du je erlebt hast.
1869 3635 2457 3809 (fast verzweifelt)
1628 3676 3911 3888 Marg: Ach Gott, wenn ich denke, dass ich dieses
1634 3864 3347 4035 Gewäsch ein Jahr lang ertragen habe!
1631 4008 3941 4199 Gilb:  Ertragen?... Du hast Dich daran berauscht.
1622 4182 3906 4361 Und siehst Du, wie jämmerlich Du Dich auch gegen
1607 4343 3882 4523 Schluss benommen hast, das kann mir die Erinner-
1657 4508 3882 4678 ung nicht vergällen... auch das hat dazu gehört.
1590 4649 3750 4820 Ja, mein Kind...  :Deutet auf den Roman:
1602 4787 2892 4972 wirst Du Alles drin finden.
1578 4966 3753 5219 Marg: Ich werde nichts drin finden, denn ich
464 5234 729 5410 seem
