<?xml version="1.0" encoding="UTF-8" standalone="yes"?>
<PcGts xmlns="http://schema.primaresearch.org/PAGE/gts/pagecontent/2013-07-15" xmlns:xsi="http://www.w3.org/2001/XMLSchema-instance" xsi:schemaLocation="http://schema.primaresearch.org/PAGE/gts/pagecontent/2013-07-15 http://schema.primaresearch.org/PAGE/gts/pagecontent/2013-07-15/pagecontent.xsd">
    <Metadata>
        <Creator>prov=READ-COOP:name=TrHtr:version=2.1.0:model_id=51170:date=28_07_2023_21:09</Creator>
        <Created>2023-05-10T11:55:12.387+02:00</Created>
        <LastChange>2023-07-28T21:09:39.086+02:00</LastChange>
        <TranskribusMetadata docId="1428176" pageId="55395909" pageNr="334" tsid="131377968" status="IN_PROGRESS" userId="64420" imgUrl="https://files.transkribus.eu/Get?id=FJXIRKVHJCAJIYWMKSIZGHPH&amp;fileType=view" xmlUrl="https://files.transkribus.eu/Get?id=BETYSNQWUMSJZHZEYBKDRWMK" imageId="44670787"/>
    </Metadata>
    <Page imageFilename="1428176_0334.jpg" imageWidth="4328" imageHeight="5656">
        <ReadingOrder>
            <OrderedGroup id="ro_1711801723887" caption="Regions reading order">
                <RegionRefIndexed index="0" regionRef="tr_1"/>
                <RegionRefIndexed index="1" regionRef="tr_2"/>
            </OrderedGroup>
        </ReadingOrder>
        <TextRegion id="tr_1" custom="readingOrder {index:0;}">
            <Coords points="1688,606 4039,606 4039,3154 1688,3154"/>
            <TextLine id="tr_1_tl_1" custom="readingOrder {index:0;}">
                <Coords points="2301,710 2394,707 2437,673 2454,681 2475,673 2486,684 2501,673 2518,679 2553,655 2593,661 2596,618 2555,606 2515,612 2501,598 2437,578 2394,583 2379,595 2362,586 2307,595"/>
                <Baseline points="2320,668 2332,668 2422,662 2511,656 2601,656"/>
                <TextEquiv>
                    <Unicode>27 -</Unicode>
                </TextEquiv>
            </TextLine>
            <TextLine id="tr_1_tl_2" custom="readingOrder {index:1;}">
                <Coords points="1727,1019 3953,982 3898,898 3508,933 3199,791 2755,901 1727,892"/>
                <Baseline points="1742,972 1831,966 1921,966 2010,966 2100,966 2189,966 2279,966 2368,972 2458,972 2547,972 2637,972 2726,972 2816,972 2905,972 2995,972 3084,978 3174,978 3263,978 3353,978 3442,978 3532,978 3621,978 3711,984 3800,984 3889,984 3961,978"/>
                <TextEquiv>
                    <Unicode>erinnere mich so gut wie heute... "Wie darf die-</Unicode>
                </TextEquiv>
            </TextLine>
            <TextLine id="tr_1_tl_3" custom="readingOrder {index:2;}">
                <Coords points="1727,1181 3295,1135 3624,1233 3918,1155 3878,1065 3309,1074 3000,985 1727,1068"/>
                <Baseline points="1742,1127 1831,1121 1921,1121 2010,1121 2100,1121 2189,1121 2279,1121 2368,1121 2458,1121 2547,1121 2637,1127 2726,1127 2816,1127 2905,1127 2995,1127 3084,1133 3174,1127 3263,1133 3353,1133 3442,1133 3532,1133 3621,1133 3711,1133 3800,1133 3889,1127 3925,1127"/>
                <TextEquiv>
                    <Unicode>ser Idiot wagen, sagtest Du, Dein Talent zu be-</Unicode>
                </TextEquiv>
            </TextLine>
            <TextLine id="tr_1_tl_4" custom="readingOrder {index:3;}">
                <Coords points="1715,1314 4031,1348 4031,1175 3425,1236 3326,1161 2651,1152 1715,1239"/>
                <Baseline points="1730,1276 1819,1270 1909,1270 1998,1270 2088,1270 2177,1270 2267,1270 2356,1270 2446,1276 2535,1276 2625,1276 2714,1276 2804,1276 2893,1282 2983,1282 3072,1288 3162,1282 3251,1282 3341,1282 3430,1282 3520,1282 3609,1282 3699,1288 3788,1288 3878,1288 3967,1288 4039,1294"/>
                <TextEquiv>
                    <Unicode>grenzen? Wie kann er es wagen, Dein nächstes Buch</Unicode>
                </TextEquiv>
            </TextLine>
            <TextLine id="tr_1_tl_5" custom="readingOrder {index:4;}">
                <Coords points="1712,1444 2293,1499 2388,1441 2564,1502 2766,1441 3427,1450 3425,1380 3277,1386 3139,1305 1709,1377"/>
                <Baseline points="1724,1425 1813,1425 1903,1425 1992,1425 2082,1431 2171,1431 2261,1425 2350,1425 2440,1425 2529,1425 2619,1425 2708,1431 2798,1431 2887,1431 2977,1431 3066,1437 3156,1431 3245,1437 3335,1437 3424,1437 3436,1437"/>
                <TextEquiv>
                    <Unicode>sozusagen im Mutterleib zu erwürgen?</Unicode>
                </TextEquiv>
            </TextLine>
            <TextLine id="tr_1_tl_6" custom="readingOrder {index:5;}">
                <Coords points="1701,1652 2862,1588 4014,1660 4011,1542 3630,1536 3468,1444 2763,1444 2333,1536 1698,1484"/>
                <Baseline points="1718,1592 1807,1581 1897,1581 1986,1587 2076,1587 2165,1581 2255,1581 2344,1581 2434,1581 2523,1581 2613,1581 2702,1581 2792,1587 2881,1587 2971,1587 3060,1587 3150,1587 3239,1592 3329,1592 3418,1592 3508,1592 3597,1592 3687,1592 3776,1598 3866,1592 3955,1598 4021,1592"/>
                <TextEquiv>
                    <Unicode>Marg: Und doch hatte er Recht. Ich hab' es immer</Unicode>
                </TextEquiv>
            </TextLine>
            <TextLine id="tr_1_tl_7" custom="readingOrder {index:6;}">
                <Coords points="1715,1805 3728,1758 3728,1692 3358,1698 3231,1605 1715,1686"/>
                <Baseline points="1730,1742 1819,1736 1909,1736 1998,1736 2088,1736 2177,1736 2267,1736 2356,1736 2446,1736 2535,1736 2625,1736 2714,1742 2804,1748 2893,1748 2983,1742 3072,1748 3162,1748 3251,1748 3341,1748 3430,1748 3520,1748 3609,1748 3699,1748 3734,1754"/>
                <TextEquiv>
                    <Unicode>gewusst. Aber Du warst ja so empfindlich...</Unicode>
                </TextEquiv>
            </TextLine>
            <TextLine id="tr_1_tl_8" custom="readingOrder {index:7;}">
                <Coords points="1701,1972 2674,1888 3927,1929 4014,1923 4014,1831 3546,1848 3465,1770 3139,1756 1701,1836"/>
                <Baseline points="1718,1885 1807,1891 1897,1891 1986,1897 2076,1891 2165,1891 2255,1897 2344,1897 2434,1891 2523,1885 2613,1891 2702,1885 2792,1885 2881,1897 2971,1897 3060,1897 3150,1897 3239,1897 3329,1897 3418,1897 3508,1897 3597,1903 3687,1903 3776,1903 3866,1903 3955,1903 4021,1909"/>
                <TextEquiv>
                    <Unicode>Gilb: D u sprichst von Empfindlichkeit? Die Fie</Unicode>
                </TextEquiv>
            </TextLine>
            <TextLine id="tr_1_tl_9" custom="readingOrder {index:8;}">
                <Coords points="2449,2001 2475,2013 2521,1966 2564,2004 2607,1978 2659,1972 2691,1989 2708,1972 2778,1975 2781,1912 2714,1917 2677,1888 2633,1914 2613,1900 2576,1923 2564,1914 2538,1926 2501,1903 2451,1912"/>
                <Baseline points="2464,1968 2517,1968 2607,1962 2696,1962 2786,1962"/>
                <TextEquiv>
                    <Unicode>ugendro</Unicode>
                </TextEquiv>
            </TextLine>
            <TextLine id="tr_1_tl_10" custom="readingOrder {index:9;}">
                <Coords points="1715,2096 4002,2091 4002,1987 3644,2007 3448,1920 2475,2013 1715,1987"/>
                <Baseline points="1730,2040 1819,2040 1909,2040 1998,2040 2088,2046 2177,2046 2267,2046 2356,2046 2446,2046 2535,2046 2625,2046 2714,2046 2804,2046 2893,2046 2983,2046 3072,2046 3162,2046 3251,2052 3341,2052 3430,2052 3520,2052 3609,2052 3699,2058 3788,2058 3878,2058 3967,2052 4009,2052"/>
                <TextEquiv>
                    <Unicode>ber bekam, wenn/ein böses Wort über sie erschien!</Unicode>
                </TextEquiv>
            </TextLine>
            <TextLine id="tr_1_tl_11" custom="readingOrder {index:10;}">
                <Coords points="1683,2275 2030,2206 3863,2258 3817,2148 3462,2166 3147,2065 2013,2174 1681,2102"/>
                <Baseline points="1700,2201 1789,2195 1879,2201 1968,2201 2058,2201 2147,2201 2237,2201 2326,2201 2416,2201 2505,2201 2595,2195 2684,2201 2774,2195 2863,2201 2953,2201 3042,2201 3132,2201 3221,2201 3311,2201 3400,2207 3490,2207 3579,2207 3669,2207 3758,2207 3848,2201 3872,2201"/>
                <TextEquiv>
                    <Unicode>Marg: Es ist nie ein böses Wort über mich er-</Unicode>
                </TextEquiv>
            </TextLine>
            <TextLine id="tr_1_tl_12" custom="readingOrder {index:11;}">
                <Coords points="1695,2423 1796,2423 1851,2402 1926,2431 2036,2391 2082,2408 2111,2382 2145,2391 2145,2304 2062,2296 2027,2310 1981,2284 1958,2296 1923,2281 1880,2301 1834,2287 1799,2304 1767,2287 1695,2307"/>
                <Baseline points="1712,2350 1801,2350 1891,2350 1980,2350 2070,2356 2153,2356"/>
                <TextEquiv>
                    <Unicode>schienen.</Unicode>
                </TextEquiv>
            </TextLine>
            <TextLine id="tr_1_tl_13" custom="readingOrder {index:12;}">
                <Coords points="1695,2599 2027,2610 2218,2521 3953,2579 3953,2454 3358,2472 3176,2382 2359,2463 1695,2423"/>
                <Baseline points="1712,2505 1801,2505 1891,2511 1980,2511 2070,2511 2159,2511 2249,2505 2338,2511 2428,2511 2517,2511 2607,2511 2696,2511 2786,2511 2875,2511 2965,2511 3054,2511 3144,2517 3233,2517 3323,2517 3412,2517 3502,2517 3591,2517 3681,2523 3770,2523 3860,2523 3949,2523 3961,2523"/>
                <TextEquiv>
                    <Unicode>Gilb: Gegen schöne Frauen ist man immer galant.</Unicode>
                </TextEquiv>
            </TextLine>
            <TextLine id="tr_1_tl_14" custom="readingOrder {index:13;}">
                <Coords points="1672,2734 3863,2703 3863,2596 3462,2631 3020,2535 2579,2622 1672,2619"/>
                <Baseline points="1688,2666 1777,2660 1867,2666 1956,2666 2046,2666 2135,2666 2225,2666 2314,2666 2404,2666 2493,2666 2583,2666 2672,2666 2762,2660 2851,2666 2941,2666 3030,2666 3120,2666 3209,2672 3299,2672 3388,2672 3478,2672 3567,2672 3657,2672 3746,2672 3836,2672 3872,2672"/>
                <TextEquiv>
                    <Unicode>Marg: Aus Galanterie haben sie meine Gedichte</Unicode>
                </TextEquiv>
            </TextLine>
            <TextLine id="tr_1_tl_15" custom="readingOrder {index:14;}">
                <Coords points="1689,2867 3832,2867 3829,2700 3684,2682 1689,2726"/>
                <Baseline points="1706,2816 1795,2816 1885,2816 1974,2816 2064,2816 2153,2816 2243,2816 2332,2816 2422,2816 2511,2816 2601,2816 2690,2816 2780,2816 2869,2822 2959,2828 3048,2828 3138,2822 3227,2828 3317,2828 3406,2828 3496,2828 3585,2828 3675,2828 3764,2828 3836,2839"/>
                <TextEquiv>
                    <Unicode>gelobt? Erinnere Dich doch, was Du selbst mir</Unicode>
                </TextEquiv>
            </TextLine>
            <TextLine id="tr_1_tl_16" custom="readingOrder {index:15;}">
                <Coords points="1686,3061 2079,2994 2766,3055 2888,2991 3852,2994 3803,2905 3393,2934 2708,2815 2394,2937 1683,2908"/>
                <Baseline points="1700,2971 1789,2971 1879,2971 1968,2971 2058,2977 2147,2977 2237,2977 2326,2977 2416,2977 2505,2977 2595,2977 2684,2983 2774,2977 2863,2977 2953,2977 3042,2977 3132,2977 3221,2983 3311,2983 3400,2983 3490,2983 3579,2989 3669,2989 3758,2989 3848,2983 3860,2983"/>
                <TextEquiv>
                    <Unicode>darüber gesagt hast. Oder hast Du mich viel-</Unicode>
                </TextEquiv>
            </TextLine>
            <TextLine id="tr_1_tl_17" custom="readingOrder {index:16;}">
                <Coords points="2795,3087 2810,3084 2827,3093 2870,3084 2893,3098 2911,3084 2925,3084 2968,3098 2963,2991 2937,2997 2916,2989 2902,2989 2896,2997 2888,2991 2870,3009 2833,2997 2810,3015 2795,3015"/>
                <Baseline points="2810,3072 2899,3072 2971,3078"/>
                <TextEquiv>
                    <Unicode>als</Unicode>
                </TextEquiv>
            </TextLine>
            <TextLine id="tr_1_tl_18" custom="readingOrder {index:17;}">
                <Coords points="1683,3211 2362,3139 3985,3191 3962,3069 3289,3090 3075,3009 2954,3101 1683,3058"/>
                <Baseline points="1700,3126 1789,3126 1879,3126 1968,3126 2058,3126 2147,3126 2237,3126 2326,3132 2416,3132 2505,3132 2595,3132 2684,3138 2774,3138 2863,3138 2953,3138 3042,3138 3132,3138 3221,3138 3311,3138 3400,3138 3490,3138 3579,3144 3669,3144 3758,3144 3848,3144 3937,3144 3991,3144"/>
                <TextEquiv>
                    <Unicode>leicht damals belogen, xxxo ich Dich auf den Knie-</Unicode>
                </TextEquiv>
            </TextLine>
        </TextRegion>
        <TextRegion id="tr_2" custom="readingOrder {index:1;}">
            <Coords points="513,3231 3967,3231 3967,5433 513,5433"/>
            <TextLine id="tr_2_tl_1" custom="readingOrder {index:0;}">
                <Coords points="1695,3361 2983,3300 3243,3404 3240,3159 2313,3248 2229,3196 1692,3208"/>
                <Baseline points="1712,3281 1801,3281 1891,3281 1980,3287 2070,3287 2159,3287 2249,3287 2338,3287 2428,3287 2517,3287 2607,3287 2696,3293 2786,3293 2875,3293 2965,3293 3054,3293 3144,3293 3233,3299 3251,3299"/>
                <TextEquiv>
                    <Unicode>en beschwor, aufrichtig zu sein?)</Unicode>
                </TextEquiv>
            </TextLine>
            <TextLine id="tr_2_tl_2" custom="readingOrder {index:1;}">
                <Coords points="1683,3508 3598,3456 3947,3540 3901,3378 1683,3350"/>
                <Baseline points="1700,3442 1789,3442 1879,3442 1968,3442 2058,3442 2147,3442 2237,3442 2326,3442 2416,3442 2505,3442 2595,3442 2684,3442 2774,3448 2863,3448 2953,3448 3042,3448 3132,3448 3221,3448 3311,3454 3400,3454 3490,3454 3579,3454 3669,3460 3758,3460 3848,3454 3937,3454 3955,3460"/>
                <TextEquiv>
                    <Unicode>Gilb: Ich gebe Dir auch noch heute eine gewisse</Unicode>
                </TextEquiv>
            </TextLine>
            <TextLine id="tr_2_tl_3" custom="readingOrder {index:2;}">
                <Coords points="1689,3656 3061,3612 3962,3705 3921,3529 3462,3557 3199,3459 2492,3560 1689,3526"/>
                <Baseline points="1706,3597 1795,3591 1885,3591 1974,3591 2064,3597 2153,3597 2243,3597 2332,3597 2422,3597 2511,3597 2601,3597 2690,3597 2780,3597 2869,3597 2959,3603 3048,3603 3138,3603 3227,3609 3317,3609 3406,3609 3496,3609 3585,3609 3675,3615 3764,3615 3854,3615 3943,3615 3967,3621"/>
                <TextEquiv>
                    <Unicode>Begabung für das rein Erotische zu... aber da Du</Unicode>
                </TextEquiv>
            </TextLine>
            <TextLine id="tr_2_tl_4" custom="readingOrder {index:3;}">
                <Coords points="1683,3780 3251,3765 3482,3832 3913,3809 3913,3702 3179,3728 3084,3653 2688,3632 1955,3713 1681,3650"/>
                <Baseline points="1700,3746 1789,3746 1879,3746 1968,3746 2058,3752 2147,3752 2237,3752 2326,3752 2416,3752 2505,3752 2595,3758 2684,3752 2774,3752 2863,3752 2953,3758 3042,3758 3132,3758 3221,3758 3311,3764 3400,3764 3490,3764 3579,3764 3669,3770 3758,3770 3848,3770 3919,3776"/>
                <TextEquiv>
                    <Unicode>Deine einzigen schönen Gedichte zu unserer Zeit</Unicode>
                </TextEquiv>
            </TextLine>
            <TextLine id="tr_2_tl_5" custom="readingOrder {index:4;}">
                <Coords points="1683,3941 1877,3941 1923,3976 2220,3927 2642,3936 2639,3803 2420,3843 2111,3806 1995,3855 1834,3826 1681,3858"/>
                <Baseline points="1700,3907 1789,3907 1879,3907 1968,3907 2058,3901 2147,3907 2237,3907 2326,3913 2416,3913 2505,3913 2595,3913 2649,3919"/>
                <TextEquiv>
                    <Unicode>geschrieben hast....</Unicode>
                </TextEquiv>
            </TextLine>
            <TextLine id="tr_2_tl_6" custom="readingOrder {index:5;}">
                <Coords points="1678,4152 1972,4158 2391,4066 3306,4106 3303,3927 3093,3901 2414,3999 1790,3991 1675,3941"/>
                <Baseline points="1694,4063 1783,4063 1873,4063 1962,4063 2052,4063 2141,4063 2231,4063 2320,4063 2410,4068 2499,4068 2589,4068 2678,4068 2768,4063 2857,4068 2947,4068 3036,4068 3126,4068 3215,4068 3305,4074 3311,4074"/>
                <TextEquiv>
                    <Unicode>Marg: So hast Du sie wol gemacht?</Unicode>
                </TextEquiv>
            </TextLine>
            <TextLine id="tr_2_tl_7" custom="readingOrder {index:6;}">
                <Coords points="1675,4259 3901,4268 3898,4149 3661,4170 3575,4092 1672,4164"/>
                <Baseline points="1688,4218 1777,4218 1867,4218 1956,4212 2046,4218 2135,4218 2225,4218 2314,4218 2404,4218 2493,4224 2583,4218 2672,4224 2762,4224 2851,4224 2941,4224 3030,4224 3120,4224 3209,4230 3299,4230 3388,4230 3478,4230 3567,4236 3657,4236 3746,4236 3836,4242 3907,4247"/>
                <TextEquiv>
                    <Unicode>Gilb: Jedenfalls hättest Du sie nicht gemacht,</Unicode>
                </TextEquiv>
            </TextLine>
            <TextLine id="tr_2_tl_8" custom="readingOrder {index:7;}">
                <Coords points="1692,4424 3907,4409 3953,4282 3829,4360 3384,4343 3196,4239 1689,4314"/>
                <Baseline points="1706,4367 1795,4373 1885,4373 1974,4373 2064,4373 2153,4373 2243,4373 2332,4373 2422,4379 2511,4379 2601,4379 2690,4379 2780,4379 2869,4379 2959,4385 3048,4385 3138,4385 3227,4385 3317,4385 3406,4385 3496,4391 3585,4391 3675,4391 3764,4391 3854,4397 3943,4397 3961,4397"/>
                <TextEquiv>
                    <Unicode>wenn ich nicht gewesen wäre. Sind s sie nicht an</Unicode>
                </TextEquiv>
            </TextLine>
            <TextLine id="tr_2_tl_9" custom="readingOrder {index:8;}">
                <Coords points="1663,4571 1747,4556 1851,4623 1909,4626 2065,4559 2108,4591 2220,4551 2440,4554 2437,4441 2342,4473 1660,4458"/>
                <Baseline points="1676,4522 1766,4522 1855,4528 1944,4528 2034,4528 2123,4528 2213,4528 2302,4528 2392,4534 2440,4540"/>
                <TextEquiv>
                    <Unicode>mich gerichtet?</Unicode>
                </TextEquiv>
            </TextLine>
            <TextLine id="tr_2_tl_10" custom="readingOrder {index:9;}">
                <Coords points="1672,4753 2700,4689 3537,4738 3575,4571 3182,4525 2786,4620 1672,4640"/>
                <Baseline points="1688,4689 1777,4683 1867,4689 1956,4689 2046,4689 2135,4683 2225,4689 2314,4689 2404,4689 2493,4689 2583,4689 2672,4689 2762,4689 2851,4689 2941,4689 3030,4689 3120,4695 3209,4695 3299,4695 3388,4695 3478,4695 3567,4701 3579,4695"/>
                <TextEquiv>
                    <Unicode>Marg: Sie sind nicht an Dich gerichtet!</Unicode>
                </TextEquiv>
            </TextLine>
            <TextLine id="tr_2_tl_11" custom="readingOrder {index:10;}">
                <Coords points="1663,4912 3817,4880 3814,4712 1660,4785"/>
                <Baseline points="1676,4844 1766,4838 1855,4838 1944,4838 2034,4844 2123,4844 2213,4844 2302,4844 2392,4844 2481,4844 2571,4844 2660,4844 2750,4850 2839,4844 2929,4850 3018,4850 3108,4850 3197,4850 3287,4850 3376,4856 3466,4856 3555,4856 3645,4862 3734,4862 3824,4862"/>
                <TextEquiv>
                    <Unicode>Gilb: Na höre, das ist etwas stark! Soll ich</Unicode>
                </TextEquiv>
            </TextLine>
            <TextLine id="tr_2_tl_12" custom="readingOrder {index:11;}">
                <Coords points="491,5042 1054,4949 1169,5010 1250,4975 1331,4998 1337,4839 1285,4857 1164,4767 1080,4770 1008,4727 826,4779 693,4759 502,4819"/>
                <Baseline points="513,4940 536,4940 626,4928 715,4916 805,4910 894,4904 984,4898 1073,4892 1163,4892 1252,4898 1342,4904"/>
                <TextEquiv>
                    <Unicode>andie Silualion</Unicode>
                </TextEquiv>
            </TextLine>
            <TextLine id="tr_2_tl_13" custom="readingOrder {index:12;}">
                <Coords points="1669,5131 3069,5007 3295,5088 3399,5021 3846,5070 3846,4868 1666,4912"/>
                <Baseline points="1682,4993 1771,4993 1861,4993 1950,4999 2040,4999 2129,4999 2219,4999 2308,4999 2398,5005 2487,5005 2577,5005 2666,5005 2756,5005 2845,4999 2935,5005 3024,5005 3114,5005 3203,5005 3293,5011 3382,5011 3472,5011 3561,5011 3651,5011 3740,5017 3830,5023 3854,5023"/>
                <TextEquiv>
                    <Unicode>Dich erinnern, wie Du sie mir vorgelesen hast?</Unicode>
                </TextEquiv>
            </TextLine>
            <TextLine id="tr_2_tl_14" custom="readingOrder {index:13;}">
                <Coords points="494,5452 523,5446 546,5463 595,5454 621,5469 661,5457 699,5472 722,5457 751,5466 765,5278 731,5278 693,5258 679,5264 658,5249 598,5261 578,5241 543,5249 531,5232 508,5238"/>
                <Baseline points="513,5423 584,5417 674,5411 763,5405"/>
                <TextEquiv>
                    <Unicode>from</Unicode>
                </TextEquiv>
            </TextLine>
        </TextRegion>
    </Page>
</PcGts>
