4408 5720
1583 933 3896 1139 Clem: Lord Byron anderthalb zu eins... Das sind
1595 1171 2645 1333 wir, mein Schatz.
494 1201 1342 1418 (Raipim Anfang)
1571 1283 3334 1480 Marg: Ich weiss, dass das wir sind.
527 1407 1283 1627 über der drgenden
1610 1451 3716 1601 Clem: Nun was sagst Du, anderthalb zu eins!
530 1539 1354 1730 à la haute ciel
1592 1598 3834 1807 Marg: Offenbar hält er es für tote Gewissheit.
1610 1757 3843 1936 Clem: Nein, wie sie schon alle diese Ausdrücke
521 1757 1306 1983 F.TrubyKing
2001 1895 2342 2010 (Ucherzeug)
1618 1880 3843 2095 kennt!...Sawol, er hält es für tote Gewissheit.
609 1936 1421 2119 nachänlichen, da
1610 2019 3864 2272 Marg: Und ist es schon ausgemacht, dass Du ihn
600 2092 1112 2283 elegante
1630 2242 2619 2398 selbst reiten wirst?
591 2260 1483 2495 Weg wird in A.C. sein?
1633 2392 3837 2578 Clem: Wie kannst Du nur fragen?... Es ist doch
577 2422 1342 2634 Auf 4 geb.
1630 2525 3840 2684 der Damenpreis. Im übrigen, wenn ich ihn nicht
583 2595 1206 2775 nehmenfünftig. –
1642 2663 3952 2910 selber ritte, stünde er nicht anderthalb zu eins,
603 2669 1474 2863 die Leise durch das Schönster
1627 2828 3204 3045 darauf kannst Du Dich verlassen.
1633 2951 3781 3210 Marg: Ja, das glaub' ich wol. Ich bin ja so
1642 3122 3908 3299 stolz auf Dich. : Sie küsst ihn auf die Haare.
438 3143 1407 3366 das Geschäft für mich
1648 3307 3978 3484 Er wendet sich zu ihr:  Wie schön Du bist - ich
497 3340 974 3513 wenn ein H:
1657 3478 2589 3628 bin sehr glücklich!
562 3487 800 3666 Wird
1660 3590 3925 3778 Clem: Ich auch, mein Schatz... : Liest weiter:
571 3587 1230 3802 H  vt  V
1665 3772 3304 3922 Aldo "Badegast" funizehn zu eins.
533 3740 1218 3934 H. Schofel.
618 3908 1248 4087 & naigreib to
1651 3875 3254 4120 Marg: Der geht ja gar nicht mit!
744 4040 930 4190 ich.
1671 4075 2987 4258 Clem: Woher weisst Du das?
700 4128 1115 4270 M mit
747 4208 1145 4355 am 24.
1680 4202 4043 4426 Marg: Szigeti sagte mir doch selbst heute Früh...
503 4273 1286 4526 (1  eifentlichkeit)
1665 4364 3510 4540 Clem: Ah, hast Du Szigeti gesprochen?
536 4464 1345 4702 Gréning - Rokalle
1651 4481 3966 4734 Marg: Ja, natürlich. Du sahst ihn ja auch heut'
571 4655 983 4840 nial tres
1671 4714 2778 4890 Früh in der Freudenau.
1689 4826 3110 5058 Clem: Nun, und was sagte er?
1624 4952 3952 5194 Marg: Dass er "Badegast" beim Damenpreis nicht
