4480 3991
2416 663 2788 820 S. Fischel
2664 800 2816 853 au moins de cette
3653 824 4023 930 23.7.1927.
2639 1003 3504 1081 Lieber Herr Doktor Maril.
3421 1066 3523 1117 G.H.F.P.
2991 1164 4168 1223 Danken Sie bitte Herrn Fischer, der
2641 1215 4182 1288 wohl Berlin schon verlassen hat, für seine Be¬
2646 1252 4284 1351 reitwilligkeit den Druck meines Romans eventu
2648 1317 4060 1386 gleich in Angriff zu nehmen. Im Einzelnen
2646 1349 4155 1437 möchte ich hiezu noch Folgendes bemerken. Es
2650 1402 4090 1486 ist sehr möglich, sogar wahrscheinlich, dass
2641 1465 4058 1538 ich im Text noch Streichungen,vielleicht
2635 1500 4131 1587 auch kleine Hinzufügungen vornehme. Auch an
2635 1540 4182 1632 Aenderungen anderer Art wird es nicht fehlen,
2633 1602 4129 1685 denn gerade, wenn ich den Roman in neuem Bld
2646 1650 4182 1732 d.h.in Druckschrift, vor mir sehen werde,hoffe
2641 1716 4158 1783 ich noch mancherlei Korrekturen anbringen zu
2635 1752 4223 1829 können. Das Manuscript dürfte also keinesfalls
2639 1817 4015 1897 gleich in Bogen umbrochen werden, sondern
2646 1874 4050 1931 ich müsste es in möglichst gleichmässigen
2633 1893 4190 1992 Fahnen auf anständigem Papier erhalten. Sechs
2637 1960 4115 2045 Abzüge wären wohl fürs Erste genügend. Wenn
2635 2017 4050 2096 einmal der Satz da ist wäre es wohl nicht
2639 2063 4103 2145 schwer noch einige Abzüge dazu zu bekommen.
2639 2104 4162 2186 Ich glaube, dass ich das Manuscript in den al
2635 2173 4111 2241 lerersten August tagen an Sie absenden könte
2629 2200 4217 2289 und reohne dann darauf das Ganze in den aller-
2668 2281 4221 2377 ersten Septembertagen im Satz in Händen zu ha¬
2625 2338 2780 2403 ben
3012 2375 4143 2503 Wie Sie schon wissen bin ich ver-
2635 2460 4048 2556 pflichtet für eventuellen Zeitungsabdruck
2629 2511 4115 2591 Ollstein den Roman vorzulegen. Auch von an-
2633 2586 4092 2637 deren Unternehmungen liegen mir bereits An
2646 2617 4153 2696 träge vor. Herr Fsscher sagte mir seinerzeit
2635 2674 4212 2751 dass der Abdruck in der Berliner Illustrierten
2629 2733 4155 2798 den Absatz des nachher erscheinenden Buches
2635 2786 4149 2855 ungünstig beeinflüsse, während ein Erscheinen
2635 2849 4145 2906 in einer der anderen Ullstein-Blätter event.
2615 2894 4052 2965 auch in einer Tageszeitung,sagen wir z.B.
2617 2939 4021 3030 Neue Freie Presse, nicht in solcher Weise
2625 3014 3755 3173 tui iui nouisiaan mai
