4393 3993
300 1016 1888 1164 Verschiebung doch immer der Möglichkeit gegen-
300 1072 1906 1208 über, dass unerwünschter Weise Trgend eine klei-
296 1144 1818 1272 ne Bühne mit der alleinigen Uraufführung he-
302 1246 644 1334 rauskommt.
676 1284 1362 1400 Herzliehst grüssend
684 1386 806 1458 Ihr
350 2612 1182 2744 Herrn S.Fischer,Verlag,
354 2726 626 2804 Berlin.
2224 758 2786 884 l'fische
3322 776 3718 902 11.10.1926.
2228 874 2492 970 G.C.H.F.T
2392 1022 3012 1144 S.Fischer,Verlag,
3530 1088 3826 1208 Berlin.
2686 1194 3982 1312 Beifolgend die korrigierten Diogramme.
2392 1292 3254 1396 Erläuternd füge ich bei:
2678 1350 3864 1470 Die beiden gegenständigen Dreiecke
2400 1420 3850 1520 bleiben in einiger Entfernung voneinander,
2404 1506 3456 1590 die Mittellinie ist punktiert.
2696 1566 3870 1664 Die Hauptbezeichnung der Typen ist
2418 1628 3960 1734 gleich neben dem Pankt xxx entsprechen-
2418 1682 3910 1770 den Punkt zu setzen, eventuell sollen die in
2430 1712 3934 1828 Klammer gesetzten Worte auch kleine gedruckt
2418 1822 2596 1898 sein.
2694 1860 3816 1972 Die Linie von Dichter zu Prophet
2422 1914 3976 2030 Held zu Prophet, Literat zu Tückehold,Schwind -
2422 1994 3940 2080 ler zu Tückehold xxxxkimia geringere Entfer-
2416 2036 3910 2134 nung als von Prophet zu Gott etc.Die Linien
2424 2102 3430 2196 zu Gott und Teufel punktiert.
2732 2170 3846 2274 Die Ueberschriften (Der Geist im
2422 2228 3984 2360 Wort,Der Geist in der Tat) in etwas grösserer
2426 2300 3780 2386 Schrift als die Bezeichnung der Urtypen
2454 2328 3880 2440 (Staatsmann.Historiker etc.) und schief in
2434 2400 3858 2486 die einander gegenüberl iegenden Ecken ge-
2424 2476 2684 2570 stellt.
2740 2506 3970 2630 Die beiden Diogramme auf zwei einan
2436 2598 3964 2684 der benachbarten Seiten,wie auf beiliegendem
2440 2650 3996 2746 Blatt (das Ihrem Muster entspricht),am besten
2436 2700 3858 2790 auf eingeklebtem Kanton nach derauf seiner
2440 2760 3864 2850 Seite für sich stehenden Einleitung. Viel-
2454 2802 3910 2902 leicht noch besser,wenn der Kanton mit den
2468 2856 3870 2940 beiden Diogramm nicht eingeklebt, sondern
2442 2902 3964 2998 nur eingelegt, also ohnewei ters herausnehmbar
2448 2942 4004 3062 wäre, eventuell durch einen herumgeschlungenen
