4352 3960
2136 705 2681 960 Fischer
3133 832 3471 950 5.1.1925.
2254 935 2775 1010 m m m m r
2648 950 3355 1060 f. xxx xxx a. m. eif. a
3459 1018 3749 1120 G.H. Nr. N.P.
2312 1041 3156 1149 Verehrte Frau Rosenbaum,
2667 1192 3797 1277 Wenn Sie die 50 Millionen Kronen
2246 1236 3809 1346 noch nicht überwiesen haben, so bitte dringend
2254 1327 3820 1387 es zu unterlassen. Denn es kam mir ja eben da
2254 1383 3839 1445 rauf an keine rronen, sondern Mark zu bekommen,
2254 1429 3789 1497 die ich in Deutschland dringend brauche. Ich
2252 1483 3807 1555 erhalte heute übrigens von Direktor Feilchen-
2248 1526 3785 1588 feld einen Brief,in dem er mir mitteilt,dass
2254 1576 3816 1653 seit Beginn dieses Jahres alle hemmenden Ver-
2256 1615 3845 1711 ordnungen aufgehoben sind, so dass ich mit der-
2287 1688 3903 1748 selben Freiheit wie vor dem Krieg verfügen kam
2246 1740 3805 1812 Es wird also nicht die allergeringste Schwie-
2252 1775 3845 1854 rigkeit haben die Mark an die Bank für auswär-
2260 1829 3855 1920 tigen Handel zu überweisen, es bedarf nicht ein
2254 1893 3780 1960 mal einer direkten Zuschrift von mir an den
2260 1937 3772 2003 Verlag. Meine Wiener Bank ist übrigens nicht
2248 1976 3812 2059 der Bankverein, sondern die Wienarxxndankradik
2260 2038 3803 2130 Oesterr. Bodenkredit-Anstalt, Wien I.Teinfalt-
2246 2101 2578 2186 strase 8.
2598 2155 3708 2285 Was Bühnenexemplare der.Komödie
2246 2211 3915 2306 der Verführung anbelangt, so möchte feh erinnem
2258 2296 3805 2364 dass Ich seinerzeit versuchte überhaupt keine
2061 2273 2144 2364 G.C.F.P.
2252 2345 3778 2416 herzustellen, sondern verschlug an Bühnen,die
2059 2352 2148 2433 G.C.F.P
2254 2387 3888 2478 eben auf das Stück reflektiren es eventuell zum
2252 2449 3849 2520 Buchhändlerpreise zu verkaufen. Nun ersehe ich
2258 2507 3818 2574 aber aus den letzten Theaterabrechnungen, dass
2252 2540 3847 2632 mir diese Bühnenexemplarein Rechnung gestellt
2258 2600 3839 2675 worden sind, u. zw. eine ganz bedeutende Anzahl,
2258 2646 3849 2731 so dass also gerade das, was ich gern vermieden
2254 2702 3268 2800 haben wollte, eingetreten ist.
2766 2758 2988 2831 Jänner
2623 2773 3805 2880 Am 7 begebe ich mich auf eine Vor-
2258 2824 3921 2941 tragareise und teile für alle Fälle mit, dass ich
2265 2907 3760 3007 am 5.1. in Stuttgart lege (Hotel Marquart, am
2265 2963 3704 3042 12. In Freiburg i.Br. Zaeringerhof,13.Bas
2254 3005 3861 3123 Schweizerhof,15.Bern,Hotel Bellevue, 15. in Bern
