4398 3976
2265 717 2624 938 Fischer
3413 904 3891 1011 8.11.1924.
2477 1038 2974 1179 Lieber Freund
2718 1221 3933 1349 Beigeschlossen die mir freundlichst
2469 1248 3951 1401 übersandten geferate über „Komödie der Ver-
2462 1334 3920 1445 führung. Referate über die Wisbadener Auf
2460 1397 3922 1514 führung kann ich Ihnen nicht schicken, weil
2452 1430 3910 1556 Sie mir solche bisher nicht gesandt haben.
2450 1481 3905 1598 Dagegen erhielt ich welche vom Theater di¬
2456 1523 3876 1651 rekt. Der Publikumserfolg scheint ja, auch
2446 1598 3985 1751 nach privaten Nachrichtenk sehr beträchtlich
2444 1634 3840 1764 zu sein. In den meisten Zeitungen stehen
2437 1691 3840 1814 die bekannten Albernheiten, die ich schon
2444 1747 3889 1869 gewohnt bin. Wie ich mich Berlin gegenüber
2435 1798 3933 1927 verhalten soll, ist wirklich schwer zu sagen.
2439 1841 3845 1967 Zu Rotters kann ich mich nicht entschlies
2423 1909 3912 2043 sen; Reinhardt ist wohl der einzige, der die
2416 1957 3803 2064 Sache heute in Berlin machen könnte, aber
2420 1999 3813 2133 nach meinen Erfahrungen mit ihm will ich
2412 2053 3836 2167 mich erst gar nicht an ihn wenden. Kahane
2410 2097 3840 2223 hat nichts mehr von sich hören lassen. Ich
2410 2158 3832 2301 denke, ich warte ruhig ab. Auch mit diesem
2408 2190 3276 2337 Stück eilt es wohl nicht.
2670 2326 3844 2471 Hinsichtlich Polen bitte zu verfü-
2393 2328 3540 2504 gen, wie es Ihnen richtig scheint.
2659 2475 3736 2595 Den Brief von How & Raggio lege
2381 2504 3800 2659 ich bei, entschuldigen Sie die Verspätung,
2659 2634 3868 2743 „Der Schlachtenlenker“ (für den ich
2380 2660 3830 2796 mit „Comtesse Mizi“ zusammen in Königsberg
2376 2731 3836 2844 10% bekommen soll), ist zu meinem lebhaften
2364 2758 3714 2905 Bedauern nicht von mir, nicht einmal die
2366 2815 3870 2991 Uebersetzung,was ich eher verschmerzen kann.
2630 2896 3800 3043 Aus Stuttgart hat man sich das we¬
2355 2980 3813 3127 gen des Vorträgs an mich persönlich gewen-
