4443 3960
2490 678 2735 802 Ouestre
2428 734 3640 909 F. Bcker (Nau)
2927 874 3024 950 G.F.P
3405 859 3807 967 12.12.1925.
2683 1008 3629 1127 sehr verehrt er Herr Doktor.
2972 1132 4198 1261 Vielen Dank für Ihren freundlichen
4015 1224 4223 1292 einen
2677 1214 3932 1321 Brief. Es freut mich, dass der weih
3139 1263 4149 1371 kauf Sie gemacht hat. Ihr Be¬
2964 1290 3056 1346 n d
2679 1292 3145 1379 guten Erbarnc
2685 1323 4180 1412 denken, hinsföhtlich Syivester, thorns ver-
2683 1385 3955 1459 stehe Ich vollkommen, ja bis zu einem
2688 1389 4122 1509 wissen Grade teile ich es sogar hinäicht-
2679 1470 4209 1554 lich der möglichen Wirkung auf das Publikum.
2683 1540 4147 1622 Es wäre rein technisch auch gar nicht sehr
2679 1597 4122 1665 schwer auf dieses Uebermass von Verschul-
2685 1639 4044 1713 dung zu verzichten, das Sylvester Thorn
2683 1704 4122 1764 durch seine scheinbare Tellnahmslosigkeit
2677 1748 4161 1820 an dem Tod von Frau und Kind auf sich lädt.
2679 1812 4184 1875 aber mir kam es eben darauf an ihm zugleich
2683 1859 4147 1927 auch jede Möglichkeit einer Rückkehr abzu-
2677 1908 4040 1972 schneiden,die ja immerhin bestände, wann
2677 1954 4219 2026 Frau und sind oder auch nur eines von beiden
2677 1997 4073 2071 am geben bliebe. Das ist jedesfalls viel
2685 2034 4178 2131 gröber ausgedrückt,als es verstanden werden
2679 2110 4207 2176 soll. Schon im ersten Einfall war meiner Er-
2685 2164 4114 2224 innerung nach auch diese Tatsache Tod von
2683 2205 4062 2286 Frau und Kind enthalten. Ein vianten Akt
2683 2275 4167 2331 scheint mir nun alle rdings nicht zu fehlen,
2679 2321 4180 2385 wohl aber fände ich es selbst wünschenswert
2677 2370 4141 2442 wenn mir für den Schluss des dritten Aktes
2683 2418 4112 2488 noch ein paar jes brauchten nicht mehr als
2683 2463 4147 2543 vier oder fünf zu sein) bedeutendere Verse
2685 2525 4038 2591 eingefallen wären. Das stück als Canzes
2683 2545 4200 2640 sohe int mir doch wohl in sich abgeschlossen,
2685 2618 4180 2696 immerhin könnte man es auch als ersten Teil
2685 2679 4192 2733 einer Trilogie auffassen, worüber wir bei Ge-
2685 2729 4155 2793 legenheit, wenn es Ihnen recht ist, paxxänxx
2677 2768 3691 2844 mündlich weiter reden wollen.
2988 2834 4221 2949 Die Korraktux erhalten sie in ciroa
2685 2908 4095 2990 8 Tagen zugesandt und das Buch kann dann
2679 2953 4242 3057 gleich ohne jede Rücksicht auf Bühnenvertrieb
