4472 3992
2448 714 3385 888 Maril - Fischer
3975 720 4348 875 Berlin
3567 832 3969 949 20.12.1926.
3236 896 3393 965 G.C.H.F.P.S
3349 898 3669 1098 Couleur
2670 1016 3345 1144 Lieber Herr Doktor.
3068 1173 4092 1296 Was hat die Kaution eigentlich
2681 1234 3007 1311 für einen
2999 1250 4195 1320 Sinn, wenn Verlag, resp. Autor wieder
2687 1315 4199 1380 verpflichtet ist sie an die Direktion zurück
2687 1365 4201 1426 zustellen, die entweder keine Lust oder plötz-
2681 1409 4118 1472 lich die Courage nicht hat das angenommene
2675 1470 4124 1527 Stück aufzuführen? Es ist die Frage, ob wir
2677 1502 4182 1581 recht daran tun auf einen Tausch einzugehen.
2666 1562 4206 1632 Keineswegs aber käme für einen solchen Tausch
2675 1617 4166 1686 der „Gang zum Weiher“ in Betracht. (Die letzt
2675 1659 2844 1722 ten d
3045 1669 4201 1730 heaterab rachnungen zusammen ergeben
2928 1661 3054 1761 "Th
2672 1726 4115 1778 rund S.1000.Ond tausend Mark, die wir jetzt
2666 1766 4065 1830 an das Cölner-Theater zurückgeben sollen.
2666 1818 4115 1887 Ich glaube, es gibt keinen Menschen auf der
2672 1862 4166 1935 Welt und gewiss keinen Steuerbeamten, der mir
2662 1925 4191 2004 diese Theaterbilanz glauben würde.) hierüber
2666 1965 4067 2030 und über den Fall Schall ünder manches
2660 2008 4103 2075 andere hoffe ich sehr bald mit Ihnen münd-
2656 2067 4139 2128 lich reden zu können, da ich die Weihnachts-
2656 2124 4128 2182 woche in Berlin zu verbringen gedenke. Grüs-
2651 2168 4185 2241 sen Sie bitte Herrn Fischer und Herrn Bergam
2654 2214 4030 2289 die ich hoffentlich in Berlin, ebenso wie
2647 2268 4130 2348 Sie, lieber Herr Doktor, und Herrn Eipper, an-
2651 2323 4174 2402 treffen werde. Meine Wohnung wird wie gewöhn-
2651 2363 3544 2463 lich Hôtel Esplanade sein.
3020 2448 3334 2532 zurukokax
2993 2494 4027 2616 Auf gutes Wiedersehen also und
2629 2540 3202 2639 herzlichen Gruss
2982 2595 3623 2719 Ihr sehr ergebener
2668 2909 3426 3005 Herrn Dr. Konrad Maril,
2628 2966 2871 3037 Berlin
2629 3008 3236 3125 S.Fischer, Verlag.
