4417 3992
2395 666 2964 848 S. Fischer
3381 744 3762 854 23.5.1927.
3960 653 4138 875 F
2405 813 3044 922 (ouvretre mauvaise
2571 958 3443 1102 Lieber perr Doktor Maril.
3214 1028 3470 1121 au moins de ses ancêmes.
2990 1098 4149 1212 Der „Reigen“ ist nun von Harz aus
2790 1169 4138 1259 frei,zirka 3000 Exemplare sind noch vor
2591 1195 2796 1264 ganz f
2873 1212 4134 1307 i e Harz wohl zu günstigen Bedingungen
2784 1245 2873 1291 4.3.
2593 1249 2879 1326 handen, d
2587 1268 4120 1377 hergäbe, überdies eine ehen erschienene Luxus-
2591 1326 4074 1410 ausgabe von 1000 Exemplaren (die 100.bisher
2591 1377 3958 1468 letzte Auflage). Ich frage nun vorläufig
2955 1412 4053 1528 bindlich an, ob Herr Fischer even
2589 1458 2962 1539 ganz unverh
2591 1473 4006 1615 tuell Wert darauf Tegte das Buch jetzt in
3063 1535 3586 1636 zu übernehmen.
2598 1547 3005 1650 se inen Verla
2833 1605 3003 1665 G. A. P.
2999 1597 4072 1716 Neulich fand eine Vorlesung von
2598 1681 3965 1768 drei meiner Novellen hier im Radio durch
2591 1731 4089 1820 Herrn Pranger vom Burgtheater statt. Hat Ra¬
2597 1783 3965 1884 dio Wien mit Ihnen einen Vertrag darüber
2606 1818 4140 1961 schlossen resp. e ine Tankia Honorar an Sie ab
2602 1913 2866 2018 geführt;
3009 1961 4024 2066 Haben Sie schon Zeit gefunden
2598 2020 4037 2161 das Stück von Herrn Fritz Donath zu lesen?
3044 2101 4022 2211 Für die Uebersendung der Ant.
2606 2182 3983 2267 wort des Deutschen Theaters in Abschrift
3181 2252 3270 2294 H.
2606 2232 4082 2325 danke ich bestens. Nort scheint ja die Ange
2612 2296 3989 2401 legenheit vorläufig aussichtslos und ich
2610 2304 4099 2432 frage nun noch einmal, ob xxxx wir in Hin-
2620 2393 4055 2478 sicht auf Saltenburg (wie Sie vor ein paar
2610 2444 4105 2558 Mona ten vorschlugen) die Sache weiterverfol
2622 2517 4155 2637 gen könnten oder sollten. Hier am Burgtheater
2618 2567 4062 2680 Tehlt nach wie vor - ich glaube trotz Frau
2614 2629 3880 2742 Neher - die Besetzung für Hauptrolle.
3063 2693 4165 2819 Was Frau Konstantin anbelangt,so
2635 2782 4002 2850 habe ich nihht speziell von Ungarn etwas
2618 2825 4169 2943 Gemört, sondern nur schon zu Beginn der Saison
2626 2873 4144 2959 in einer ganzen Anzahl von Zeitungen gelesen
2614 2937 4171 3052 dass Frau Kein Auslandsgästspiel antritt, und
