4466 3977
2427 652 3030 833 of Fischer.
2942 803 3026 870 G.H.
2443 813 2612 878 1
2688 811 2789 878 G.C.
3545 784 3908 888 15.2.1927.
2647 970 3452 1043 Verehrter Herr Doktor.
3853 1021 4049 1106 G.H.F.P.
3026 1090 4006 1218 Herrn Direktor Schröder habe
2688 1127 4083 1245 ich tatsächlich für einige xxx
2694 1235 4098 1316 Anzahl meiner Sachen Ausschliesslichkets-
2690 1241 4212 1375 recht gegeben. Wegen „Traunnoualle schweben
2694 1320 4216 1424 überdies direkte Verhandlungen wegen Amerika
2688 1381 4100 1449 Im Allgemeinen würde ich auch weiterhin 6
2696 1439 4102 1496 ten Bilmantnäge direkt an mich zu weisen.
2690 1471 4234 1544 Wer ist übrigens Dr. Salkind uddwie heisst der
2682 1536 3205 1620 Filmregisseur?
3034 1591 4240 1689 Ich nehme gern zur ventnis, dass das
2682 1667 4228 1758 Deutsche Theater,wie Sie schreiben,“auf Drän-
3845 1718 4230 1813 zum Weiher“
2688 1746 3804 1813 gen von Frau Kinz sich den „Gang
2682 1779 4263 1850 kommen liess ihn soeben 1 fest. Eine Söhar
2688 1834 4248 1932 spielerin muss drängen, damit ein Theater
2688 1885 4032 1946 direktor sich überhaupt das stück eines
2684 1923 4238 2009 Dichters kommen lässt und esliest.Jämmerlich!
3050 2005 4240 2131 Manche meiner Stücke sind ins Frau
2682 2064 4136 2154 zösische übersetzt. „Das weite Land wollte
2679 2127 4200 2199 Gorier schon im vorigen Jahr spielen. Im All-
2677 2184 4142 2260 gemeineusteht die sache so, dass man sowohl
2679 2217 4234 2307 den Direktoren als auch den meisten Verlegern
2684 2298 4157 2351 die stücke resp. Bücher schon in einer Roh-
2679 2333 4212 2410 übersetzung vorlegen muss, denn die wenigsten
2686 2388 4169 2461 Leute verstehen ja deutsch. In den nächsten
2706 2439 4173 2519 Tagen will ich an Tristan Bernard, der mir
2679 2490 4228 2559 sünlich diesen Antrag gestellt hat, einige mel-
2677 2535 4236 2606 ner stücke senden, darunter einen Akt der „Ko¬
2671 2586 4234 2667 mödie der Verführung schon in einer französt
2679 2661 4200 2732 schen Rohübersetzung.Können Sie mir über die
2675 2700 4130 2765 Verbindungen des Herrn Schall etwas sagen?
2677 2736 4226 2816 In französischer Sprache aufgeführt wurde vor
2671 2798 4185 2889 ungezählten Jahren „Liebelei“ (in Dünkerke!)
2682 2849 4144 2934 „Abschiedssouper",.Frage an das Schicksal
2682 2912 3254 2977 „Hochzeitsmorgen -
3301 2897 4157 2963 „Die letzten Masken und
2677 2926 4165 3058 „Der grüne Kakadu“. Uebersetzt ist ausserdem
