4441 3991
507 1087 1781 1203 Ich hoffe, dass diese wahrhaftig nicht
227 1143 1805 1268 von mir verschuldete Pause unserer geschäftli-
233 1201 1781 1322 chen Beziehungen unserem persönlichen menhoh-
233 1232 1781 1379 lichen Verhältnis,an dessen Fortdauer mir im-
260 1302 1727 1429 mer gleich viel gelegen ist, nur von Nutzen
239 1350 1695 1509 sein wird und bin mit herzlichem Gruss, wie
231 1467 427 1558 immer
819 1519 944 1628 Ihr
286 2848 845 2979 Herrn S.Fischer,
314 2944 930 3023 Berlin.
306 3003 823 3077 allata dol alb.
368 3053 773 3150 G.H.F.P.
352 3125 668 3210 admi r e bn
370 3186 471 3266 De'
3427 239 3631 368 1
2326 821 2783 1030 Fischer
3451 992 3834 1105 31.3.1924.
2403 1163 2908 1294 Lieber Freund.
2715 1350 3916 1457 Auf Ihr Schreiben aus S.Margarita
2403 1401 3838 1527 vom 19. März antworte ich Ihnen erst heute
2401 1475 3290 1566 nach reiflicher Erwägung.
2705 1548 3940 1650 Es handelt sich natürlich im Grunde
2397 1604 3963 1713 gar nicht um die 2% mehr oder weniger,es han-
2401 1676 3963 1751 delt sich um eine prinzipielle Frage. Wie Sie
2401 1725 3971 1811 wissen war ich stets mit den von Ihnen vorge-
2393 1771 3926 1852 schlagenen Honorarbedingungen einverstanden
2395 1829 3924 1912 unter der einen immer wiederholten Vorausse-
2403 1876 3932 1938 tzung, dass ich darin hinter keinem Ihrer Au¬
2397 1926 3924 2002 toren zurückzustehen hätte.. Hierauf glaubte
2395 1974 3955 2057 ich ein Recht zu haben, nachdem zwischen 25-30
2385 2029 3892 2103 Bücher, sowie meine Gesammtausgabe bei Ihnen
2381 2091 3951 2174 und das Meiste mit nicht geringem buchhändle-
2377 2147 3949 2238 rerischem Erfolge ersehienen war###w. Auf diese
2375 2180 3846 2260 meine Forderung erwiderten Sie mir anfangs
2383 2232 3945 2328 gar nicht und berücksichtigten sie auch nicht
2381 2296 3908 2369 Im geringaten. Später gestanden Sie zu, dass
2377 2337 3977 2431 einer Ihrer Autoren andere,bessere Bedingungen
2371 2385 3914 2469 hätte als ich, doch dass er Ihnen hiefür eine
2377 2437 3981 2526 Kompensation gewähre. Worin diese Compensation
2365 2483 3947 2578 bestünde, sagten sie anfangs nicht. Sie teilen
2363 2560 3977 2624 mir nun heute mit, dass dieser Autor Ihnen seine
2365 2602 3965 2687 Gesammtproduktion für alle Zukunft zugesichert
2361 2634 3940 2741 habe, was sie als Kompensation empfänden, weil
2363 2705 3737 2771 neue Verhandlungen saakx von Fall zu Fa
2357 2747 3729 2822 doch auf de Dauer auf die Nerven gehen
2703 2826 3910 2936 Ich erlaube mir vor allem zu bemer¬
2353 2876 3898 3003 ken, dass neue Verhandlungen von Fall zu Fall
2351 2960 3957 3045 überhaupt zwischen uns nicht notwendig gewesen
2361 3015 3930 3093 wären, wenn Sie eben von vornherein meine For¬
2351 3059 3918 3135 derung nach kontraktlich-materieller Gleich-
2355 3123 3894 3214 stellung die wohl überall völlig selbstver-
1680 3140 1773 3218 G.H.F.P.
1499 3133 1628 3256 G.C.F.P.
2343 3176 3830 3270 ständlich ersohe inen musste, ausgenommen im
1674 3210 1793 3292 G.H.F.P.
