4414 3975
2272 708 2654 875 Fischer
3886 692 4124 926 ful
3361 825 3725 934 16. 7.1925.
2496 1014 3011 1127 Lieber Freund.
2815 1157 4023 1290 Es ist wohl gleichgültig, ob Sie den
2510 1258 3961 1324 „Leutmant Gustl“ in der sog einamten teuern
2504 1292 4015 1405 oder in einer wohlfeilen Ausgabe drueken.Die
2504 1360 3981 1427 teuere kann ja in diesem Fall kaum kosten
2500 1415 4005 1485 als die wohlteile. Eine Revision des Textes
2502 1459 4023 1534 denke ich nicht vorzunehmen, das Bedürfnis zu
2504 1519 4025 1594 solchen Revisionen und manchmal sehr eingrei
2489 1564 3981 1638 fenden Aenderungen habe ich ja einige Zeit
2489 1618 4103 1693 nach der Vollendung den meisten meiner Arbeiten
2502 1670 3940 1735 gegenüber, aber es würde michallzuviel Zeit
2491 1725 3953 1795 kosten diesem prang zu genügen und mir ist
2491 1759 3989 1837 als hätte ich noch allerlei Neues zu schrei
2491 1815 3979 1894 ben, was wenigstens mir persönlich wichtiger
2483 1864 2636 1930 ist.
2836 1928 4081 2053 Ob ein Neudruak der kleinen Cassian-
2479 2019 4011 2097 Ausgaben überhaupt empfehlenawert ist, vermag
2556 2063 4065 2151 Ich kaum zu entscheiden. Eher käme ein Druck
2479 2127 4037 2194 des sogenanten Libretto in Frage (Sie wissen
2483 2180 4011 2240 ja, dass Oskar Straße eine sehr hübsehe Musik
1181 2182 1316 2266 1330 -
2481 2236 3953 2290 zum Cassian geschrieben und ich dazu einige
2483 2268 4011 2345 lyrische Nummern verfasst habe. Aber dasgeht
2473 2324 4087 2421 glaube ich aus urheberdtehtlichen Gründen nicht
2479 2383 4019 2463 da ja der Text der Gesänge und auch ein soll-
2477 2433 3864 2498 ständiges Soufflirbush,allerdüngs als un
2477 2483 4019 2566 verkäufliches Manuscript, bei Herzmansky er-
2467 2524 2930 2616 sch ienen ist.
2805 2604 3882 2721 Viel Glück zur Gasteiner Reise.
2489 2644 3928 2755 Sohliessen Sie dann mit Alt-Aussee schon
2461 2711 3965 2805 Ihren. gommer ab? Ichfür am meinen Teil blei
2465 2779 3955 2858 be bis Anfang August in Wien und fahre dann
2459 2844 3949 2908 vem utlich wieder nach Südtirol,zuerst wahr
2461 2892 4019 2981 scheinlich nach Karersee, das weitere Programm
2465 2944 3975 3049 steht noch nicht fest. Lassen sie mich jedes-
