4414 3975
2277 713 2392 797 G.H.F.P.
3687 686 4109 793 Karlsbar
2621 740 2896 839 d'scher
3513 804 3844 921 3.8.1927.
1172 919 1270 1015 P.S.
775 952 904 1059 1
1601 989 1745 1116 G.F.P.
1225 997 1400 1116 G.H.F.P.
3208 1003 3470 1114 Hermann.
2559 1015 3097 1145 Lieber Freund.
3266 1091 3416 1170 G.C.H.F.P.
2836 1135 4027 1254 Vielen Dank für Ihr freundliches
2600 1213 4166 1311 Schreiben. und für ihre ausführlichen Mitteilun¬
2615 1274 4160 1365 gen Vorabdruoksmöglichkeiten und dergleichen
2612 1332 4156 1422 betreffend. Mir ware aus mannigfachen Gründen
2610 1381 4062 1468 ein Vorabdruck in einer der Tageszeitungen
2617 1449 3967 1515 sympathischer als in der Illustriacten
2621 1447 4055 1568 übrigens glaube auch ich, dass diesmal die
2627 1531 4029 1611 „Illustrierte“ weniger in Betracht kommen
2612 1579 4037 1698 dürfte. Der Roman wird heute an den Verlag
2606 1651 3065 1727 abgesandt.
3659 1673 3975 1741 Nachricht
3525 1685 3624 1753 G.H.P.
2884 1712 4086 1811 Was den eventuellen neuen Band der
2594 1770 4037 1891 Gesamtausgabe mit den drei Novellen anbe-
2625 1838 3990 1918 langt, so mochte ich gleich bemerken, dass
2625 1887 4027 1971 ich mir in meinem Vortrag mit Szolnay das
2617 1930 4064 2020 Recht vorbehalten habe, „Fräulein Kas schon
2625 1977 4088 2076 vom 1.Jänner an innerhalb der Gesamtausgabe
2621 2029 4074 2115 erscheinen lassen zu dürfen, Auch die Aufnah¬
2621 2088 4150 2162 von der „Frau des Richters dürfte kaum er¬
2610 2131 4158 2216 hebliche Schwierigkeiten bereiten, umsoweniger
2617 2193 4101 2263 als die Leute mir ja selbst zugestehen muss
2625 2240 4092 2319 ten, dass der Vertrieb des kleinen Bändchens
2668 2288 4064 2384 (wie der gesamten Proßkläen-Ausgabe) sehr
2625 2343 3605 2446 viel zu wünschen übrig 1 Dess.
2954 2405 4131 2528 Ob ich nach Klohanstein kommen wer
2617 2483 4068 2567 de, ist noch recht unsicher. Wie heisst das
2610 2534 4086 2623 Hotel, in dem Sie Wohnung genommen haben und
2631 2598 4096 2672 wie lange gedenken Sie dort zu bleiben? Aus
2668 2637 4123 2721 erschiedenen Gründen war es mir noch nicht
2686 2703 3981 2785 glich genaue Dispositionen zu treffen.
2723 2726 4068 2824 e verehrte Gattin hat hoffentlich meinen
2756 2797 4025 2880 auf nach Karlsbad (vor ooa 14 Tage bis 3
2728 2845 4024 2939 xxx Wochen) erhalten? Ich sage
2740 2912 4025 2972 alle Fälle höffentlich auf Wiedessehe
2853 2958 3963 3026 mit den herzlichsten Grüssen, es
3704 2997 4074 3071 ihrer Kur und
2910 3007 3654 3079 in schon für den Erfolg,
3322 3058 3611 3139 berhaupt
