4444 3992
2357 650 3909 946 Harr 1/4 Ruys 7.4.1928
3173 917 3796 1068 101 Welle
2556 1008 3253 1128 Verehrter Herr Harz.
2930 1153 4042 1262 Die Klausel, dass eine neue Aufl###
2635 1233 3980 1302 erst dann ersche inen dürfe, nachdem die
2558 1277 4094 1356 bei Ihnen vorhandenen Bestände ausverkauft xxx
2548 1341 4077 1403 wären, scheint mir das mir von der 101.Aufla-
2572 1397 3967 1480 se wieder zustehende Verfügungsrecht über
2552 1418 4071 1519 den „Reigen“ in einem gewissen Masse illuso-
2554 1488 3974 1560 risch zu machen. Auch war eine solche Be-
2558 1536 4048 1614 schränkung in unserem Vertrag absolut nicht
2560 1594 3918 1660 vorgesehen. Natürlich ist es anzunehmen,
2554 1618 4067 1703 dass ein eventceller künftiger Verleger Wert
2558 1691 4036 1767 darauf legen würde die noch vorhandenen Be-
2554 1716 4067 1805 stände zurückzukaufen,aber wo und in welcher
2554 1790 4069 1850 Höhe lagern sie überhaupt? Keineswegs könnte
2558 1840 4085 1914 ich einen neuen Verleger dazu verhalten dies
2558 1892 3934 1958 Besände zu kaufen und hätte umso weniger
2558 1941 4004 2009 Grund dazu als ja wie gesagt unser Vertrag
2554 1987 4036 2098 Ihnen ein Recht zu Ihrer Klausel keineswegs
2554 2051 2870 2138 einräumt.
2962 2105 4009 2212 Meine Dispositionen haben sich
2558 2183 3980 2256 insoferne geändert, als ich Ende April mög¬
2556 2223 4091 2320 licherweise nicht in Wien und vielleicht erst
2560 2289 3976 2394 zwischen 5. und 10. Mai hieher zurückkehren
2548 2351 2802 2438 dürfte.
2961 2417 4044 2541 Mit den verbindlichsten Grüssen
2999 2498 3634 2593 Ihr sehr ergebener
2545 2792 3249 2899 Herrn B.Harz,Verlag,
2548 2860 2815 2953 Berlin.
