4451 3976
480 1111 2014 1228 eine Frau Dr.Honegger, Lektorin an der Wiener
478 1176 1976 1274 universität, geborene Italienerin im Auftrag
484 1226 1974 1324 des Präsidenten der Societa italiana degli
484 1268 2085 1376 autori dramatici, Allessandro Varaldo (nicht zu
480 1324 1948 1418 verwechseln-mit der Societa italiana degli
478 1380 2000 1493 del testro dramatico) in der gleichen Angele
477 1455 1041 1551 genheit bei mir.
889 1525 1573 1657 Herzlichst grüssend
1116 1605 1214 1687 Ihr
526 1932 1968 2079 Möchten Sie freundlichst ein Exemplar des
528 2032 1956 2125 letzten Neuen puudschau-Heftes senden an:
528 2081 2131 2209 Dr.Josef Chapiro, Pension Neuhaus am Thierberg,
522 2161 891 2267 Kuffstein.
550 2644 1358 2773 Herrn S.Fischer,Verlag,
506 2749 760 2829 Berlin.
3415 951 3820 1077 13.10.1924.
2389 935 2767 1063 scher.
2700 1029 2791 1089 G.C.H.P
2514 1138 3294 1256 Verehrter Herr Doktor.
2809 1256 4083 1360 In diesem Jahre könnte ich in Stutt-
2520 1324 3962 1451 gart nicht mehr lesen. Aber Anfang Jänner
2568 1372 4139 1473 liesse es sich vielleicht machen. Ich soll in
2534 1432 4041 1523 die Schweiz, vorher nach Freiburg, ein Termin
2574 1463 4067 1601 zirka um 8. Jänner herum käme vielleicht für
2538 1567 3130 1667 mich in Betracht.
2851 1629 4145 1729 Bei dieser Gelegenheit möchte ich er-
2540 1679 4075 1790 wähnen, dass eine Anzahl der auf meiner Liste
2548 1733 4007 1860 verzeichneten Exemplare noch nicht an ihre
2578 1780 4077 1888 Adressen gelangt sind. Lieb wäre es mir fer
2580 1836 4019 1948 ner, wenn Sie recht bald, wie ich schon er-
2584 1880 4073 1996 suchte, vorläufig noch ein Dutzend Exemplare
2578 1946 3874 2054 direkt an mich senden lassen wollten.
2815 2000 4107 2119 Die Premiere hier ist sehr gut ausge-
2586 2085 4063 2189 fallen und die Sache sieht auch nach einem
2586 2147 4055 2243 Kassenerfolg aus.Ist Ihnen das genaue Da¬
2594 2185 4055 2297 tum der Cölner Aufführung bekannt? Ich habe
2592 2237 3989 2375 von Hartung keinerlei direkte Nachricht.
2853 2325 4165 2442 Rarnay hat wohl die Garantie für „Rei
2781 2394 4105 2498 Breslau nicht bezahlt. An das Hofthea
2610 2444 4099 2574 ter in Kopenhagen ist die „Komödie der Ver-
2586 2414 2717 2510 gen
2600 2490 4165 2596 führung wohl schon geschickt worden? In Ber¬
2606 2542 4145 2650 lin bewirbt sich potter für das Lessingthea
2616 2636 2959 2735 ter darum.
2981 2658 3880 2827 Mit verbindlichen Grüssen
3274 2753 3910 2849 Ihr sehr ergebener
2612 3015 3740 3150 Herrn Dr.Maril,S.Fischer,Verlag,
2622 3092 2877 3208 Berlin.
