4457 3960
461 929 1843 1111 wollen,darf ich wohl ihnen überlassen.
756 1038 2063 1188 Einen Brief über theatralische Angele¬
1022 1127 2055 1220 ich bei; im übrigen hoffe ich
487 1178 1998 1293 Ende dieses oder Anfang nächsten Monats für
499 1154 982 1265 genheiten leg
491 1257 1536 1378 einige Tage in Berlin zu sein.
816 1311 1497 1441 Herzlichst grüssend
804 1420 927 1503 Ihr
580 2707 1400 2829 Herrn S. Fischer, Verlag,
580 2810 816 2879 Berlin.
2338 766 3109 879 Tischers erlag
3479 786 3837 913 7.11.1927.
3182 865 3590 990 Ruy by
2526 935 3404 1085 Liebe r Herr Doktor Maril.
2877 1111 4002 1196 Ich lege hier einen Brief von Rot
2524 1170 4037 1287 ters bei den ich vorläufig nach nicht zu be¬
2534 1202 4067 1319 antworten gedenke. Es kommten doch wohl keine
2534 1269 4051 1378 der drei Rotter schon Bühnen für meine lez-
2536 1331 3877 1432 ten drei Stücke: „Komödie der Ehtführung
2544 1321 3968 1509 „Schwestern oder „Gang zum Weiher in B.-
2572 1447 2820 1548 tracht.
2841 1501 4051 1612 Die entfernte Reigenähnlichkeit der
2554 1572 4025 1681 „Maya“ erscheint mir für eventuelle Auffüh-
2550 1614 4002 1717 rungsmöglichkeiten und Chancen des „Reigen
2542 1649 4128 1762 völlig gleichgültig. Jeder vernünftige Mensch
2544 1719 4130 1830 weiss, dass nicht nur nach, sondern auch vor dem
2562 1770 4101 1867 „Reißen“ Dutzende von - sagen wir - „unsittli¬
2550 1820 4101 1917 cheren Stück ungestört gespielt werden durf-
2544 1875 4091 1968 ten; wir wissen alle, dass die ganze Hetze ge-
2548 1930 4079 2014 gen den „Reigen“ nichts war als Verlogenheit,
2544 1980 3926 2063 Büberei und Dummheit, die von politischen
2544 2010 4091 2121 Hetzern geführt oder wenigstens geschürt wur-
2550 2075 4061 2164 de und wenn das Gesindel will, wird die Hetze
2546 2125 4031 2233 bei dem Versuch einer Neuaufnahme selbstver
2550 2174 4027 2281 ständlich von neuem losgehen. Die Frage ist
2572 2226 4059 2326 also nicht, ob sittlich bedenklichere Stücke
2548 2281 4065 2366 als der.Reigen ungefährdet gespielt werden
2542 2325 4124 2424 können, sondern ob eben das Gesindel eine Netze
2550 2388 4008 2465 will oder nicht. Ich habe es ja in Wien
2550 2431 4059 2521 lebt. Je nach den Winken und Parolander Par-
2556 2483 4091 2580 teiführer wurden xxx Vorstellüngen des.Rei-
2548 2521 4097 2629 gen durch die „sittliche Entrüstung freiwil
2578 2580 4108 2669 liger oder bezahlter Skandalmacher unmöglich
2566 2643 4083 2726 gemacht oder konnten auch nach allerlei ver¬
2556 2659 4148 2778 handlungen verschiedener Art ungehindert statt-
2548 2740 4041 2841 finden. In der ganzen Hatze gegen den.Rei-
2556 2788 3986 2897 gen auch nur einen Funken Ehrlichkeit zu
2554 2853 3980 2958 vermuten, hiesse all diesen Lampen viel zu
2550 2913 3120 3018 viel Ehre antun.
