4414 3975
2160 678 2775 843 Marie 7
2866 723 3101 847 avec
3356 753 3736 874 5.12.1925.
2423 811 2511 906 G. A.
2668 870 2785 943 fait une
2505 966 3444 1078 Verehrtester Herr Dr.Maril.
2779 1111 4032 1203 Mein sohn teilt mir mit, dass Sie ihn
2505 1194 3926 1250 fragten,ob Sie Moissi ein Exemplar meines
2501 1227 4032 1299 Szücks vor Erscheinen zur Lektüre überlassen
2505 1294 3996 1362 könnten. Moissi käme wohl für die Rolle des
2815 1350 2901 1390 P
2501 1335 4020 1431 Sylvester-Thorn in Betracht, aber es kommt ja
2505 1399 4004 1460 nicht auf diese polle allein an, und so müs
2544 1443 4022 1535 te ich vor allem wissen, in welchem Ensemble
2507 1497 3967 1556 Moissi im Laufe der nächs en Zeit spielen
2501 1537 3998 1619 wird,um diese Angelegenheit in Erwägung zu
2501 1597 4018 1691 ziehen. Mein Stück soll seinen Weg von eine
2499 1652 3932 1717 Ensemble-Bühne aus nehmen, nicht von einem
2495 1711 3993 1776 Schauspieler aus. Uebrigens stand ein Gast
2493 1752 4024 1827 spiel Moissisbei Barnowsky in einem oder dem
2493 1815 3951 1876 andern xxx meinerälteren Stücks in Frage, ich
2495 1854 4071 1933 möchte hierüber erst etwas Definitis abmachen,
2499 1917 3912 1982 ehe ich Weiteres hinsichtlich des „Weiher
2495 1960 3924 2033 veranlasse. Ich denke ja, dass wir mit dem
2493 2009 3912 2093 Buch zu Anfang des nächsten Jahres heraus
2493 2068 2913 2152 sein können.
2836 2132 3957 2254 Die Erledigung der Rundfunkfrage
2530 2215 3961 2287 Liabale möchte ich gerne Ihnen überlas¬
2489 2270 3987 2344 sen. Meinen prinzipiellen Standpunkt kennen
2485 2325 3869 2391 Sie ja. Ich denke wir verlangen für das
2485 2370 4024 2446 Aufführungsrecht 300 Mark allermindestens,wo
2485 2438 4012 2497 mit uns natürlich die Verwertung bei anderen
2483 2485 4020 2558 Rundfunkanstalten nicht xxxx auch weiterhin
2479 2534 3279 2634 unbenommen sein müsste.
2826 2603 3987 2722 Haben Sie wegen der Giesaner-Mach
2477 2683 3900 2779 drucksache (Ceronimo) schon etwas verfügt
2815 2762 4002 2856 Dieser Tage geht unverbindlich für
2474 2822 3667 2934 beide Teile ein Eahnenaxamplar der
3744 2848 3871 2922 Lrau
2477 2895 3842 2973 Noxalle,die demnächst in der „Dame“ zu
2474 2932 4014 3022 scheinen anfängt, an Herrn Fischer ab, dem ich
610 3073 1196 3173 .
