4444 4008
609 1087 806 1185 läge.
812 1207 1581 1340 Mit herzlichem Grusse
1073 1292 1191 1374 Ihr
707 2853 1505 2999 Herrn s.Fischer,Verlag.
2393 747 2513 880 ¼
2734 846 3088 966 P.M.
3556 854 3943 972 10.4.1924.
2632 1071 3142 1173 Lieber Freund.
3307 1167 3586 1241 G.C.H.F.S.
2945 1217 4134 1324 Vor allem einmal. Es ist mir nicht
2638 1294 4032 1378 einen Moment eingefallen Ihren Brief aus
2628 1344 4140 1406 St.Margarita oder irgend einen früheren als
2632 1404 4138 1466 eine persönliche Kränkung zu betrachten und
2638 1448 4102 1521 ich hoffe annehmen zu können, dass auch Sie
2622 1509 4064 1583 meine Erwiderungen,wenn sie auch zuweilen
2632 1549 4104 1621 mit einer gewissen Schärfe formuliert sein
2632 1595 4128 1669 mögen, niemals als persönlich empfänden. Und
2634 1667 4098 1730 ganz rein dachlich hätten ich auch auf Ihr
2634 1708 4156 1794 letztes Schreiben noch einiges zu entgegnen.
2935 1782 4098 1880 Sie meinen ich nähme an, dass der
2620 1852 4164 1930 Honorarsatz in jedem Verlag für alle Autoren
2628 1916 4110 1981 der gleiche sei. Keineswegs. Ich finde nur,
2632 1943 4184 2057 und halte das nach wie vor aufrecht, dass ich,
2634 2017 4110 2077 in welchem Verlag immer, insbesondere aber
2634 2075 4150 2147 in dem Ihren,wo zirkaasxxxx 25-30 meinerBü-
2622 2121 4170 2188 cher und zwar durchaus in zahlreichen Aufla-
2634 2172 4128 2240 gen und meine Gesammtaus sahe erschienenist,
2634 2226 4116 2304 in geschäftlicher Behandlung hinter keinem
2632 2278 3642 2366 Ihrer Autoren zu stehen habe.
3021 2324 3178 2395 sund
2933 2334 4221 2449 Sie wenden immer wieder ein,dss mein
2626 2391 4152 2483 Gesammtwerk, zumeist aus dramatischen Werken
2626 2477 4178 2527 bestehend, nur in kleinen Auflagen neu herge-
2628 2529 4122 2593 stellt werden könne. Nun ist es mit diesem
2622 2577 4140 2638 Missverhältnis durchaus nicht so schlimbe-
2620 2632 4104 2700 stellt, wie ja schon die Betrachtung meiner
2628 2678 4180 2764 Gesammtaussabe lehrt, in der sich zahlemmässig
2626 2730 4098 2794 Theaterstücke zu erzählenden Werken verhal
2634 2788 4050 2847 ten wie 4:5. Es giht kaum einen Autor in
2628 2834 4146 2897 Ihrem Verlag, bei dem dieses Verhältnis buch-
2626 2885 4192 2953 händlerisch günstiger steht und man kann auch
2622 2939 4182 3001 kaum von einer geringen Auflagenzahl bei der
2618 2979 4217 3055 Mehrzahl meiner Stücke reden. Und wäre nur im¬
2620 3045 4098 3150 mer alles da gewesen, hätten die Käufer nur
2632 3152 4086 3260 auftumfang jouumattu zu xxx
