4419 3977
2393 751 2885 876 Fischer
2354 835 2508 920 le reste de ses
2776 839 2923 944 G.C.F.P.
3569 868 3912 983 3.3.1925.
2532 1077 3371 1186 Verehrteter Herr Doktor.
3028 1285 4148 1372 In der Aufatellung der Auslands-
3912 1350 4069 1404 tum
2538 1346 3968 1422 einnahmen hat sich ein beträchtlicher Irr
2540 1400 4045 1461 vorgefunden. Ich habe im Dezember nicht 347
2540 1447 4013 1521 Millionen österr. Kronen, sondern - wenn ich
2532 1481 4073 1572 nicht irre für Bühnenexemplare - nur 347.000
2532 1549 4124 1632 Kr. erhalten. Darf ich um eine richtig gestell-
2538 1602 4069 1679 te Aufstellung ersuchen? Sie würden mich da-
2528 1664 3264 1751 durch sehr verbinden.
3048 1729 3855 1838 Was die Bühnenexemplare
2822 1785 4031 1878 anbelangt, so würde ich eben darum
2532 1864 3950 1939 bitten, dass der Bühnenvertrieb vom Verlag
2564 1900 4091 1997 eben nur dann ein Exemplar, wann er es für ir
2526 1973 3956 2036 gedd eine Bühne direkt braucht. Dass ohne
2524 1997 4106 2076 Aufforderung zirka 25 Exemplare an die Bühnen
2528 2056 4132 2139 verschickt worden sind, finde ich gerade in die
2526 2124 4148 2181 sem Falle nicht richtig— Ich habe ja eben sohm
2526 2169 3993 2247 seinerzeit ausdrücklich darum ersucht, dass
2526 2217 3916 2278 nur über Aufforderung garakx eine solche
2528 2266 4130 2336 Versendung erfolge. Wenn eine ernst zu nehmende
2524 2320 4110 2385 Bühne sich für ein Stück von mir interessiert,
2524 2377 4081 2467 so soll sich die Direktion eben an den Verlag
2512 2431 2770 2508 wenden.
2925 2492 3702 2599 Mit verbindlichem Gruss
2966 2572 3609 2671 Ihr sehr ergebener
2550 2863 3113 2950 Herrn Dr. Maril,
2554 2935 3149 3026 S.Fischer, Verlag,
2508 2992 2770 3087 Berlin,
