4414 3975
3353 876 3737 998 21.6.1924.
2359 876 2791 988 vscher
2505 1068 3014 1157 Lieber Freund.
2779 1175 4019 1296 Die ich höre und wie ich merke nimmt
2481 1253 3988 1352 die Zahlungsträgheit der deutschen Theater-
2486 1296 3996 1411 direktoren Kataströphale Formen an. foh er-
2492 1357 3958 1472 suche sie recht sehr xxxx
2490 1392 4019 1512 mitzuteilen, welche Ausstände in Hinsicht auf
2498 1453 3996 1559 meine werke batehen und mit aller möglichen
2490 1513 3929 1609 Energie und Aufwendung aller gesetzlichen
2490 1557 4017 1673 Mittel, eventuell durch Inhiebierung von vor-
2500 1601 4004 1723 stellungen die näumigen zur Einhaltung ih¬
2498 1666 3962 1774 rer Pflichten zu verhalten. In der letzten
2530 1708 3964 1820 Zeit bekam ich einzelne Anfragen von klei
2511 1759 4005 1889 neren Theatern in Deutschland. auch aus Ber
2505 1826 3825 1928 Tin, den „Reigen“ betreffend. Ich habe
2505 1864 3903 1976 ausnahmsIos abgelehnt und bitte dringend
2505 1913 3935 2041 mir mitzuteilen,ob Ihnen von Aufführungen
2503 1993 3897 2087 des „Reigen" etwas bekannt geworden ist.
2816 2047 3975 2153 Unter den gegenwärtigen Umständen
2543 2136 3927 2224 halte ich die Forderung durchaus berech-
2580 2159 3977 2279 igt, dass man den mirektoren absolut kein
2549 2229 3975 2324 Stück von Erlag einer Garantiesumme über-
2547 2262 4045 2376 lässt oder sagen wir morschussumme. Es wird
2562 2323 3906 2437 die einzige Art sein sich gegenüber der
2553 2378 4053 2481 Achtlosigkeit und Leichtfertigteit der Thea-
2557 2427 3895 2534 jerdirektoren, (die ungeahndet natürlich
2555 2473 3943 2574 nur gegenüber den Autoren in Erscheinung
2564 2538 3889 2629 zu treten vermag,während die Coulissen
2574 2576 3981 2686 schieber in der angenehmen Lage sind ihre
2564 2641 4000 2728 Interessen zu schützen), bis zu einem gewis
2561 2713 3499 2793 sen Grad sicher zu stellen.
2842 2779 4025 2871 Was nun den „Verführer“ anbelangtt
2601 2835 4002 2947 so bitte jedesfalls auf alle Anfragen zu
2606 2884 3960 2985 erwidern, dass ein Aufführungsrecht ohne
2612 2924 4005 3033 Garantiesumme absolut in keinem Falle er
2616 2995 3945 3120 teilt wird Herrn Direktor Helme ebenso
