4444 3992
2356 639 2555 752 10 7t
2343 709 2861 847 S. ischer
2604 816 2875 911 praavoir une autreur séance éance
3509 779 3879 898 31.3.1927.
2652 954 3322 1063 Lieber Herr Eipper.
3073 1110 4162 1176 Wie ich erfahre, soll im Fischar
2643 1163 4207 1223 Verlag eine Subdirektorstelle neu vergebenode
2656 1209 4135 1283 neu kreiert werden und ein Herr Morbert Gel
2645 1266 4144 1334 ber früher im Axel Junker Verlag tätg, soll
2651 1322 4138 1392 für diese Stelle ernstlich in Frage kommen.
2658 1373 3973 1428 Ichselbst kenne Herrn Gelber nicht, von
2652 1412 4076 1496 höchst vertrauenswürdiger Seite aber wird
2662 1451 4107 1539 er mir als höchst geeignet geschildert. Und
2658 1519 4105 1585 ich werde ersucht mein Wort für ihn in die
2658 1574 4039 1634 Wagschale zu werfen. Da ich Herrn Gelber
2656 1607 4072 1696 persönlich leider nicht kenne, so kann ich
2666 1644 4191 1739 oben nichts xxxxxxxx mehr tun als an Sie,
2658 1722 4142 1786 lieber Herr Eipper, we itergeben, was mir eben
2656 1766 4109 1831 vom anderer, wie ich wiederhole,höchst ver-
2649 1807 4138 1895 trauenswürdiger und befreundeter Seite ver-
2651 1877 3108 1965 sichert wird.
3089 1953 3765 2053 Herzlichst grüssend
3089 2029 3221 2111 Ihr
2643 2171 4179 2273 Auf Wunsch des Aktionsausschusses zur Einfüh-
3634 2238 4066 2304 st teile ich
2645 2259 3439 2335 rung der 50jährigen Sch
3480 2245 3652 2329 zf ri
2647 2265 4154 2378 Ihnen mit, dass auch Ich mich für die 50.jäh-
2647 2341 4133 2421 rige Schutzfrist erklärt habe. Privat möchte
2645 2388 4185 2471 ich bemerken, dass mir damit nicht viel getan
2643 2442 4138 2532 scheint. Es handelt sich darum, dass das gei
2645 2493 4098 2586 stige Eigentum überhaupt jeder anderen Art
3058 2547 4117 2658 in p beiedem einzînen Land und im
2656 2565 3067 2670 Rienen einen määrung
3369 2596 4195 2668 internationalen Urheber-
2701 2635 3282 2719 Fischer „Verlag,
3367 2660 4144 2740 recht völlig gleichge-
2651 2686 2906 2771 Berlin.
3367 2705 3819 2789 stellt werde.
