4419 3977
2412 794 2926 930 Fischen
3637 862 3970 967 7.5.1925.
2705 1027 3513 1153 "Verehrter Herr Doktor.
3075 1244 4220 1348 Natürlich bin ich ganz damit ein-
2707 1288 4131 1403 verstanden. wenn Sie auf den Vorschlag der
2689 1360 3160 1447 Hannovranisch
3154 1387 4220 1459 en Intendenz xxxx
2689 1443 4214 1523 eingehen statt der „Komödie
2759 1478 2922 1533 r Ve)
3116 1486 4121 1571 gung den „Einsamen Weg in der
2695 1534 4092 1610 nächsten Saison zu spielen. Vor mehr als
2691 1589 4199 1670 zwanzig Jahren ist dieses Stück,das der In-
2695 1635 4109 1697 tendant heute als mein stärkstes Werk be-
2680 1688 4123 1781 zeichnet, in Berlin so ziemlich durchgefal-
2682 1738 4166 1821 len. Wie das Urteil in Hannover damals wohl
2682 1802 4073 1876 gelautet hätte -? Ich nehme an 1346 wird
2676 1843 4073 1941 man die.Komödie der Verführung auch in
2687 1885 3272 1978 Hannover spielen.
3057 1984 4226 2075 Ich glaube Ihnen schon geschrieben
2676 2011 4232 2125 zu haben, dass ich für Amerika und England
2674 2089 3991 2168 Generalverträge vorläufig für ein Jahr
2674 2145 4061 2220 mit Curtis Brown abgeschlossen habe. Der
2674 2195 4078 2280 „Einsame Weg“ ist durch seine Vermittlung
2664 2236 4088 2329 für das Guild-Theatre, der „Ruf des Lebens
2660 2296 3978 2399 für das Actor-Theatre erworben worden.
3032 2426 3916 2521 Mit verbindlichen Grüssen
3290 2509 3912 2602 Ihr sehr ergebener
2683 2829 3238 2931 Herrn Dr.Maril,
2680 2900 3232 2988 Fischer,Verlag,
2643 2941 2900 3048 Berlin.
