4428 3992
478 1115 1905 1214 Wie lange zeit müsste denn vom Imprimatur
482 1184 1980 1270 bis zur Fertigstellung des Buches gerechnet
478 1254 748 1343 werden?
764 1319 2028 1417 Dass die Autoren unentwegt ihren Res-
490 1391 1982 1484 pekt vor den Paragraphen des Tarifvertrags
484 1434 2028 1534 festhalten wollen, der von den Direktionen un-
490 1498 2014 1569 unterbrochen und oft in der leichtfertigsten
492 1544 2014 1627 Weise verletzt wird, werde ich nie und nimmer
484 1593 1865 1676 begreifen. Ist der Autor nicht berechtig
492 1641 2046 1758 carantie zu verlangen, so müsste zum mindesten
490 1700 2012 1788 sofort die Inhibierung der Aufführung erfol-
490 1754 1954 1845 gen,wenn nicht Abend für Abend, oder wenig-
496 1796 2010 1909 stens Woche für Woche die Tantiene abgelie-
492 1851 1980 1936 Tert wird. Ich weiss, dass auch die Theater-
492 1887 1986 1988 geschäfte jetzt miserabel gehen, aber es ist
492 1948 1956 2044 wahrhaftig die geringste Forderung, die der
490 1996 1932 2081 Autor an eine Direktion zu stellen hätte
490 2022 2065 2137 dass das ihm gehörige Zehntel der Abendeinnah-
496 2103 1921 2188 me für ihn reserviert und nicht sozusagen
496 2133 2028 2246 automatisch unterschlagen werde, was ja jetzt
498 2226 1407 2309 die pegel zu sein scheint.
778 2276 1970 2381 Mit wirklichem Bedauern ersehe ich
490 2349 2061 2460 aus dem letzten Brief von Leo Grainer, dass er
496 2413 2022 2512 aus Ihrem Verlage ausscheiden wird. Ich werde
504 2460 2051 2553 noch Gelegenheit nehmen Ihm auf direktem Wege
528 2520 2034 2601 für die Mühe, Liebenswürdi, keit und Gduld zu
496 2557 2034 2659 danken, die er mir gegenüber stets an den Tag
502 2613 1966 2708 gelegt hat, doch zweifle ich nicht, dass ich
498 2663 2034 2766 mich auch mit Herrn Dr.Maril aufs Beste ver-
504 2736 968 2835 stehen worde.
806 2799 1520 2926 Mit herzlichem Gruss
1067 2887 1184 2976 Ihr
464 3174 1294 3299 Herrn S.Fischer,Verlag,
496 3262 770 3341 Berlin.
67 3805 145 3879 mme
3577 891 3950 1028 17. 7.1924.
2315 843 2661 1038 Fischer
2540 1153 3057 1268 Lieber Freund.
2809 1252 4026 1387 Die Hovelle wird in allerspätes teng
2573 1335 4099 1450 acht Tagen In Ihren Händen sein.So dass also
2538 1391 4067 1494 technisch, wenn sie überhaupt Platz haben, ein
2528 1417 4101 1550 erscheinen im Oktoberhoft der Neuen mundschau
2538 1482 4101 1593 ehneweiteres möglich sein würde. Die Buchaus-
2532 1536 4133 1643 gabe würde dann Ihrem wunsch entsprechend kei-
2569 1589 4059 1726 neswegs vor Anfang Dezember ausgegeben wer-
2841 1651 3996 1780 Nicht viel später als die Novelle
2532 1688 2684 1752 den.
2538 1724 4075 1853 wird auch das Stück bei Ihnen eintreffen. Ich
2565 1792 4041 1895 möchte jedenfalls auch noch den umbruch zu
2545 1843 4155 1948 sehen bekommen, was ja wohl innerhalb spätestem
2547 1903 3972 1998 14 Tagen nach Eintreffen meiner Korrektur
2534 1958 4002 2044 bei Ihnen zu ermöglichen sein wird und das
2545 2016 4032 2111 Buch kann dann Anfang Dezember fertig sein.
2542 2055 4032 2155 In einigem Gegensatz zu Ihrer Meinung halte
2549 2059 4168 2216 ich es für ziemlich zwecklos den gühnen Exempla
2549 2149 4147 2250 re vor einer Uraufführung im Burgtheater über-
2557 2202 4079 2307 haupt zugänglich zu machen. Ich halte es für
2549 2250 3970 2353 unwahrscheinlich, dass eine deutsche Bühne
2575 2301 4063 2411 (vielbeicht von 3 oder 4 abgesehen -welche?“
2547 2351 4143 2466 dieses schwer spielbare personenreiche Komödie
2557 2426 4065 2502 vor einem entschiedenen erfolg in wien oder
2542 2452 4117 2563 Berlin fest mit Vorschuss zu erwerben geneigt
2579 2502 4153 2627 sein wird. Wir haben ja schon einige Erfahrung
2557 2563 4133 2663 in dieser Hinsicht. Mittleran Theatern Stücke
2555 2611 4059 2720 dieser Art unter den heutigen Verhältnissen
2561 2661 4047 2774 sozusagen zur Ansicht zu schicken xxx lohnt
2593 2726 4059 2817 kaum das Postporto. In diesem Moment wüsst
2563 2758 4091 2873 ich übrigens auch kaum, welche Berliner Bühne
2549 2821 4045 2924 für dieses Stück überhaupt in Betracht käme
2561 2865 4158 2968 Auch die Besetzung am Burgtheater macht erheb-
2561 2936 3339 3053 liche Schwierigkeiten.
2905 2986 4099 3123 Herr Paulm Barnay hat mir wegen des
2579 3067 4045 3218 „Reigen“ telegraphiert. Gegen eine vor der
