4433 3992
312 1060 1860 1212 mit seinem letzten Buch, die in anderen Verla
340 1151 1811 1239 en erschienen sind, zu bedeuten hat. Ich bin
326 1202 1846 1286 überdies nicht durch einen Generalvertrag an
326 1253 1813 1339 Sie gebunden, aber ich habe auch nach keiner
326 1318 1803 1386 Seite hin für ein neues Buch abgeschlossen.
320 1333 1877 1438 Daß mich eine grosse Pauschalsumme verlocken
328 1410 1842 1485 könnte ist ein Irrtum von Ihnen. Angemessene
332 1447 1872 1542 Perzente mit entsprechender Vorauszahlung und
334 1508 1811 1614 insbesondere grosszügiger Vertrieb sind mir
332 1587 1139 1671 beträchtlich wichtiger.
746 1638 1881 1736 Dass gewisse Differenzen zwischen
338 1709 1828 1797 verlag und Autor in solchen Zeiten nicht zu
338 1730 1911 1842 vermeiden sind, darüber bin ich mit Ihnen einer
326 1815 1889 1946 Meinung. Aber In unserem Fall handelt es sich
326 1870 1754 1966 mehrfach nicht um nifferenzen, über die es
118 1919 1756 2017 als m zweierlei Ansichten geben kann, sondern um
334 1952 1885 2068 Selbstverständlichkeiten, über die so langwie-
338 2019 1925 2121 rige Diskussionen,wie ich sie mit Ihnen zu füh
112 2007 302 2105 Fragey
340 2074 1793 2158 ren leider genötigt war, nicht möglich sein
338 2109 1828 2225 sollten. Zu diesen Selbstverständlichkeiten
338 2156 1930 2272 rechne ich die Auszahlung der Tantiemen an den
338 2229 1860 2313 Autor in der gleichen Valuta, die für die be-
344 2274 1822 2359 treffenden Werke des Autors eingegangen ist
338 2329 1927 2421 und die Formulierung eines neuen Vertrags,wenn
344 2376 1899 2482 im Laufe der Jahre nahezu sämmtliche Parargra-
352 2427 1838 2526 phen des früheren auf Wunsch und zu Gunsten
350 2476 1830 2565 des einen Teils umgestossen worden sind.Und
352 2524 1850 2618 nun bitte lassen Sie mich auf die erledigung
338 2584 1889 2687 dieser Angelegenheit nicht mehr lange warten.
681 2667 1394 2777 Mit herzlichem Cruss
972 2749 1084 2818 Ihr
338 3140 593 3252 Herrn S
328 3225 591 3315 Berlin.
3472 892 3859 994 26.1.1924.
2478 894 2755 1082 chez
2545 1043 2802 1131 au moins que les
2510 1112 3018 1243 Lieber Freund
2769 1251 3963 1363 Um Ihnen und mir die Korrespondenz
2492 1322 4057 1420 wenigstens teilweise zu ersparen,hatte ich ja
2486 1379 3989 1475 Herrn Jacob um persönliche Vermittlung gebe
2498 1426 3967 1532 ten. Es War doch auch alles schon erledigt
2488 1455 3991 1569 und auch meine mehrstündige Unterredung mit
2486 1542 4026 1634 Herrn Greiner sollte nach meiner und wie ich
2488 1593 3957 1681 dachte auch nach Ihrer Meinung und Absicht
2492 1636 3991 1726 die Erledigung unserer Angelegenheiten för-
2494 1679 4049 1787 dern. Sie mussten also gar keinen Brief mehr
2492 1742 4046 1836 von mir abwarten, insbesondere in der Valuten-
2492 1777 4063 1895 sache. Nach Hans Jacobs Mitteilungen war übri
2494 1858 3881 1964 gens diese Ausrechnung (deren ungehauere
3036 1911 3117 1954 moe
3111 1881 4110 1995 niemals ganz begreifen werde)
2488 1911 3119 2011 Schwierigkeit von
2492 1948 3979 2038 schon vor 6 oder 8 Wochen sehr weit vorge-
2486 1962 4061 2095 schritten,man liess ihn ja damals Einsicht in
2492 2064 4040 2133 die betreffenden Aufschreibungen nehmen. Nun
2486 2113 4055 2196 auf die paar Tage kommts ja nicht mehr an und
2490 2160 4026 2249 ich sehe der Einsendung der Aufstellung gern
2486 2233 2806 2321 entgegen.
2791 2276 4073 2382 Des Ferneren handelt es sich noch um
2494 2364 4095 2441 Folgendesjerstens um den neuen Vertrag, worüber
2492 2400 4116 2494 ich Ihnen ja neulich ausführlich genug geschri¬
2492 2465 4030 2541 ben habe. ich rekapituliere, die wesentlisten
2498 2508 4099 2610 Punkte sind: 202 vom Ladenpreis des broschier-
2506 2559 4118 2643 ten Exemplars, natürlich unter der Voraussetzung
2500 2614 4065 2690 dass kein Autor höhere Perzente bezieht; eine
2492 2671 4044 2765 Höchstspannung von 40, zwischen broschiertem
2500 2722 4079 2806 und gebundenem Exemplar; Verpflichtung zu Neu
3936 2763 4083 2818 G.C.
2559 2781 3945 2859 ruck jedes Buches so bald nicht mehr als
2500 2802 4073 2916 1500 Exemplare übrig sind; allmonatliche ent-
2500 2885 3411 2989 sprechende Akontozahlungen
3178 2879 3936 2997 „Öch schlage vor
2474 2963 4065 3066 12 österr Millionen; seit der letzten Dezember
2478 3024 3936 3121 zählung von 750 Goldmark ist keine an mich
2465 3087 3594 3185 gelangt);halbjährige Abrechnung.
3091 3215 3739 3327 mir sehr ergebener
