4399 4007
2558 774 2734 891 Tint
4042 907 4279 1011 3 10/8
2734 1003 4233 1119 übergehende Unterbrechung unserer geschäft¬
394 1042 1896 1215 immer alles gefunden,was sie kaufen wollten,
2739 1088 4263 1186 hen Beziehungen auch nur in Betrachtgezogen.
424 1134 1887 1252 so stünde es mit der Auflagenzahl noch um
401 1179 1927 1304 ein Erhebliches besser. In kainem Falle aber
3065 1183 3521 1271 wünschen, nun
4126 1175 4238 1258 2 Kax
3627 1175 4015 1279 mir, joh. mög¬
397 1237 1985 1358 könnte selbst die Tatsache, dass Theaterstücke
2710 1198 4192 1325 in neues Stück doch noch Ihrem Verlag über¬
403 1281 1991 1443 weniger gekauft worden als Novellen und Romane
2705 1302 4088 1377 eben und zwar zu den Bedingungen, die ich
409 1337 1889 1458 als Grund dafür gelten, einem Autor, der viel
2714 1362 4136 1422 jener anderen Seite bekäme. Sie glauben
407 1393 1929 1514 leicht etwas mehr Theaterstücke als Nevellen
2699 1393 4177 1489 ffontlich nicht, dass ich Anbote eines ando
415 1447 1929 1576 geschrieben hat seinen geringeren Perzentsatz
2697 1466 4157 1530 ren Verlags in der Weise ausnützen möchte,
442 1491 2010 1622 anzubieten, als sinem andern Autor, bei dem dis-
2724 1514 4169 1588 von Ihnen bessere Bedingungen zu erhalten
411 1547 1995 1659 ses Verhältnis umgekohrt stünde. Es genügte in
2697 1568 4142 1632 s ich sie unter normalen Umständen zu for-
451 1601 1995 1736 diesem Fall zur Herstellung des Gleichgewich-
2691 1611 4128 1680 rn berechtigt wäre. Ich denke nicht daran
421 1653 1977 1769 tes, dass eben bei denjenigen Werken, die einen
2687 1663 4155 1740 rauszahlungen von Auflagen in der Höhe von
419 1700 2031 1831 geringeren Absatz erwarten lassen, eine geringe-
2685 1717 4115 1790 nen zu beanspruchen,wie sie mir von jeher
419 1771 1698 1902 re A uflagenzahl vorhergedruckt wird.
2676 1773 4047 1833 derem Soite geboten werden. Ich wünsche
2691 1790 4134 1887 cht, dass Sie irgend ein Risiko übernehmen.
770 1854 2022 1968 Ein Bindung bezüglich neuer Werke ha¬
2672 1873 4109 1925 h muss nur die sicherheit haben, dass neue
426 1908 1948 2022 ben Sie selbst niemals von mir verlangt. Dass
2658 1906 4177 1999 iflagen, wenn es nötig, sofort wieder gedrückt
424 1941 2028 2082 die Kontinuität einer Beziehung durch gelegent¬
2660 1966 4148 2033 ordon, also bevor das Buch vegriffen ist. Ich
436 2008 2045 2130 liche Ausgabe eines Buchs in einem anderen Ver¬
2658 2014 4209 2097 irde mich also auch in dem Falle meines neuen
469 2060 1918 2182 lag weder praktisch noch ideell geschädigt
2649 2064 4134 2149 tückes mit einer Voraussahlung von nur dre
430 2107 2026 2236 wird, wird unter andern durch die Fälle Wasser-
2649 2122 4148 2188 uflagen begnügen. Hingegen würde ich wie na
432 2161 1950 2296 mann und Thomas Mann zur Genüge bewiesen,die
2649 2168 4138 2230 Urlich auf 20> vom Ladenpreis und zwar auch
430 2201 2093 2334 nach wie vor als Autoren des Verlages S.Fischer
2639 2209 4215 2294 0% vom gebundenen Exemplar bestehen.talkxtax
2637 2265 4030 2334 aber diese Perzentzahlung vom gebundenen
2637 2313 4157 2388 xemplar haben wir, wie sie wissen, schon sei-
436 2325 683 2425 gel ten.
812 2361 1981 2471 Ded uroh, dass eine Novelle von mir
2631 2373 4165 2444 erzeit verhandelt,es war auch schon ein Nor¬
436 2419 1929 2535 anderswe als bei ihnen erschiene, wedden die
2622 2425 4096 2487 alvertrag in diesem Sinn vom Schutzverband
448 2465 1993 2599 Chancen des Verlags Fischer meine vorherigen,
2626 2448 4238 2568 der einer ähnlichen Voreinigung zur Diskussion
480 2525 1877 2637 resp. meine späteren abzusetzen,nicht im
2631 2512 3154 2606 estellt worden.
451 2602 1279 2714 entferntesten tangieren.
2938 2589 4090 2689 Ueber die hier behandelten Punkte
828 2672 1985 2778 Dass mir selbst der Cedanke recht
2618 2660 4111 2757 möchte ich so bald wie möglich Ihre Meinung
448 2726 1939 2844 feru lag die Kontinuität unserer Verbindung
2631 2730 3741 2801 hören, da ich nicht mehr lange mi
453 2755 2047 2901 zu durchbrechen,habe ich durch mein bisheriges
2631 2739 4165 2865 Tagung des Buches zögern kann. Wie der ich schon
457 2824 2043 2961 Verhalten wohl zur Genüge bewiesen. Trotz ver-
2624 2820 4086 2892 seinerzeit schrieb.müs to der Satz längere
448 2882 2022 3023 schiedener Anträge von anderer Seite undtrotz
2633 2888 4088 2959 Zeit stehen bleiben, so dass ich zuerst nur
490 2932 2018 3050 des erheblichen Aergers, den ich, insbesondere
2624 2934 4150 2996 Fahnenmuscripte zur Verfügung hätte,wie er
490 2975 2012 3112 im Laufe der letzten Jahre mit dem Verlag Fi
2633 2973 4225 3071 z.B. beim „Bernhardi“ der Fall war, die endgül-
451 3025 2120 3156 soher gehabt habe, sowohl was Mängel des Betriebs
2631 3035 4094 3114 tige Fert stellung des Buches sollte etwa
457 3096 2095 3206 als Modalitäten der Zahlung anbelangt, hatte ich
2633 3092 4117 3158 im September erfolgen, so dass es vor der
451 3133 2004 3283 bis vor kurzem eine auch nur bescheidene und
2624 3141 4130 3224 aufführung jedenfalls zur Versendung bereit
1584 3314 1669 3393 D
