4428 3992
3296 874 3666 983 12.7.1924.
2321 827 2721 1013 Fischer
2475 1118 2971 1233 Lieber Freund.
2963 1195 4123 1334 Es ist so weit, dass ich Ihnen die
2471 1302 4123 1434 Novelle, über die wir vor einigen Wochen korres
2486 1336 4130 1464 pondiert haben, in zirka 14 Tagen achioken könn-
3198 1394 4168 1498 Verlag Zolnay vor Weihnach¬
2494 1428 3206 1522 te. Sie soll hier im
2488 1460 4089 1560 ten erscheinen. Sie ist etwas langer geworden,
2486 1505 4093 1610 als ich gedacht habe; ich schätze sie auf circa
2527 1543 4132 1657 50 Seiten der neuen Rundschau und so weiss ich
2527 1601 4125 1708 nicht, ob Sie sich in einer Nummer werden brin-
2494 1635 4168 1778 gen können. Mir wäre es äusserst willkommen,wenn
2497 1704 4136 1830 es sich machen liesse; in diesem Falle wäre ich
2494 1738 4211 1879 auch mit Ihrem Honorarvorschlag von 1.500 Goldmak
2494 1817 4027 1934 einverstanden. Verteilt sich die Novelle auf
2533 1838 4100 1971 zwei Nummern, so würde ich 2000 Goldmark bean-
2501 1905 4091 2022 spruchen. Erscheint sie in zwei Forssetzungen,
2497 1962 4078 2086 so wäre Oktober und November,erscheint sie in
2529 2003 4179 2114 einem Heft als Ganzes, so wäre mir der Monat No-
2509 2067 4160 2176 vember als Erscheinungstermin am willkommensten.
2537 2118 4115 2227 Ich erbitte vorerst Ihre prinzipielle Aausse-
2514 2150 4177 2274 rung. Alle weiteren Rechte habe ich mir vorbe-
2509 2210 4200 2319 halten, so dass sohon nach 2-3 Jahren diese Novel-
2516 2268 4121 2368 le auch für einen neuen Band der Gesammtausga-
2503 2338 3211 2452 be wieder frei wäre.
3762 2358 4157 2499 der Verfüh-
3025 2400 3741 2507 Was nun Die Komödie
2595 2443 4183 2571 ung" anbelangt (es wird nun wohl über übel bei
2544 2514 4217 2631 diesem Titel bleiben müssen), so bat ich ja schon
2548 2565 4179 2689 seinerzeit, dass man mir mit der letzten Korrek-
2559 2621 4149 2745 tur ein wenig Zeit lassen möge. Immerhin hoffe
2554 2672 4157 2792 Ich Ende Juli das endgiltige Krimatur erteilen
2554 2719 4130 2836 zu können; erhebliche Aenderungen werden kei-
2527 2777 4059 2883 neswegs in Betracht kommen. Die Uraufführung
2571 2830 4027 2933 ist nicht für September,sondern frühestens
2559 2864 4102 2984 für Oktober (9.) vorgesehen und es liegt gar
2563 2928 4170 3029 nicht in meiner Intention den Theaterdirektio-
2593 2997 4123 3140 nen vorher das Stück. zur Ansicht vorzulegen.
