4342 3992
386 1082 1954 1205 Verlag S.Fischer zu erfüllen geneigt gewesen
394 1175 1847 1274 wären.;- ferner weil mir die Notwendigkeit
382 1240 1879 1330 dieser Verhandlungen,gerade im ihrer Ueber-
392 1294 1950 1389 flüssigkeit willen,mindestens so sehr auf die
380 1357 1429 1456 Norven gegangen ist als Ihnen.
729 1413 1942 1550 Wie steht es aber nuneigentlich mit
382 1498 1879 1587 der Frage der Kompensaton? In praxi hatten
426 1550 1900 1633 Sie von mir genau dieselbe als von jeneman-
422 1619 1871 1694 dern autor und ich hätte niemals daran ge-
420 1663 1890 1736 dacht die Anträge xxxanderer Verleger zu
426 1730 1879 1779 erwägen, wenn es oben nicht zu den hier ge¬
424 1754 1817 1837 kennzeichneten wifferenzen gekommen wäre
430 1783 1883 1890 Das kleine Novellenbüchel, das vor mehr als
430 1863 1813 1944 20 Jahren im Wiener Verlag erschien,ging
426 1904 1970 2005 nach kurzer Zeit in Ihre Hände über, den „Rei¬
428 1958 1781 2045 gen“ zu drucken hatten Sie Bedenken, die
430 2017 1875 2106 zu ihrer Zeit gewiss gerechtfertigt waren,
424 2059 1898 2148 als ich Ihnen das Buch vor etlichen Jahren
438 2104 1999 2188 von neuem anbot sahen Sie nach einigem Schwan¬
424 2160 1928 2267 ken doch wieder lieber davon ab es in Ihrem
430 2227 1227 2313 Verlag herauszubringen.
771 2289 1855 2412 Zum Ueberfluss aber gab es auch
388 2350 1993 2439 von meiner Seite eine Art „Kompenration“,indem
394 2429 1954 2503 ich nen nämlich - in Gegensatz zu jenem an-
394 2471 1890 2550 dern Autor - auch den Bühnenvertrieb meiner
398 2513 1988 2606 Werke überliess- gleich nach dem zusammenbruch
392 2580 2003 2661 von Entsch obwohl ich zu gleicher zeit von man
394 2628 1879 2715 chen damals versierte von Agentur Anbote em-
394 2669 1990 2770 pfing. Mag in diesem Falle auch Ihr materieller
398 2733 1962 2818 Gewinn kein sehr hoher sein,es hatte immerhin
398 2772 1978 2865 eine gewisse moralische Bedeutung für den Ver-
398 2828 1892 2911 trieb, dass er mich zu seinen Autoren zählen
388 2907 650 2986 durfte.
803 2970 1999 3066 Nach einer längeren Pause wird nun
386 3018 1940 3131 wieder ein Buch von mir fertig. Angebote von
386 3097 1950 3186 mano her seite mit xxx priori besseren Bedingun-
386 3149 1997 3291 gen als von vhnen zu fordern mir jemals einge¬
4037 866 4179 975 ¬
3898 884 3995 981 3
2560 1001 4021 1084 fallen wäre, treten an ja mich heran, wieder
2564 1068 4090 1145 finde ich mich durchaus geneigt Ihnen dieses
2564 1126 4056 1189 neue Buch zu überlassen und stelle eben nur
2564 1173 4130 1240 die nach wie vor nicht nur mir allein berech-
2558 1217 4144 1294 tigt erscheinende Bedingung, dass mir die glei¬
2560 1288 4132 1361 chen Vorteile zugebilligt werden wie jenem an
2564 1326 4108 1391 dern Autor,was ja, wie ich Ihnen schon bei an-
2554 1389 4149 1447 derer Gelegenheit sehr ausführlich auseinander
2558 1437 4120 1506 setzte, nicht ir etwa in künstlerischer Ueber-
2558 1466 4161 1563 heblichkeit seinen Grund hat;- wofür mirx viel¬
2558 1536 4090 1597 mehr die rein geschäftliche Bewertung meines
2558 1587 4086 1665 Werks innerhalb Ihres Verlags alaxhagründung
2554 1629 3979 1692 xx jedem, auch nur kaufmännisch objektiven
2554 1674 4157 1752 Betrachter als Begründung genügen dürfte;-wohl
2564 1738 4161 1801 gemerkt;nus von diesem neuen stück spreche ich;
2554 1791 4052 1875 Sie aber erwidern mit, dass es die ökonomi-
2552 1829 4171 1910 Basis des Verlags gefährden würde,wenn Sie mir
2554 1890 3937 1950 wenn der Verlag Fischer dem Autor Atthur
2560 1940 4001 2001 Schnitzler für sein neues Buch statt einer
2558 1978 4112 2069 18 Wigen eine 20%ige Tantieme vom broschierten
2548 2043 4009 2106 Exemplar gewährte.Diesen.Standpunkt, lieber
2546 2095 4040 2158 Freund, stehe ich, insbesondere nach den man
2554 2148 4084 2215 cherlei Stimmung- und zeitraubenden-Unstimmig
2552 2200 4070 2251 keiten der letzten Jahre, die nicht ganz ohne
2542 2239 4086 2316 Mühe endlich ausgeglichen wurden, ohne jegli¬
2558 2295 4110 2372 ches verständnis gegenüber; der Verhandlungen
2560 2354 4102 2410 über einen Punkt, der mir zur Meinungsverschie
2536 2394 3246 2465 danhaitt, als allutt kasina
3836 2400 4007 2487 sok.
4066 2402 4151 2481 an,
2540 2449 3169 2523 bin so xxx gerade so
2534 2495 3101 2572 auch keineswegs
2540 2552 3184 2624 einer 18/Aigen Tanti
2529 2596 3178 2673 zu gefährden fürcht
2534 2651 3109 2723 mische Basig ihre
2536 2709 3115 2778 von 20% in Frage
2529 2756 3165 2828 neuerlichen Nachgi
2534 2804 3359 2863 keinerlei Anlass vor und
2527 2848 3434 2929 entschlossen vorläufig den
2525 2907 3361 2964 neuen Stückes einem ande
2529 2953 3819 3028 dem die Ansprüche, die ich stelle (und
2534 3016 4019 3085 Übertrefien die jenigen ein wenig, diegie von
2521 3064 4068 3151 mir gewohnt sind) minder unbescheiden erschei¬
2521 3125 3539 3220 nen als dem Verlag S.Fischer.
