4420 3992
430 987 1850 1111 nenne 2 oder 3 meiner stücke, die denen or
388 1058 1823 1167 in Italien eine gewisse Chance zusprechen
392 1078 1914 1226 möchte, für die wollen wir ihm eine 1-1½ jäh-
400 1157 1920 1288 rige Optionsfrist gewähren. Sollte innerhalb
428 1207 1969 1316 dieser Zeit nicht für mindestens zwei ein an-
408 1260 1884 1361 gemesener Vorschuss gezahlt- oder eine Auf-
400 1302 1890 1415 führung erfolgt sein, so erlischt sein Recht
402 1347 1993 1484 Ich glaube, dass „Liebal“ und das „Weite Land“
408 1430 1775 1524 am ehesten in Betracht kämen. Ausserdem
400 1464 1797 1567 müsste man sich ausbedingen, dass (wie ja
400 1516 1831 1623 Herr Omntada selbst vorschlägt,die Ueber-
408 1575 1829 1672 setzung jedes einzelnen stückes innerhalb
416 1609 1959 1724 dreier Monate vollendet wäre, resp. man müsste
408 1674 1938 1799 Einsendung einer Abschrift des italienischen
1484 1722 1813 1775 Mais elle est eu de ses amis.
406 1740 1216 1833 Manuscriptes verlangen.
682 1801 1866 1920 Der Wunsch des Herrn O. auch von Ab
422 1876 1791 1977 schlüssen, den Sie direkt tatigen würden,
418 1918 1930 2031 50% zu beziehen, scheint mir so ungerechtfer-
420 1963 1930 2082 tigt als möglich. Meine Abneigung gegen Gene¬
440 2035 1918 2152 ralborträge hat-sich durch die Lektüre des
446 2084 1533 2203 o. sohen Briefes nicht geändert.
735 2154 1977 2267 Herr Prof Richter hat mir anlässlich
430 2229 1920 2338 seines Besuches bei mir mitgeteilt, dass ir-
436 2284 1876 2391 gend ein Theater in Italien die Aufführung
903 2326 1954 2435 plant, von dem übrigens eine un-
434 2366 822 2441 des „Reigen"
470 2376 1892 2486 berechtigte und überdies schlechte Ueber-
426 2419 1977 2542 setzung gegen mein ausdrücklich ausgesproche-
436 2484 1969 2609 nes verbot an den Uebersetzer erschienen ist.
470 2536 1959 2645 Herr Stefano Richter hat nun brieflich sich
436 2591 1946 2708 zur Wahrung meiner Rechte bereit erklärt, ge-
446 2637 1957 2746 gen 50% der Einnahmen, ein umso unlogisc heres
454 2689 1936 2803 Verlangen, als er ja nicht auf Einnahmen aus
481 2746 1928 2849 einem Werke rechnen kann, dessen Aufführung
481 2794 1932 2889 er in meinem Namen verbieten soll. Ich habe
446 2813 2017 2960 genauers Angaben (welcher Direktor, welche Bühr-
452 2887 1866 3000 nen, welche Stadt) erbeten, die aber bisher
446 2944 1977 3051 nicht an mich gelangt sind, Haben sie keinen
446 2982 2005 3164 Vertrauensmann in Italien (Rom oder Mailand?)
2554 800 3150 951 Fischer. 13.1926
3776 844 3970 973 Bl.2
2558 959 4131 1137 Ich wünsche öffentlich eventuell in einer Zei-
2562 1040 3390 1139 tung Protest zu erheben.
2756 1102 2960 1157 iM^
3229 1117 3321 1185 G.C.H.P.
2752 1113 4153 1270 Auch Cassel hat sich wegen einer „Reigen“
2534 1205 4002 1298 Aufführung an mich gewandt. Ich verwaigere
2546 1258 4034 1347 natürlich die erlaubnis, nicht etwa, dass ich
2550 1298 4038 1399 über die Aufführungsmöglickeit des „Reigen
2542 1355 3935 1442 anderer Meinung geworden bin, sondern weil
2538 1393 4079 1520 im Laufe der letzten drei Jahre Verlogenheit,
2528 1440 4012 1575 Heuchelei und parteipolitischer Terrorismus
2562 1502 3608 1650 sohlimmer geworden sind als je.
2901 1595 3604 1718 Mit herz lichem Gruss
3140 1668 3261 1761 Ihr
2790 2302 3051 2395 r. Ma ri 1.
2490 2326 3091 2475 s.Fischer,Verlag,
2481 2411 2730 2494 Berlin,
2475 3023 2964 3115 nung mit „ — p.
