4466 3977
2446 712 3251 887 ischer Verlag
3641 755 3980 879 3.2.1927.
3136 730 3244 920 P.
2723 1033 3236 1158 Lieber Freund.
2972 1160 4086 1273 Ich sende hier noch eine weitere
2701 1210 4164 1379 nach trageliste mit Adressen für die Versen¬
3201 1296 4123 1394 ein mit der Bitte um Erle¬
2701 1338 3073 1398 dung des „G.
2704 1381 2948 1476 digung.
2972 1435 4043 1548 Mit Ihrem Vorschlag den Verkauf
2704 1465 4199 1591 der alten „Casanova - Auflagen zu dem genann-
2706 1546 4099 1638 ten pamschpratse und der von Ihnen vorge-
2710 1595 4147 1690 schlagenen Zahlung an mich betreffend wäre
2704 1654 4091 1745 ich einverstanden, wenn Sie nicht glauben
2704 1686 4171 1797 dass das Erscheinen der Novelle auf dem Bü-
2710 1747 4093 1844 chormarkte zu dem biligen Preise den spä
2710 1797 4069 1890 teren Verkaufschancen und dem Buch über-
2697 1870 3885 1968 haupt schädlich sein xxx dürfte.
3013 1926 4087 2033 Bitte lassen Sie mir senden, was
2706 2026 3950 2106 über das Diogramm erscheinen sollte.
3020 2080 4121 2169 Mit Herrn Dr.Maril habe ich mich
2710 2125 4097 2229 ausführlich und angenehm über den Bühnen
2712 2204 4121 2303 vertrieb meiner neuen Werke unterhalten.
3017 2292 3734 2405 Mit herzlio vom Gruss
3026 2359 3145 2454 Ihr
2717 2744 3520 2866 Herrn S.Fischer,Verlag,
2723 2825 2976 2924 Berlin.
