4385 3993
2914 853 3282 960 Marie
2258 851 2838 1006 Fischer
3364 894 3738 1030 23.9.1924.
3179 948 3300 1014 8.8
2616 991 2796 1069 que le sujet de nouveau.
2210 1001 2393 1090 G.C.H.F.P
2406 1119 3189 1250 Vorehrter Herr Doktor.
2762 1263 3960 1390 Es war mir noch nicht bekannt, dass
2391 1324 3964 1448 Cäln sich das alleinige Graufführungsrecht ge¬
2424 1369 4024 1489 sichert hat. In diesem Fall wollte es doch ei-
2426 1431 4014 1548 ne Carantie zahlen. So bitte also Wiesbaden je
2402 1483 4001 1608 denfalls zu verständigen,dass es vor 21. Oktobr
2552 1518 4030 1657 tück nicht auffuhren darf. Ich persönlich
2437 1583 4082 1696 habe natürlich noch keinem Theater, am wenigsten
2418 1600 2562 1657 das
2433 1633 3969 1746 einem in Berlin, ein Aufführungsrecht erteilt
2433 1678 4034 1801 und ersehe erst aus einem Schreiben von Kahane
2433 1744 3975 1869 dass das Deutsche Theater ein Manuscript zur
2433 1816 3212 1906 Einsicht erhalten hat.
2811 1871 4041 1995 Gewiss lege ich auf eine Aufführung
2439 1939 3979 2052 des „Reigen“ in Breslau nicht den geringsten
2441 1993 3981 2106 Wert, ich lege nur Wert darauf.dass im Falle
2445 2021 4080 2149 einer solchen Aufführung die Direktion ihre Ga-
2412 2108 3798 2241 rantie (und weiteres) rechtzeitig zahlt.
2840 2182 4063 2291 Ich bin ganz Ihrer Ansicht,dass er-
2412 2243 4032 2371 hebliche tehnische Schwierigkeiten der Ausfüh-
2424 2276 4075 2433 rung Ihr### des Vorschlags entgegenstehen wurden
2426 2359 4080 2463 nach dem das Eigentumsverhältnis an der Autoren¬
2437 2414 4043 2517 tantieme durch einen Vermerk auf den Eintritts¬
2430 2459 4008 2568 karten präzisiert würde. Aber abgesehen davon
2435 2502 3997 2624 wäre damit sehr wenig getan. Was hilft es uns
2472 2533 4092 2675 wenn das Publikum innerlich sozusagen die Tren-
2472 2613 4041 2716 nung zwischen vintrittspreis und Tantieme, wie
2474 2657 3989 2768 die zwischen Bintrittspreis und Steuer vor¬
2474 2704 3967 2825 zunehmen imstande wäre. Für das Publikum ist
2478 2749 4088 2871 nur die Frage interessant,wie viel es für sein
2482 2817 4049 2934 Billett zu zahlen hat. So lange nicht (wie es
2476 2850 4121 2967 in Frankreich durch die Machtbefugnisse der So-
2447 2908 4080 3021 ciete des Auteurs seit Jahrzehnten möglich ist,
2449 2971 4059 3097 sofort an der Abendkasse die Tantiemen für den
2482 3019 4094 3142 Autor sicher gestellt werden, besteht die Mög -
2474 3074 4069 3200 lichkeit weiter, dass die Direktion sie ander-
