4414 3975
2266 763 2797 886 Rischen
3400 806 3803 910 31.10.1925.
2288 860 2913 972 nommée avec un autre rue de ses
2465 1002 2966 1122 Lieber Freund.
2741 1154 3899 1256 Schon in unserem letzten Gespräch
2461 1220 3996 1308 habe ich Ihnen ausdrücklich erklärt, dass ich
2461 1284 3927 1349 nicht daran denke meine zufällige günstige
2467 1335 3933 1405 Situation dadurch auszunützen, dass ich von
2453 1397 3949 1469 Ihnen bessere Bedingungen zu erzialen suche
2461 1447 3967 1513 als ich ohne Ausspielen einer Konkurrenz zu
2467 1495 3923 1555 verlangen mir einfallen liesse. Ich möchte
2459 1541 3889 1609 gleich bemerken, dass ich bei Ullstein von
2461 1571 3987 1667 allem Anfang an abgelehnt habe die Frage der
2459 1647 3955 1707 Zeitungs-und der Buchausgabe zu verquicken.
2455 1699 3943 1753 Schon bei der in der Vossischen Zeitung er-
2461 1743 3959 1835 schienenen Erzählung Die Frau-des-Richters
2453 1781 4038 1868 war das der Fall. Ich erhielt mein bestimmten
2459 1849 3969 1936 Honorar für die Veröffentlichung in der Zei¬
2461 1898 3919 1976 tung und ganz unabhängig davon meinen Ver¬
2491 1954 3913 2008 trag über das Verlags recht in den kleinen
2461 1980 4006 2064 Propyläen-Ausgabe. Ebenso erhielt ich für die
2461 2052 3998 2126 TraumnoveIle ein ganz best Ommtes Zeitungsho
2441 2084 3979 2188 horär, ohne mich hinsichtlich einer Buchausga
2447 2154 3877 2206 be auch nur im allerentforntesten zu ver¬
2455 2206 3971 2274 pflichten; ja, ich lehnte es ab irgend welche
2445 2242 3975 2334 Honorar Vorschläge hinsichtlich einer solchen
2447 2310 3905 2378 Buchausgabe entgegenzunehmen,habe freilich
2445 2364 3967 2427 allen Grund zu vermuten, dass man mir kein ge
2445 2405 4026 2487 ringes Angebot gemacht hätte. Auch mit Zsolnay
2445 2455 3917 2533 habe ich über die Bedingungen hinsichtlich
2445 2523 3947 2585 einer zweiten in seinem Verlag eventuell er
2445 2563 3925 2627 scheinenden Hovelle überhaupt nicht verhan¬
2445 2611 4046 2673 delt. und habe stets trotz lebhaftester Bemühun¬
2447 2669 3905 2737 gen von beiden Seiten immer wieder betont,
2445 2723 3907 2785 dass für meine endgültige Entscheidung die
2441 2763 3967 2845 Tantiemen -und Vorschussfrage so gut wie gar
2447 2821 3935 2897 nicht in Frage käme und sowohl mündlich wie
2479 2881 3907 2942 schriftlich zu bemerken nie versäumt, dass
2439 2923 3899 2994 ich mich nach wie vor dem Verlag S.Fischer
2439 2974 3955 3040 und insbesondere Ihnen persönlich keineswegs
2435 3024 3981 3102 iuridisch und mehr noch sefühlsmässig als aus
2234 3082 2376 3164 P.S.
