4417 3992
3603 826 3937 950 7.6.1927.
2605 1036 3339 1149 Lieber Herr Dr.Maril.
3008 1110 3364 1175 (V.T.K.V.W.M)T
2924 1170 4126 1273 Sie waren so freundlich mir zuzusa-
2603 1263 4117 1323 gen, dass Sie Herrn Donath, dem Verfasser des
2611 1307 4121 1363 „Robert Blum“ (über den Ich Ihnen einige Wor-
2611 1363 4121 1414 te zu schreiben mir erlaubte) recht bald Be¬
2603 1403 4136 1500 scheid geben würden. Herr Donath schreibt mit
2599 1451 4008 1521 nun, dass er auf wiederholtes Ersuchen hin
2597 1510 4079 1581 noch immer keine Antwort von Ihnen erhalten
2588 1548 4079 1636 habe. Es sind nun gegen zehn Wochen he,dass
2590 1615 4052 1691 Sie das Manuscript in Händen haben uud ich
2590 1667 4006 1734 würde es als eine Gefälligkeit betrachten
2605 1691 4124 1783 (wie sie doch nicht allzu oft von Ihm erbit.
2592 1768 4092 1842 te) die Angelegenheit baldmöglichst zu erle-
2584 1810 2806 1904 digen.
2949 1900 3587 1980 Mit vielen Grüssen
2964 1961 3584 2049 Ihr sehr ergebener
2599 2659 3364 2779 Herrn Dr. Konrad Maril,
2567 2750 3157 2859 S.Fischer,Verlag,
2553 2815 2832 2905 Berlin.
