4443 3993
634 1035 2127 1122 Direktoren festzulegen, und dass die betref-
642 1108 1992 1174 fonden Paragraphe von ihr ganzuxgä nur
648 1166 1952 1247 oberflächlich preäzisiert worden sind.
878 1243 1762 1321 Mit verbindlichen Grüssen
878 1299 1508 1390 Ihr sehr ergebener
640 2602 1412 2705 Herrn Dr.Konrad Maril,
634 2673 894 2741 Berlin.
2447 727 2838 890 H. Fischer
3502 787 3831 906 9.7.1927.
2654 1047 3530 1178 Lieber Herr Doktor Maril.
3069 1192 4145 1311 Selbstverständlich bin ich sehr
2654 1281 4151 1372 gern bereit an Bassermann zu schreiben, wenn
2666 1315 4151 1426 es so weit kommen sollte. Er dürfte das Stück
2656 1378 4227 1462 schon kennen, ich habe es ihm vor einigen Mona-
2707 1436 4044 1508 ten als Dank und Antworts auf einen sehr
2695 1470 4215 1571 freundlichen Brief von ihm gesandt,in dem er
2662 1529 4205 1629 mir von seinen neuesten prfolgen als Sala be-
2664 1561 4211 1674 richtete. Ich habe damals gleich hinzugesetzt
2662 1595 4259 1734 dass diese Sendung nur als eine freundschaftli-
2668 1682 4209 1766 che aufzufassen sei, da die pölle des Kanzlers
2660 1734 4048 1831 für Gastspiele kaum in Betracht käme. So
2668 1776 4080 1885 glaube ich auch tatsächlich nicht, dass er
2660 1831 4247 1929 sich entschliessen wird sie zu studieren. Nun,
2666 1875 4110 1966 wir werden ja sehen. Ausser ihm kämen wohl
2666 1943 4076 2028 nur noch Werner Kraus und Kayssler in Be-
2677 1986 4108 2072 tracht. Haben Sie schon eine Ahnung, welche
2668 2030 4255 2149 Kräfte Hartung eventuell für die anderen Rollen
2668 2107 3373 2203 zur Verfügung hätte?
3112 2163 4155 2270 Dazu gegen die „Ravag“ klagbar
2672 2239 4086 2324 außzutreten bin ich ganz entschlossen, iihh
2673 2268 4187 2378 habe die Sache schon mit meinem Rechtsanwalt
2672 2318 4251 2439 besprochen, die Gerichtsferien verzögern natur-
2668 2399 4247 2489 gemäss die Angelegenheit. Sehr wertvoll ist es
2672 2453 4223 2536 mir jedesfalls, dass Deutschland auf Sendungen
2673 2507 4183 2636 auch von Novellen als tantienenpflichtig er¬
2677 2568 3027 2644 klärt hat.
3122 2626 4201 2741 Wie steht es eigentlich mit dem
2672 2691 4092 2773 Verkauf von.Geist im Wort eto? Sind noch
2677 2751 4225 2844 nicht einmal die ersten tausend abgesetzt wor-
2677 2793 4253 2882 den? Ich habe eben die Autorisation zur Ueber-
2677 2858 4084 2942 setzung ins Englische erteilt. Allerdings
2677 2894 4173 2979 ist vorläufig nur der mebersetzer, aber noch
2701 2967 4239 3061 nicht der verleger vorhanden, der sich jedoch
