4428 3992
3547 915 3923 1047 20.9.1924.
2291 847 2759 1069 Fischer
679 1057 1789 1158 Wann wird die K.d.V. zur Versend
1694 1135 1789 1168 Votre ami-
432 1102 1906 1226 bereit sein, resp.zum Verkauf. Ich Wunschte
450 1195 1912 1271 jedesfalls, dass man das Buch schon vor dem
2422 1162 2926 1295 Lieber Freund.
461 1238 1958 1335 3. Oktober, insbesondere in Wien zu kaufen be-
436 1297 1997 1411 kommt, lieber ein paar sage früher als später.
2572 1287 4034 1415 Beiliegend die K Liste für die Freiexempla-
2426 1345 4082 1505 re etc. Ich habe die Ihre abschreiben lassen, Ie-
683 1357 1855 1474 Es wäre mir sehr lieb, wenn Sie im
2474 1413 3755 1532 ge auch das Original bei. An die mit *
3816 1406 4086 1491 bezeich-
471 1458 1871 1530 Sinne Ihres freundlichen Anerbietens der
2441 1472 4088 1577 neten Adressen bitte den Zettel beilegen zu las-
481 1505 2013 1575 neuen Akontozahlung von 1000 Mark für Bücher
2445 1534 3374 1649 sen: Im Auftrage des Autors.
1717 1548 2001 1626 en lies-
444 1544 1678 1641 gleich eine zweite von 1000 Mark fo
925 1610 1026 1643 ou les
444 1606 2007 1690 sen. Die Spärlichkeit der Eingänge in Neutsch¬
2585 1604 3921 1713 Ausserdem habe ich eine Ergänzungsliste
477 1661 1978 1742 land hat sich bei gleichzeitiger Steigerung
2447 1670 4032 1783 für Freiexemplare beigefügt, der wohl noch eine
444 1717 1966 1783 der Ausgaben in der letzten Zeit recht fühl-
2447 1725 4049 1832 zweite f lgen wird. Ich nehme an, dass diese Bü-
440 1750 1912 1844 bar gemacht. Hoffentlich erhöht sich wenig
2455 1783 3917 1877 cher alle Anfang Oktober in den Händen der
477 1810 1984 1894 stens der Tantiemeneinlauf bald, so dass ein
2449 1849 3255 1935 Adressaten sein können.
444 1857 1978 1945 Ausgleich nicht lange auf sich warten lassen
2628 1898 3956 2021 Was Kopenhagen anbelangt,so zeigt sich
442 1931 623 2005 wird.
2494 1976 4055 2085 Herr Kalokar bereit für diesmal auf sein Erst
724 1978 1912 2079 Woticky hat sich we en der neuen V
2490 2023 3917 2155 recht zu verzichten, bemerkt aber zugleich
1579 2052 1694 2120 keit
2465 2056 4086 2178 dass sich der Direktor des Kgl.Theaters William
1579 2058 1861 2145 Outes L
444 2052 1587 2149 längerung der Optionsfrist für „
1162 2118 1824 2188 Habe die vorderung
2463 2132 4057 2247 Norris wegen meines xxx neuen otückes sich schon
448 2130 1121 2202 an mich gewandt. le
450 2178 1958 2247 stellt, dass er bei weiterr Verlängerung vom
2465 2184 4022 2280 an ihn gewendet habe. Gleiches behauptet Herr
454 2213 1890 2299 1. Jänner-80. Juni 1925 250, für das nächste
2463 2215 4092 2340 Niels Thomsen. Wäre es nicht das Richtigste wir
2472 2284 4090 2396 sendeten ein Exemplar xxx einfach an die Direk-
450 2258 1925 2363 Halbjahr weitere 250 Dollars, diesmal nicht
448 2319 1955 2400 als Options-sondern als Garantiesumme (also
2480 2315 4098 2439 tion und überliessen es dieser sich zu entschei-
454 2363 2052 2490 von den ersten Hinnahmen abziehbar) einzusxxx-
2478 2385 4078 2509 den? Ich erbitte hierüber so rasch wie möglich
454 2441 905 2539 zahlen hätte.
2502 2465 2971 2574 Ihre Ansicht.
2683 2513 4051 2638 „Das Zentrum“,Herr Dr.R F.r vhol,Prag,In
728 2511 1984 2624 Meinem Ontionsvortrag mit den nnited
442 2576 1943 2683 Plays entsprechend habe die Ich die K.d.I.
2472 2576 4090 2708 haber des einzigen czechischen Bühnenvertriebs,
2515 2648 3997 2745 zugleich Dramaturg des Nationaltheaters, er-
450 2626 1818 2749 an diese Firma nach Amerika geschickt.
2482 2698 4055 2809 sucht mich um die Vertretung meiner Werke für
1826 2700 1984 2786 lands.
2480 2731 4078 2848 die czechischen Theater der Czechoslowakei. Ich
728 2704 2001 2831 Karazag habe ich angewiesen Auszug u.
450 2780 1869 2883 anträge direkt an mich zu überweisen. Ich
2492 2786 4092 2897 hielte das für vorteilhaft. Der Brief liegt bei
450 2825 1962 2918 werde sie Imm Allgemeinen sofort an ole wei-
2478 2848 4117 2963 bitte sehr um Rücksendung und umgefällige Aeus-
456 2889 1968 2994 terleiten. Auch der urkomische Hans Bartsch
2490 2940 2727 3037 serung.
454 2940 1318 3023 hat sich wieder gemeldet.
734 2967 1797 3078 nie eben angelangte Rez:Expl:L
2727 2977 3958 3101 Ist die sache mit Wiesbaden und Cöln
436 3012 2052 3126 folgt mit einigen Ergänzungen baldigst zurück.
3181 3058 3662 3169 gung) geordnet?
2529 3070 3152 3183 (deutsche Frauffühge,
728 3093 1520 3206 Mit herzlichen Grüssen
2739 3126 3452 3216 Mit herzlichem Gruss
1008 3154 1139 3245 Ihr
