4444 3992
2849 230 2957 350 1 1/2
2428 649 2640 752 P p
2428 718 2947 852 l'Fischer
2353 828 3008 915 m m m m r j a r oi a m m
3429 830 3779 950 2.4.1927.
2548 966 3282 1092 Lieber Herr Dr.Maril.
2955 1072 3297 1155 1 1/2 4
2959 1131 4118 1224 Mir liegt natürlich gar nichts an
2556 1206 4171 1275 einer Aufführung der „Liebelei“ in der Kloster-
2522 1271 4102 1338 strasse und ich bitte Sie die Angelegenheit
2556 1316 4039 1381 so zu führen, wie Sie sie für richtig halten
2554 1346 4171 1426 Keineswegs dürfte man eine Aufführung ohne Tan-
2554 1407 3417 1499 tiemengarantie gestatten.
2953 1483 4076 1603 Sie werden dieser Tage von einem
2536 1548 3994 1621 Herrn Hans Laufer aus Teplitz-Schönau zwei
2536 1607 4110 1680 Manuscripte unter dem Titel „Sprüche des Ichs
2548 1670 4179 1741 und „Worte der Wanderschaft“ zugesandt erhalten.
2554 1716 4114 1786 Ich selbst kenne zwar Herrn Laufer persönlich,
2579 1765 4131 1832 habe aber noch nie etwas von ihm gelesen. Sie
2542 1816 4163 1897 haben vielleicht die Güte die Manuscripte recht
2536 1863 3950 1954 bald ausserhalb der Tour lesen zu lassen.
2975 1932 4114 2040 Es würde mich sozusagen kulturhi-
2544 2009 4078 2095 storisch interessieren, ob das Deutsche Theater
2569 2072 4076 2142 Ihnen auf die Zusendung des „Gang zum Weiher
3990 2135 4096 2211 Ouil
2542 2121 3431 2203 überhaupt geantwortet hat.
2935 2186 3616 2321 Herzlichst grüssend
2973 2274 3097 2355 Ihr
2524 2638 3285 2770 Herrn Dr. Konrad Maril,
2530 2729 3124 2811 S.Fischer,Verlag.
2522 2780 2780 2866 Berlin.
