4428 3992
432 1106 2082 1246 letzten Verrechnung fehlt das Frankfurter Neu
1530 1205 1901 1270 noch immer.
699 1213 1446 1303 -Bessermann-Gastspiel
451 1258 1991 1350 Und wohl manches andere, was schwerer zu kon-
471 1242 731 1311 heater
443 1319 1430 1412 trollieren ist, nehme ich an).
744 1391 1457 1506 Mit herzlichem Gruss
998 1481 1112 1553 Ihr
481 2878 1285 3028 Herrn S.Fischer,Verlag,
477 2983 736 3065 Berlin.
3268 903 3645 1008 28.7.1924.
2268 955 2887 1084 Pischer
2678 1045 2954 1141 sont aussi une autre même
2485 1123 2983 1246 Lieber Freund.
2667 1207 4032 1375 Es freut mich sehr, dass Sie die Hovelle
2530 1323 4030 1412 interessiert hat. Mir persönlich läge natur-
2497 1360 4026 1469 lich nichts daran, wenn sie erst im November
2497 1424 3995 1522 erschiene (in der Neuen Rundschau), aber ich
2495 1463 4059 1563 wünschte sehr, dass das Buch schon im Dezember
3948 1512 4059 1561 que les
2502 1522 3954 1633 herauskommen könnte, denn Zolnay verspricht
2508 1553 4081 1676 sich davon ein erhebliches Weinnachtsgeschäft
2510 1623 4093 1721 Ihnen kann es ja eigentlich gleichgültig sein,
2508 1674 4030 1778 dass das Buch schon einen Monat oder 5-6 Wo-
2508 1733 4040 1830 chen nachher herauskommt, aber vielleicht er-
2510 1764 4036 1877 möglichen Sie es doch, das englische Heft auf
2508 1830 4059 1920 den November zu verlegen, so dass das Oktober.
2508 1895 3550 2016 heft die Novelle bringen kann.
2713 1920 4112 2024 Sie haben wohl bemerkt, dass an drei Stel-
2512 1973 4075 2082 len der Novelle das Wort „Notenbild“ steht und
2510 2032 4112 2133 ein gewisser Raum freigelassen ist. Ich möchte
2516 2086 3970 2182 Ihnen nun die betreffenden Stellen je eine
2549 2108 4102 2227 Zeile doch gerne schicken, ich glaube, es wür-
2516 2184 4112 2282 de sich in den Charakter dieses Monodrams oder
2522 2231 3993 2346 psychologischen Monologs, wie sie es nennen
2522 2266 4114 2397 sehr gut fügen. Im Buch will keh es jedesfalls
2528 2379 2815 2463 bringen
2766 2393 4028 2530 Mein Telegramm wegen Charlottenbrunn
2528 2495 3954 2594 haben sie wohl erhalten. Der Thäaterzettel
2528 2551 4098 2651 wurde mir durch das Breslauer Lobetheater zu-
2536 2602 4116 2708 gesandt. Es heisst auf der Ankündigung:Kurthea¬
2542 2647 4065 2747 ter Bad Charlottenbrunn,Friedenshoffnung,Di-
2536 2676 4138 2805 rektor P. Richter, zugleich Direktor des Schweid-
2536 2747 3962 2854 nitzer Stadttheaters.Dienstag den 29. Juli
2569 2790 3993 2903 Sensationsaufführung.Jugeddliche unter 18
2569 2829 4161 2956 Jahren ist der Zutritt verboten. Augenblicklich
2571 2907 4165 3016 auf dem Spielplan des Lobetheaters Reigen etc.
2581 2960 4007 3044 -Ich zweifle nicht, dass das Kurtheater In
2549 3001 4114 3116 Charlottenbrunn sich nicht an Sie gewandt hat
2581 3057 4081 3157 und gewiss keinen Vorschuss bezahlt hat. Die
2542 3116 4020 3239 Theater tun ja wirklich was sie wollen. Ich
