4472 3992
3555 813 3863 930 9.1.1927.
2347 833 2693 947 i schen
3228 883 3579 1126 Reyer
2519 1104 2967 1181 Lieber Freund.
2831 1215 4201 1327 Spätestens 15.Januar werde ich wissen, ob das
2510 1298 4201 1410 Berllner Tageblatt geneigt ist das von mir vorgeschla-
2521 1359 3993 1446 gene Honorar zu zahlen, dann erst sende ich das
2521 1414 4146 1495 Manuscript hin, bis 1.Februar spätestens hat Annahme
2529 1472 3373 1569 oder Ablehnung zu erfolgen.
2735 1525 4105 1642 1. Zahlt das Berliner Tageblatt das Honorar,
2525 1610 4133 1693 das ich verlange, so würde der Roman dort im Herbst
2527 1663 4061 1756 erscheinen und wir könnten erst gegen Weihnachten
2527 1699 4156 1803 nächsten Jahres mit dem Buch herauskommen. Ich halte
2532 1754 4129 1841 die Annahme für höchst unwahrscheinlich und so wird
2532 1807 4188 1890 es wohl dabei bleiben können, dass das Buch bei Ihnen
2532 1854 4131 1947 Ende März erscheint. Die umbrochenen Korrekturbogen
2529 1922 4069 2003 habe ich erhalten, werde sie als Ganzes korrigiert
2534 1967 3753 2096 zum entsprechenden Termin zurücksenden.
2778 2047 4097 2147 2. Ich glaube mit Ihnen, dass es etwas ver-
2527 2109 4084 2226 früht wäre "Spiel im Morgengrauen" schon jetzt in
2538 2153 4126 2255 einem Ergänzungsband der Gesamelten Werke herauszu-
2542 2226 4041 2334 bringen. Ob die drei anderen Novellen ("Fräulein
2536 2264 4114 2362 ölse". "Frau des Richters". Traumnovelle") einen zu
2542 2306 4248 2417 schmalen Band ergeben würden, kann ich nicht beurteilen.
2544 2379 4169 2455 Ist es der Fall, so müssteh wir wohl den neuen Ergän-
2536 2444 3230 2546 zungsband aufschieben.
2825 2502 4248 2614 Wie aber steht es mit Neuausgaben der anderen
2527 2570 4216 2676 Bünde? Sie sagten mir in Berlin, dassich Neuanflagen
2542 2625 4173 2731 der gesamelten Werke (wenn auch "in Einzelaußgaben")
2544 2695 3481 2795 als notwendig erweisen würden.
2859 2755 4154 2861 3. Vielleicht teilen Sie mir gelegentlich
2551 2825 4180 2918 auch mit, ob Sie die "Reigen"-Sache nach allen Seiten
2551 2893 4211 3003 hin überlegt haben und zu irgend einem Entschluss ge-
2548 2961 2935 3065 kommen sind.
2859 3016 3423 3130 Herzlichen Gruss
2899 3111 2982 3192 Th
