4441 3991
371 275 551 389 " "
1207 879 1326 1012 G.F.P.
268 1084 1852 1237 Verlag S.Fischer, zu erfüllen geneigt gewesen
268 1227 1762 1305 wären. ;- ferner weil mir die Notwendigkeit
283 1297 1791 1356 dieser Verhandlungen,gerade im ihrer Ueber¬
287 1344 1864 1426 flüssigkeit willen,mindestens so sehr auf die
281 1391 1338 1467 Nerven gegangen ist als Ihnen.
635 1459 1854 1565 Wie steht es aber nuneigentlich mit
283 1543 1797 1614 der Frage der Kompensaton? In praxi hatten
326 1596 1817 1668 Sie von mir genau dieselbe als von jeneman-
326 1657 1789 1713 dern Autor und ich hätte niemals daran ge-
324 1705 1782 1768 dacht die Anträge einxxxanderer Verlegerzu
324 1748 1762 1809 erwägen, wenn es oben nicht zu den hier ge
324 1799 1717 1860 kennzeichneten wifferenzen gekommen wäre
320 1852 1789 1914 Das kleine Novel enbüchel, das vor mehr als
324 1905 1711 1975 20 Jahren im Wiener Verlag erschien,ging
324 1957 1879 2020 nach kurzer Zeit in Ihre Hände über, den.Rei¬
326 2016 1686 2079 gen" zu drucken hatten Sie Bedenken,die
328 2053 1782 2129 zu ihrer Zeit gewiss gerechtfertigt waren,
326 2114 1801 2172 als ich Ihnen das Buch vor etlichen Jahren
328 2141 1905 2221 von neuem anbot sahen Sie nach einigem Schwan-
324 2213 1834 2276 ken doch wieder lieber davon ab es in Ihrem
326 2264 1127 2354 Verlag herauszubringen.
662 2340 1756 2446 Zum Ueberfluss aber gab es auch
289 2389 1887 2477 von meiner Seite eine Art „Kompensation“, indem
283 2469 1858 2532 ich nen nämlich - in Gegensatz zu jenem an-
281 2520 1787 2579 dern Autor - auch den Bühnenvertrieb meiner
281 2557 1887 2643 Werke überliess- gleich nach dem zusammenbruch
289 2614 1901 2702 von Entsch, obwohl ich zu gleicher zeit von man
281 2663 1780 2737 chen damals versierteren Agentur Anbote em-
283 2715 1885 2794 pfing. Mag in diesem Falle auch Ihr materieller
281 2774 1856 2838 Gewinn kein sehr hoher sein,es hatte immerhin
283 2827 1885 2897 eine gewisse moralische Bedeutung für den Ver¬
281 2872 1797 2952 trieb, dass er mich zu seinen Autoren zählen
275 2938 522 3012 durfie.
686 2989 1889 3096 Nach einer längeren Pause wird nun
262 3049 1830 3149 wieder ein Buch von mir fertig. Angebote von
268 3133 1844 3208 mancher seite mit a priori besseren Bedingun-
268 3184 1881 3307 gen als von ihnen zu fordern mir jemals einge-
2403 856 2524 942 G.C.H.F.P
3874 916 4124 1035 8 31/
2532 1037 4009 1135 fallen wäre treten an ji mich heran. wieder
2538 1102 4102 1186 finde ich mich durchaus geneigt Ihnen dieses.
2538 1160 4044 1252 neue Buch zu überlassen und stelle eben nur
2534 1203 4102 1299 die nach wie vor nicht nur mir allein berech-
2545 1244 4145 1346 tigt erscheinende Bedingung, dass mir die glei-
2540 1303 4143 1405 chen Vorteile zugebilligt werden wie jenem an-
2538 1362 4122 1446 dern Autor, was ja, wie ich Ihnen schon bei an-
2538 1410 4159 1510 derer Gelegenheit sehr ausführlich auseinander-
2538 1463 4116 1553 setzte, nicht xxx etwa in künstlerischer Ueber-
2538 1487 4149 1600 heblichkeit seinen Grund hat;- wofür xxx viel-
2540 1571 4077 1651 mehr die rein geschäftliche Bewertung meines
2545 1619 4077 1711 Werks innerhalb Ihres Verlags alsxxxründung
2536 1670 4005 1750 xxx jedem, auch nur kaufmännisch objektiven
2536 1719 4167 1817 Betrachter als Begründung genügen dürftei-wohl-
2542 1768 4163 1858 gemerkt nur von diesem neuen stück spreche ich
2538 1830 4048 1909 Sie aber erwidern mit, dass es die ökonomi-
2540 1873 4188 1963 Basis des Verlags gefährden würde,wenn Sie mir,
2545 1924 3944 2012 wenn der Verlag Fischer dem Autor Atthur
2540 1963 4020 2069 Schnitzler für sein neues Buch statt einer
2553 2006 4120 2108 18%igen eine 20%ige Tantiene vom broschierten
2538 2077 4016 2168 Exemplar gewährte.Diesem Standpunkt, lieber
2547 2110 4085 2221 Freund, stehe ich, insbesondere nach den man-
2547 2186 4106 2264 chorlei Stimmung- und zeitraubenden-Unstimmig.
2547 2237 4089 2315 keiten der letzten Jahre, die nicht ganz ohne
2545 2282 4106 2366 Mühe endlich ausgeglichen wurden, ohne jegli-
2547 2325 4126 2420 ches Verständnis gegenüber; der Verhandlungen
2559 2401 4030 2469 über einen Punkt, der mir zur Meinungsverso-
2571 2461 3360 2532 enheit absolut, keinen
3405 2446 3501 2530 nla
2551 2473 3378 2586 ein ich gerade so müde.
2559 2561 3137 2626 auch keineswegs
3223 2594 3540 2667 Tantieme
2563 2610 3122 2696 nahme einer 18%
3210 2647 3528 2717 dernden für
2565 2663 3141 2739 sche Basis zu ge¬
2571 2700 3516 2776 die ökonomische Basis Ihres
2563 2737 3561 2858 währung von 20% in Frage ges
3862 2780 3946 2846 10
2583 2801 3675 2883 zu einer neuerlich en Nachgiebig
2565 2821 4130 2960 für mich keinerlei Anlass vor und so habe ich
2581 2878 4046 3001 mich entschlossen vorläufig den Buchverlag
2579 2946 4048 3038 meines neuen Stückes einem andern Verlag zu
2586 2997 4050 3096 übergeben, dem die Ansprüche, die ich stelle
2592 3075 4036 3149 (und sie übertreffen diejenigen ein wenig,
2571 3126 4011 3219 die Sie von mir gewohnt sind) minder unbe
2571 3176 3977 3286 scheiden erscheinen als dem Verlag S. Fi-
2565 3262 2801 3344 scher.
