<?xml version="1.0" encoding="UTF-8" standalone="yes"?>
<PcGts xmlns="http://schema.primaresearch.org/PAGE/gts/pagecontent/2013-07-15" xmlns:xsi="http://www.w3.org/2001/XMLSchema-instance" xsi:schemaLocation="http://schema.primaresearch.org/PAGE/gts/pagecontent/2013-07-15 http://schema.primaresearch.org/PAGE/gts/pagecontent/2013-07-15/pagecontent.xsd">
    <Metadata>
        <Creator>prov=READ-COOP:name=TrHtr:version=2.1.0:model_id=51170:date=26_07_2023_10:11</Creator>
        <Created>2023-05-02T07:58:06.759+02:00</Created>
        <LastChange>2023-07-26T10:11:49.892+02:00</LastChange>
        <TranskribusMetadata docId="1416740" pageId="54952294" pageNr="6" tsid="130927703" status="IN_PROGRESS" userId="64420" imgUrl="https://files.transkribus.eu/Get?id=NMVIYWRYEOJVUWOAWBLXNCZX&amp;fileType=view" xmlUrl="https://files.transkribus.eu/Get?id=ZNVQNJORZCELNUWMMPIWGZVG" imageId="44456020"/>
    </Metadata>
    <Page imageFilename="1416740_0006.jpg" imageWidth="4433" imageHeight="3992">
        <ReadingOrder>
            <OrderedGroup id="ro_1711827739500" caption="Regions reading order">
                <RegionRefIndexed index="0" regionRef="tr_1"/>
                <RegionRefIndexed index="1" regionRef="tr_2"/>
                <RegionRefIndexed index="2" regionRef="tr_3"/>
            </OrderedGroup>
        </ReadingOrder>
        <TextRegion id="tr_1" custom="readingOrder {index:0;}">
            <Coords points="137,1024 1918,1024 1918,3211 137,3211"/>
            <TextLine id="tr_1_tl_1" custom="readingOrder {index:0;}">
                <Coords points="316,1169 1811,1097 1813,1034 1431,1016 880,1086 616,1011 503,1084 321,1070"/>
                <Baseline points="331,1157 340,1154 384,1151 429,1151 474,1148 519,1145 563,1142 608,1139 653,1139 698,1136 742,1133 787,1130 832,1130 877,1127 921,1124 966,1121 1011,1121 1056,1118 1100,1118 1145,1115 1190,1112 1235,1109 1279,1106 1324,1106 1369,1103 1414,1100 1458,1097 1503,1097 1548,1094 1593,1091 1637,1088 1682,1086 1727,1086 1772,1083 1816,1074"/>
                <TextEquiv>
                    <Unicode>mit seinem letzten Buch, die in anderen Verla-</Unicode>
                </TextEquiv>
            </TextLine>
            <TextLine id="tr_1_tl_2" custom="readingOrder {index:1;}">
                <Coords points="336,1215 1772,1149 1777,1095 339,1165"/>
                <Baseline points="349,1202 393,1202 438,1202 483,1199 528,1196 572,1193 617,1190 662,1190 707,1184 751,1184 796,1181 841,1181 886,1178 930,1175 975,1172 1020,1172 1065,1169 1109,1166 1154,1163 1199,1160 1244,1160 1288,1154 1333,1154 1378,1151 1423,1151 1467,1148 1512,1145 1557,1142 1602,1139 1646,1136 1691,1133 1736,1133 1781,1130"/>
                <TextEquiv>
                    <Unicode>en erschienen sind, zu bedeu ten hat. Ich bin</Unicode>
                </TextEquiv>
            </TextLine>
            <TextLine id="tr_1_tl_3" custom="readingOrder {index:2;}">
                <Coords points="327,1264 1689,1206 1799,1194 1801,1145 330,1215"/>
                <Baseline points="340,1253 372,1253 417,1250 462,1250 507,1247 551,1244 596,1241 641,1238 686,1235 730,1235 775,1235 820,1229 865,1229 909,1226 954,1226 999,1223 1044,1220 1088,1217 1133,1214 1178,1211 1223,1211 1268,1208 1312,1205 1357,1202 1402,1199 1447,1199 1491,1196 1536,1193 1581,1190 1626,1190 1670,1187 1715,1187 1760,1181 1805,1184"/>
                <TextEquiv>
                    <Unicode>überdies nicht durch einen Generalvertrag an</Unicode>
                </TextEquiv>
            </TextLine>
            <TextLine id="tr_1_tl_4" custom="readingOrder {index:3;}">
                <Coords points="330,1321 1736,1248 1781,1192 332,1262"/>
                <Baseline points="343,1303 352,1303 396,1300 441,1300 486,1297 531,1297 575,1294 620,1288 665,1288 710,1288 754,1285 799,1282 844,1279 889,1276 933,1276 978,1273 1023,1270 1068,1270 1112,1268 1157,1265 1202,1262 1247,1259 1291,1256 1336,1256 1381,1253 1426,1250 1470,1247 1515,1244 1560,1241 1605,1238 1649,1238 1694,1235 1739,1229 1784,1226"/>
                <TextEquiv>
                    <Unicode>Sie gebunden, aber ich habe auch nach keiner</Unicode>
                </TextEquiv>
            </TextLine>
            <TextLine id="tr_1_tl_5" custom="readingOrder {index:4;}">
                <Coords points="334,1361 1612,1312 1763,1285 1765,1248 336,1316"/>
                <Baseline points="349,1348 381,1351 426,1348 471,1348 516,1345 560,1342 605,1339 650,1339 695,1336 739,1333 784,1330 829,1327 874,1327 918,1324 963,1321 1008,1321 1053,1318 1097,1315 1142,1312 1187,1312 1232,1309 1276,1309 1321,1303 1366,1303 1411,1300 1455,1300 1500,1294 1545,1294 1590,1291 1634,1288 1679,1285 1724,1282 1769,1282"/>
                <TextEquiv>
                    <Unicode>Seite hin für ein neues Buch abgeschlossen.</Unicode>
                </TextEquiv>
            </TextLine>
            <TextLine id="tr_1_tl_6" custom="readingOrder {index:5;}">
                <Coords points="334,1409 1844,1357 1849,1287 339,1357"/>
                <Baseline points="349,1399 375,1402 420,1399 465,1396 510,1393 554,1393 599,1390 644,1387 689,1384 733,1384 778,1381 823,1378 868,1375 912,1375 957,1375 1002,1372 1047,1366 1091,1363 1136,1363 1181,1363 1226,1360 1270,1357 1315,1354 1360,1354 1405,1351 1450,1348 1494,1345 1539,1339 1584,1336 1629,1336 1673,1336 1718,1333 1763,1330 1808,1327 1852,1327"/>
                <TextEquiv>
                    <Unicode>Da a mich eine grosse Pauschalsumme verlocken</Unicode>
                </TextEquiv>
            </TextLine>
            <TextLine id="tr_1_tl_7" custom="readingOrder {index:6;}">
                <Coords points="334,1465 1722,1402 1806,1384 1808,1339 336,1409"/>
                <Baseline points="349,1450 378,1450 423,1447 468,1447 513,1441 557,1441 602,1438 647,1435 692,1432 736,1432 781,1429 826,1429 871,1426 915,1423 960,1420 1005,1417 1050,1417 1094,1414 1139,1411 1184,1411 1229,1408 1273,1405 1318,1402 1363,1399 1408,1399 1452,1393 1497,1393 1542,1393 1587,1387 1632,1384 1676,1384 1721,1381 1766,1378 1811,1378"/>
                <TextEquiv>
                    <Unicode>könnte ist ein Irrtum von Ihnen. Angemessene</Unicode>
                </TextEquiv>
            </TextLine>
            <TextLine id="tr_1_tl_8" custom="readingOrder {index:7;}">
                <Coords points="343,1517 1842,1443 1847,1368 1307,1438 345,1456"/>
                <Baseline points="355,1497 372,1497 417,1497 462,1494 507,1491 551,1488 596,1488 641,1485 686,1485 730,1482 775,1479 820,1476 865,1473 909,1473 954,1470 999,1470 1044,1467 1088,1464 1133,1461 1178,1458 1223,1455 1268,1452 1312,1452 1357,1450 1402,1447 1447,1447 1491,1444 1536,1441 1581,1438 1626,1438 1670,1435 1715,1435 1760,1429 1805,1426 1849,1423"/>
                <TextEquiv>
                    <Unicode>Perzente mit entsprechender Vorauszahlung und</Unicode>
                </TextEquiv>
            </TextLine>
            <TextLine id="tr_1_tl_9" custom="readingOrder {index:8;}">
                <Coords points="343,1549 1449,1519 1779,1490 1781,1443 345,1517"/>
                <Baseline points="355,1548 396,1548 441,1545 486,1545 531,1542 575,1542 620,1539 665,1536 710,1533 754,1530 799,1527 844,1527 889,1527 933,1524 978,1521 1023,1518 1068,1518 1112,1515 1157,1509 1202,1506 1247,1506 1291,1503 1336,1503 1381,1497 1426,1497 1470,1494 1515,1494 1560,1491 1605,1488 1649,1485 1694,1482 1739,1479 1784,1476"/>
                <TextEquiv>
                    <Unicode>insbesondere grosszügiger Vertrieb sind mir</Unicode>
                </TextEquiv>
            </TextLine>
            <TextLine id="tr_1_tl_10" custom="readingOrder {index:9;}">
                <Coords points="332,1623 641,1612 691,1589 740,1621 824,1616 921,1583 1113,1625 1117,1542 987,1524 336,1551"/>
                <Baseline points="346,1602 363,1602 408,1599 453,1599 498,1596 543,1593 587,1590 632,1587 677,1587 722,1584 766,1584 811,1581 856,1578 901,1575 945,1572 990,1572 1035,1569 1080,1566 1124,1566"/>
                <TextEquiv>
                    <Unicode>beträchtlich wichtiger.</Unicode>
                </TextEquiv>
            </TextLine>
            <TextLine id="tr_1_tl_11" custom="readingOrder {index:10;}">
                <Coords points="738,1682 1576,1637 1822,1659 1860,1650 1865,1569 1567,1610 1364,1585 1113,1630 740,1621"/>
                <Baseline points="751,1676 793,1676 838,1676 883,1673 927,1673 972,1667 1017,1664 1062,1664 1106,1661 1151,1658 1196,1655 1241,1652 1285,1652 1330,1649 1375,1646 1420,1643 1464,1643 1509,1640 1554,1637 1599,1637 1643,1632 1688,1632 1733,1632 1778,1629 1822,1623 1867,1623"/>
                <TextEquiv>
                    <Unicode>Dass gewisse Differenzen zwischen</Unicode>
                </TextEquiv>
            </TextLine>
            <TextLine id="tr_1_tl_12" custom="readingOrder {index:11;}">
                <Coords points="345,1761 1711,1704 1797,1684 1799,1641 948,1704 695,1643 352,1650"/>
                <Baseline points="361,1745 369,1745 414,1745 459,1745 504,1742 548,1739 593,1736 638,1736 683,1733 727,1733 772,1730 817,1727 862,1724 907,1721 951,1718 996,1715 1041,1715 1086,1712 1130,1712 1175,1709 1220,1706 1265,1703 1309,1703 1354,1697 1399,1694 1444,1694 1488,1688 1533,1688 1578,1685 1623,1682 1667,1682 1712,1679 1757,1676 1802,1673"/>
                <TextEquiv>
                    <Unicode>Verlag und Autor in solchen Zeiten nicht zu</Unicode>
                </TextEquiv>
            </TextLine>
            <TextLine id="tr_1_tl_13" custom="readingOrder {index:12;}">
                <Coords points="354,1804 1883,1736 1885,1680 357,1756"/>
                <Baseline points="369,1796 411,1796 456,1793 501,1793 545,1787 590,1787 635,1784 680,1781 725,1781 769,1778 814,1778 859,1775 904,1775 948,1769 993,1766 1038,1763 1083,1763 1127,1757 1172,1757 1217,1754 1262,1754 1306,1754 1351,1748 1396,1745 1441,1742 1485,1739 1530,1736 1575,1733 1620,1733 1664,1730 1709,1730 1754,1727 1799,1724 1843,1721 1888,1718"/>
                <TextEquiv>
                    <Unicode>vermeiden sind, darüber in ich mit Ihnen einer</Unicode>
                </TextEquiv>
            </TextLine>
            <TextLine id="tr_1_tl_14" custom="readingOrder {index:13;}">
                <Coords points="357,1853 1569,1788 1788,1833 1862,1813 1867,1736 359,1806"/>
                <Baseline points="369,1852 393,1849 438,1846 483,1843 528,1840 572,1840 617,1834 662,1831 707,1828 751,1825 796,1825 841,1822 886,1822 930,1819 975,1819 1020,1816 1065,1814 1109,1811 1154,1808 1199,1808 1244,1802 1288,1802 1333,1802 1378,1799 1423,1793 1467,1790 1512,1787 1557,1787 1602,1781 1646,1784 1691,1781 1736,1781 1781,1775 1825,1772 1870,1775"/>
                <TextEquiv>
                    <Unicode>Meinung. Aber in unserem Fall handelt es sich</Unicode>
                </TextEquiv>
            </TextLine>
            <TextLine id="tr_1_tl_15" custom="readingOrder {index:14;}">
                <Coords points="357,1912 1657,1851 1727,1842 1729,1792 359,1860"/>
                <Baseline points="369,1900 390,1897 435,1894 480,1894 525,1891 569,1888 614,1888 659,1885 704,1879 748,1879 793,1876 838,1876 883,1873 927,1870 972,1867 1017,1864 1062,1861 1106,1861 1151,1858 1196,1852 1241,1852 1285,1852 1330,1849 1375,1846 1420,1843 1464,1840 1509,1837 1554,1834 1599,1834 1643,1831 1688,1828 1733,1831"/>
                <TextEquiv>
                    <Unicode>mehrfach nicht um nifferenzen, über die es</Unicode>
                </TextEquiv>
            </TextLine>
            <TextLine id="tr_1_tl_16" custom="readingOrder {index:15;}">
                <Coords points="359,1955 1707,1899 1741,1844 361,1914"/>
                <Baseline points="372,1945 402,1948 447,1945 492,1942 537,1942 581,1936 626,1936 671,1933 716,1930 760,1930 805,1927 850,1924 895,1921 939,1921 984,1918 1029,1915 1074,1912 1118,1909 1163,1906 1208,1906 1253,1903 1297,1900 1342,1900 1387,1897 1432,1897 1476,1891 1521,1888 1566,1885 1611,1882 1655,1879 1700,1879 1745,1879"/>
                <TextEquiv>
                    <Unicode>zweierlei Ansichten geben kanh, sondern um</Unicode>
                </TextEquiv>
            </TextLine>
            <TextLine id="tr_1_tl_17" custom="readingOrder {index:16;}">
                <Coords points="122,2020 1698,1957 1876,1923 1878,1853 1057,1948 126,1937"/>
                <Baseline points="137,1990 179,1990 223,1990 268,1987 313,1987 358,1984 402,1993 447,1996 492,1996 537,1993 581,1990 626,1987 671,1984 716,1981 760,1981 805,1978 850,1975 895,1972 939,1972 984,1969 1029,1963 1074,1963 1118,1960 1163,1957 1208,1957 1253,1954 1297,1948 1342,1948 1387,1945 1432,1942 1476,1939 1521,1936 1566,1933 1611,1933 1655,1933 1700,1933 1745,1927 1790,1924 1834,1915 1879,1912"/>
                <TextEquiv>
                    <Unicode>Lals ungelbstverständlichkeiten, über die so laggwie-</Unicode>
                </TextEquiv>
            </TextLine>
            <TextLine id="tr_1_tl_18" custom="readingOrder {index:17;}">
                <Coords points="366,2059 1628,2014 1910,1982 1912,1903 1698,1957 368,2007"/>
                <Baseline points="378,2049 393,2049 438,2046 483,2043 528,2040 572,2040 617,2037 662,2034 707,2034 751,2028 796,2025 841,2022 886,2022 930,2022 975,2019 1020,2013 1065,2013 1109,2010 1154,2007 1199,2007 1244,2004 1288,2001 1333,1998 1378,1996 1423,1993 1467,1990 1512,1990 1557,1987 1602,1984 1646,1981 1691,1981 1736,1978 1781,1975 1825,1972 1870,1969 1915,1966"/>
                <TextEquiv>
                    <Unicode>rige Diskussionen,wie ich sie mit Ihnen zu füh¬</Unicode>
                </TextEquiv>
            </TextLine>
            <TextLine id="tr_1_tl_19" custom="readingOrder {index:18;}">
                <Coords points="363,2111 1745,2041 1781,1996 368,2059"/>
                <Baseline points="378,2100 396,2100 441,2097 486,2094 531,2091 575,2088 620,2085 665,2085 710,2082 754,2076 799,2076 844,2073 889,2073 933,2070 978,2067 1023,2064 1068,2061 1112,2061 1157,2061 1202,2055 1247,2052 1291,2052 1336,2049 1381,2046 1426,2043 1470,2040 1515,2040 1560,2037 1605,2034 1649,2031 1694,2028 1739,2025 1784,2025"/>
                <TextEquiv>
                    <Unicode>ren leider genötigt war, nicht möglich sein</Unicode>
                </TextEquiv>
            </TextLine>
            <TextLine id="tr_1_tl_20" custom="readingOrder {index:19;}">
                <Coords points="129,2109 174,2109 205,2093 228,2115 273,2109 282,2118 300,2106 330,2113 334,2016 305,2007 271,2025 244,2027 233,2016 214,2027 199,2009 160,2011 133,2002"/>
                <Baseline points="143,2073 158,2076 202,2073 247,2070 292,2070 337,2067"/>
                <TextEquiv>
                    <Unicode>fragen</Unicode>
                </TextEquiv>
            </TextLine>
            <TextLine id="tr_1_tl_21" custom="readingOrder {index:20;}">
                <Coords points="375,2165 1808,2088 1811,2034 377,2113"/>
                <Baseline points="387,2148 426,2148 471,2148 516,2142 560,2139 605,2139 650,2139 695,2133 739,2130 784,2127 829,2127 874,2124 918,2121 963,2118 1008,2118 1053,2112 1097,2112 1142,2109 1187,2106 1232,2106 1276,2100 1321,2100 1366,2097 1411,2094 1455,2094 1500,2091 1545,2088 1590,2085 1634,2082 1679,2079 1724,2079 1769,2073 1814,2070"/>
                <TextEquiv>
                    <Unicode>sollten. Zu diesen Selbstverständlichkeiten</Unicode>
                </TextEquiv>
            </TextLine>
            <TextLine id="tr_1_tl_22" custom="readingOrder {index:21;}">
                <Coords points="375,2206 1729,2149 1910,2133 1912,2086 377,2167"/>
                <Baseline points="387,2198 393,2195 438,2195 483,2192 528,2189 572,2186 617,2183 662,2183 707,2180 751,2180 796,2177 841,2175 886,2172 930,2172 975,2169 1020,2166 1065,2163 1109,2163 1154,2157 1199,2157 1244,2151 1288,2151 1333,2151 1378,2145 1423,2142 1467,2142 1512,2139 1557,2133 1602,2133 1646,2130 1691,2127 1736,2127 1781,2124 1825,2121 1870,2121 1915,2118"/>
                <TextEquiv>
                    <Unicode>rechne ich die Auszahlung der Tantièmen an den</Unicode>
                </TextEquiv>
            </TextLine>
            <TextLine id="tr_1_tl_23" custom="readingOrder {index:22;}">
                <Coords points="382,2251 1707,2199 1835,2174 1838,2136 384,2208"/>
                <Baseline points="393,2246 411,2246 456,2246 501,2243 545,2240 590,2237 635,2237 680,2234 725,2231 769,2228 814,2222 859,2222 904,2222 948,2219 993,2216 1038,2216 1083,2213 1127,2210 1172,2207 1217,2204 1262,2201 1306,2201 1351,2198 1396,2195 1441,2192 1485,2189 1530,2186 1575,2186 1620,2180 1664,2180 1709,2177 1754,2175 1799,2169 1843,2163"/>
                <TextEquiv>
                    <Unicode>Autor in der gleichen Valuta, die für die be-</Unicode>
                </TextEquiv>
            </TextLine>
            <TextLine id="tr_1_tl_24" custom="readingOrder {index:23;}">
                <Coords points="377,2300 1321,2253 1494,2282 1808,2233 1811,2183 379,2248"/>
                <Baseline points="390,2297 426,2297 471,2294 516,2291 560,2288 605,2285 650,2285 695,2282 739,2282 784,2282 829,2276 874,2273 918,2270 963,2267 1008,2267 1053,2267 1097,2264 1142,2258 1187,2255 1232,2255 1276,2255 1321,2252 1366,2249 1411,2246 1455,2243 1500,2240 1545,2237 1590,2234 1634,2231 1679,2231 1724,2228 1769,2225 1814,2225"/>
                <TextEquiv>
                    <Unicode>treffenden Werke des Autors eingegangen ist</Unicode>
                </TextEquiv>
            </TextLine>
            <TextLine id="tr_1_tl_25" custom="readingOrder {index:24;}">
                <Coords points="384,2357 1910,2289 1914,2230 386,2303"/>
                <Baseline points="396,2348 441,2348 486,2345 531,2342 575,2339 620,2336 665,2333 710,2330 754,2330 799,2327 844,2327 889,2324 933,2321 978,2318 1023,2315 1068,2315 1112,2312 1157,2306 1202,2306 1247,2306 1291,2303 1336,2300 1381,2297 1426,2294 1470,2291 1515,2285 1560,2285 1605,2282 1649,2279 1694,2279 1739,2282 1784,2276 1828,2273 1873,2270 1918,2270"/>
                <TextEquiv>
                    <Unicode>und die Formulierung eines neuen Vertrags, wenn</Unicode>
                </TextEquiv>
            </TextLine>
            <TextLine id="tr_1_tl_26" custom="readingOrder {index:25;}">
                <Coords points="382,2420 1598,2339 1874,2364 1878,2287 384,2361"/>
                <Baseline points="396,2395 402,2395 447,2395 492,2392 537,2392 581,2389 626,2386 671,2386 716,2383 760,2377 805,2374 850,2374 895,2371 939,2371 984,2365 1029,2365 1074,2365 1118,2362 1163,2357 1208,2357 1253,2354 1297,2354 1342,2351 1387,2345 1432,2345 1476,2342 1521,2339 1566,2336 1611,2333 1655,2330 1700,2330 1745,2330 1790,2327 1834,2321 1879,2312"/>
                <TextEquiv>
                    <Unicode>im Laufe der Jahre nahezu sämmtliche Parargra¬</Unicode>
                </TextEquiv>
            </TextLine>
            <TextLine id="tr_1_tl_27" custom="readingOrder {index:26;}">
                <Coords points="391,2461 1698,2400 1815,2382 1820,2334 393,2411"/>
                <Baseline points="402,2452 435,2446 480,2446 525,2443 569,2440 614,2437 659,2434 704,2428 748,2425 793,2425 838,2425 883,2422 927,2422 972,2419 1017,2416 1062,2413 1106,2413 1151,2407 1196,2404 1241,2404 1285,2401 1330,2398 1375,2395 1420,2392 1464,2389 1509,2389 1554,2386 1599,2383 1643,2380 1688,2377 1733,2377 1778,2371 1822,2371"/>
                <TextEquiv>
                    <Unicode>phen des früheren auf Wunsch und zu Gunsten</Unicode>
                </TextEquiv>
            </TextLine>
            <TextLine id="tr_1_tl_28" custom="readingOrder {index:27;}">
                <Coords points="386,2506 1713,2449 1817,2431 1820,2379 388,2461"/>
                <Baseline points="399,2497 435,2497 480,2494 525,2491 569,2488 614,2485 659,2482 704,2479 748,2473 793,2473 838,2476 883,2473 927,2470 972,2470 1017,2470 1062,2467 1106,2464 1151,2458 1196,2455 1241,2452 1285,2449 1330,2449 1375,2446 1420,2443 1464,2440 1509,2437 1554,2434 1599,2434 1643,2428 1688,2428 1733,2425 1778,2422 1822,2419"/>
                <TextEquiv>
                    <Unicode>des einen Teils umgestossen worden sind. Und</Unicode>
                </TextEquiv>
            </TextLine>
            <TextLine id="tr_1_tl_29" custom="readingOrder {index:28;}">
                <Coords points="391,2549 1849,2488 1853,2418 393,2510"/>
                <Baseline points="402,2544 423,2544 468,2541 513,2539 557,2539 602,2533 647,2533 692,2530 736,2527 781,2524 826,2527 871,2524 915,2521 960,2515 1005,2515 1050,2512 1094,2512 1139,2509 1184,2506 1229,2503 1273,2500 1318,2497 1363,2494 1408,2491 1452,2488 1497,2485 1542,2482 1587,2482 1632,2479 1676,2476 1721,2476 1766,2473 1811,2473 1855,2473"/>
                <TextEquiv>
                    <Unicode>nun bitte lassen Sie mich auf die Erledigung</Unicode>
                </TextEquiv>
            </TextLine>
            <TextLine id="tr_1_tl_30" custom="readingOrder {index:29;}">
                <Coords points="395,2625 1826,2544 1880,2488 397,2558"/>
                <Baseline points="408,2595 453,2598 498,2595 543,2592 587,2589 632,2583 677,2583 722,2580 766,2580 811,2580 856,2577 901,2574 945,2571 990,2565 1035,2565 1080,2562 1124,2559 1169,2559 1214,2556 1259,2553 1303,2550 1348,2550 1393,2547 1438,2544 1482,2541 1527,2539 1572,2539 1617,2536 1661,2533 1706,2530 1751,2527 1796,2524 1840,2521 1885,2518"/>
                <TextEquiv>
                    <Unicode>dieser Angelegenheit nicht mehr lange warten.</Unicode>
                </TextEquiv>
            </TextLine>
            <TextLine id="tr_1_tl_31" custom="readingOrder {index:30;}">
                <Coords points="700,2689 810,2714 878,2684 1084,2666 1172,2691 1237,2657 1393,2657 1393,2610 1307,2596 1282,2616 1007,2614 941,2637 747,2625 700,2648"/>
                <Baseline points="713,2676 727,2676 772,2679 817,2676 862,2676 907,2673 951,2670 996,2667 1041,2667 1086,2664 1130,2661 1175,2658 1220,2658 1265,2655 1309,2652 1354,2652 1399,2649"/>
                <TextEquiv>
                    <Unicode>Mit herzlichem Gruss</Unicode>
                </TextEquiv>
            </TextLine>
            <TextLine id="tr_1_tl_32" custom="readingOrder {index:31;}">
                <Coords points="993,2720 1009,2720 1029,2729 1047,2725 1054,2732 1057,2729 1061,2734 1068,2732 1075,2738 1084,2738 1086,2745 1102,2745 1108,2675 1090,2680 1077,2677 1070,2684 1059,2680 1050,2666 998,2673"/>
                <Baseline points="1005,2718 1020,2715 1065,2715 1109,2709"/>
                <TextEquiv>
                    <Unicode>Ihr</Unicode>
                </TextEquiv>
            </TextLine>
            <TextLine id="tr_1_tl_33" custom="readingOrder {index:32;}">
                <Coords points="404,3154 605,3145 711,3194 815,3172 971,3183 975,3075 901,3068 819,3091 707,3036 409,3050"/>
                <Baseline points="417,3147 441,3144 486,3141 531,3141 575,3138 620,3135 665,3135 710,3135 754,3135 799,3129 844,3123 889,3123 933,3120 978,3117"/>
                <TextEquiv>
                    <Unicode>Herrn s. Fischer,</Unicode>
                </TextEquiv>
            </TextLine>
            <TextLine id="tr_1_tl_34" custom="readingOrder {index:33;}">
                <Coords points="395,3217 427,3221 447,3208 488,3233 526,3240 560,3228 582,3235 605,3221 643,3224 646,3149 614,3154 605,3145 567,3142 551,3151 515,3145 488,3160 397,3156"/>
                <Baseline points="408,3198 426,3198 471,3195 516,3192 560,3192 605,3189 650,3189"/>
                <TextEquiv>
                    <Unicode>Berlin.</Unicode>
                </TextEquiv>
            </TextLine>
            <TextLine id="tr_1_tl_35" custom="readingOrder {index:34;}">
                <Coords points="1323,3208 1393,3219 1422,3201 1436,3215 1614,3206 1630,3217 1666,3201 1729,3215 1772,3206 1774,3138 1745,3147 1704,3124 1668,3136 1628,3115 1607,3136 1546,3129 1506,3154 1443,3133 1409,3147 1323,3145"/>
                <Baseline points="1336,3198 1375,3198 1420,3201 1464,3198 1509,3198 1554,3195 1599,3195 1643,3198 1688,3195 1733,3192 1778,3192"/>
                <TextEquiv>
                    <Unicode>mais ou de</Unicode>
                </TextEquiv>
            </TextLine>
        </TextRegion>
        <TextRegion id="tr_2" custom="readingOrder {index:1;}">
            <Coords points="2294,919 4272,919 4272,2480 2294,2480"/>
            <TextLine id="tr_2_tl_1" custom="readingOrder {index:0;}">
                <Coords points="2616,1007 2635,1000 2673,1007 2720,982 2745,984 2761,1000 2806,984 2838,998 2851,987 2867,998 2896,989 2896,905 2865,919 2853,910 2808,921 2795,914 2714,937 2673,892 2657,905 2650,898 2637,910 2616,908"/>
                <Baseline points="2628,978 2631,978 2676,972 2721,972 2765,969 2810,972 2855,972 2900,975"/>
                <TextEquiv>
                    <Unicode>G.C. de</Unicode>
                </TextEquiv>
            </TextLine>
            <TextLine id="tr_2_tl_2" custom="readingOrder {index:1;}">
                <Coords points="2321,1005 2350,998 2366,1009 2400,991 2436,1023 2470,1007 2492,1014 2510,1005 2540,1018 2580,1018 2576,919 2531,941 2474,926 2445,905 2438,912 2418,896 2384,908 2373,898 2316,903"/>
                <Baseline points="2330,975 2374,972 2419,975 2464,978 2509,978 2553,981 2583,981"/>
                <TextEquiv>
                    <Unicode>(dopie)</Unicode>
                </TextEquiv>
            </TextLine>
            <TextLine id="tr_2_tl_3" custom="readingOrder {index:2;}">
                <Coords points="3368,1034 3413,1041 3477,1027 3508,1045 3578,1025 3617,1036 3750,1034 3750,966 3632,962 3617,973 3540,950 3519,966 3461,948 3368,957"/>
                <Baseline points="3380,1023 3425,1023 3469,1023 3514,1023 3559,1023 3604,1023 3648,1023 3693,1023 3738,1026 3753,1026"/>
                <TextEquiv>
                    <Unicode>12.1.1924.</Unicode>
                </TextEquiv>
            </TextLine>
            <TextLine id="tr_2_tl_4" custom="readingOrder {index:3;}">
                <Coords points="2630,1262 2689,1264 2723,1239 2795,1228 3142,1246 3142,1167 3093,1174 3075,1194 2953,1169 2741,1187 2723,1169 2630,1154"/>
                <Baseline points="2643,1223 2688,1226 2732,1226 2777,1226 2822,1223 2867,1226 2911,1226 2956,1226 3001,1226 3046,1229 3090,1229 3135,1232 3147,1232"/>
                <TextEquiv>
                    <Unicode>Lieber Freund.</Unicode>
                </TextEquiv>
            </TextLine>
            <TextLine id="tr_2_tl_5" custom="readingOrder {index:4;}">
                <Coords points="2914,1343 4082,1350 4082,1275 4034,1253 3612,1296 3510,1266 2914,1282"/>
                <Baseline points="2926,1324 2971,1327 3016,1330 3061,1330 3105,1330 3150,1330 3195,1330 3240,1330 3284,1330 3329,1327 3374,1330 3419,1330 3463,1330 3508,1333 3553,1333 3598,1333 3642,1330 3687,1330 3732,1330 3777,1330 3821,1330 3866,1330 3911,1330 3956,1333 4000,1330 4045,1330 4087,1327"/>
                <TextEquiv>
                    <Unicode>Ihn Brief vom 29.Dezember wollte</Unicode>
                </TextEquiv>
            </TextLine>
            <TextLine id="tr_2_tl_6" custom="readingOrder {index:5;}">
                <Coords points="2580,1415 4057,1379 4032,1334 2720,1350 2580,1303"/>
                <Baseline points="2592,1375 2628,1378 2673,1381 2718,1381 2762,1378 2807,1378 2852,1381 2897,1381 2941,1381 2986,1384 3031,1381 3076,1378 3120,1378 3165,1381 3210,1384 3255,1381 3299,1381 3344,1384 3389,1381 3434,1381 3478,1381 3523,1384 3568,1384 3613,1384 3657,1384 3702,1384 3747,1384 3792,1384 3836,1384 3881,1381 3926,1381 3971,1381 4015,1372 4060,1369"/>
                <TextEquiv>
                    <Unicode>ich nur nach reiflicher Erwägung beantwor-</Unicode>
                </TextEquiv>
            </TextLine>
            <TextLine id="tr_2_tl_7" custom="readingOrder {index:6;}">
                <Coords points="2619,1438 3962,1452 4043,1445 4043,1384 2619,1395"/>
                <Baseline points="2631,1429 2676,1432 2721,1432 2765,1432 2810,1432 2855,1432 2900,1432 2944,1432 2989,1429 3034,1432 3079,1432 3123,1432 3168,1432 3213,1432 3258,1435 3302,1435 3347,1432 3392,1432 3437,1432 3481,1432 3526,1432 3571,1435 3616,1435 3660,1435 3705,1432 3750,1432 3795,1435 3839,1432 3884,1432 3929,1432 3974,1435 4018,1432 4048,1432"/>
                <TextEquiv>
                    <Unicode>ten,daher die verspätete Antwort. Er hat</Unicode>
                </TextEquiv>
            </TextLine>
            <TextLine id="tr_2_tl_8" custom="readingOrder {index:7;}">
                <Coords points="2571,1497 4115,1483 4068,1429 2571,1440"/>
                <Baseline points="2583,1479 2598,1482 2643,1482 2688,1482 2732,1485 2777,1479 2822,1482 2867,1482 2911,1482 2956,1482 3001,1482 3046,1482 3090,1485 3135,1485 3180,1482 3225,1482 3269,1482 3314,1482 3359,1482 3404,1482 3448,1482 3493,1482 3538,1482 3583,1485 3628,1485 3672,1482 3717,1485 3762,1485 3807,1485 3851,1485 3896,1485 3941,1485 3986,1485 4030,1485 4075,1482 4120,1476"/>
                <TextEquiv>
                    <Unicode>mich einigermassen befremdet. Wir stehen ei-</Unicode>
                </TextEquiv>
            </TextLine>
            <TextLine id="tr_2_tl_9" custom="readingOrder {index:8;}">
                <Coords points="2583,1551 3770,1569 4111,1555 4140,1494 2583,1501"/>
                <Baseline points="2595,1536 2625,1536 2670,1533 2715,1533 2759,1533 2804,1533 2849,1533 2894,1533 2938,1533 2983,1533 3028,1536 3073,1536 3117,1536 3162,1536 3207,1536 3252,1536 3296,1536 3341,1536 3386,1536 3431,1536 3475,1536 3520,1536 3565,1536 3610,1533 3654,1533 3699,1536 3744,1533 3789,1536 3833,1536 3878,1536 3923,1536 3968,1536 4012,1536 4057,1533 4102,1536 4147,1530"/>
                <TextEquiv>
                    <Unicode>gentlich heute genau dort,wo wir etwa vor ei-</Unicode>
                </TextEquiv>
            </TextLine>
            <TextLine id="tr_2_tl_10" custom="readingOrder {index:9;}">
                <Coords points="2576,1589 4176,1610 4149,1533 2576,1542"/>
                <Baseline points="2589,1587 2634,1584 2679,1584 2723,1584 2768,1584 2813,1584 2858,1584 2903,1584 2947,1587 2992,1587 3037,1587 3082,1587 3126,1587 3171,1584 3216,1587 3261,1587 3305,1587 3350,1587 3395,1587 3440,1587 3484,1587 3529,1587 3574,1587 3619,1587 3663,1587 3708,1587 3753,1587 3798,1590 3842,1590 3887,1590 3932,1590 3977,1590 4021,1590 4066,1590 4111,1590 4156,1587 4179,1590"/>
                <TextEquiv>
                    <Unicode>nem Vierteljahr gestanden sind. Es macht immer</Unicode>
                </TextEquiv>
            </TextLine>
            <TextLine id="tr_2_tl_11" custom="readingOrder {index:10;}">
                <Coords points="2571,1643 4176,1655 4120,1589 2571,1592"/>
                <Baseline points="2583,1637 2616,1637 2661,1637 2706,1637 2750,1637 2795,1634 2840,1634 2885,1637 2929,1634 2974,1637 3019,1637 3064,1637 3108,1637 3153,1637 3198,1637 3243,1637 3287,1640 3332,1637 3377,1637 3422,1637 3466,1640 3511,1637 3556,1637 3601,1637 3645,1637 3690,1637 3735,1637 3780,1637 3824,1640 3869,1640 3914,1640 3959,1640 4003,1640 4048,1640 4093,1640 4138,1637 4182,1632"/>
                <TextEquiv>
                    <Unicode>noch den Pindruck, als wollten Sie die Nachzah-</Unicode>
                </TextEquiv>
            </TextLine>
            <TextLine id="tr_2_tl_12" custom="readingOrder {index:11;}">
                <Coords points="2567,1711 4138,1698 4138,1657 4007,1643 2567,1643"/>
                <Baseline points="2580,1688 2622,1688 2667,1688 2712,1688 2756,1688 2801,1688 2846,1688 2891,1685 2935,1685 2980,1688 3025,1688 3070,1688 3114,1688 3159,1691 3204,1688 3249,1691 3293,1688 3338,1688 3383,1688 3428,1691 3472,1688 3517,1688 3562,1691 3607,1691 3651,1691 3696,1691 3741,1694 3786,1691 3830,1694 3875,1694 3920,1691 3965,1691 4009,1694 4054,1691 4099,1688 4144,1682"/>
                <TextEquiv>
                    <Unicode>lung der Valuten,die sie doch schon ganz bin</Unicode>
                </TextEquiv>
            </TextLine>
            <TextLine id="tr_2_tl_13" custom="readingOrder {index:12;}">
                <Coords points="2571,1761 4100,1759 4100,1709 4000,1693 2571,1707"/>
                <Baseline points="2583,1742 2628,1742 2673,1739 2718,1739 2762,1739 2807,1739 2852,1742 2897,1742 2941,1742 2986,1742 3031,1742 3076,1742 3120,1742 3165,1742 3210,1742 3255,1742 3299,1745 3344,1742 3389,1742 3434,1739 3478,1739 3523,1739 3568,1739 3613,1742 3657,1742 3702,1742 3747,1745 3792,1745 3836,1745 3881,1748 3926,1748 3971,1745 4015,1742 4060,1742 4105,1739"/>
                <TextEquiv>
                    <Unicode>dend zugesagt hatten, von der Erfüllungsswis-</Unicode>
                </TextEquiv>
            </TextLine>
            <TextLine id="tr_2_tl_14" custom="readingOrder {index:13;}">
                <Coords points="2571,1804 4140,1817 4140,1754 4014,1745 2571,1754"/>
                <Baseline points="2583,1796 2628,1793 2673,1790 2718,1793 2762,1790 2807,1790 2852,1793 2897,1793 2941,1793 2986,1793 3031,1793 3076,1793 3120,1796 3165,1793 3210,1793 3255,1793 3299,1793 3344,1793 3389,1793 3434,1793 3478,1793 3523,1793 3568,1793 3613,1793 3657,1793 3702,1793 3747,1793 3792,1796 3836,1796 3881,1796 3926,1796 3971,1796 4015,1796 4060,1796 4105,1799 4147,1802"/>
                <TextEquiv>
                    <Unicode>ser Bedingungen, vor allem von der Anerkennung</Unicode>
                </TextEquiv>
            </TextLine>
            <TextLine id="tr_2_tl_15" custom="readingOrder {index:14;}">
                <Coords points="2571,1860 4140,1858 4050,1797 2571,1804"/>
                <Baseline points="2583,1843 2625,1843 2670,1843 2715,1843 2759,1843 2804,1843 2849,1843 2894,1843 2938,1843 2983,1843 3028,1843 3073,1843 3117,1843 3162,1843 3207,1843 3252,1843 3296,1843 3341,1846 3386,1843 3431,1843 3475,1843 3520,1843 3565,1843 3610,1843 3654,1846 3699,1846 3744,1846 3789,1846 3833,1846 3878,1846 3923,1846 3968,1846 4012,1846 4057,1846 4102,1843 4147,1834"/>
                <TextEquiv>
                    <Unicode>eines zwischen uns bestehenden Rechtsverhält-</Unicode>
                </TextEquiv>
            </TextLine>
            <TextLine id="tr_2_tl_16" custom="readingOrder {index:15;}">
                <Coords points="2571,1899 4109,1908 4091,1853 2571,1856"/>
                <Baseline points="2583,1897 2628,1897 2673,1897 2718,1897 2762,1897 2807,1897 2852,1894 2897,1894 2941,1894 2986,1897 3031,1894 3076,1894 3120,1894 3165,1897 3210,1897 3255,1897 3299,1897 3344,1897 3389,1900 3434,1897 3478,1900 3523,1897 3568,1897 3613,1900 3657,1897 3702,1897 3747,1897 3792,1900 3836,1900 3881,1900 3926,1900 3971,1900 4015,1900 4060,1903 4105,1900 4114,1900"/>
                <TextEquiv>
                    <Unicode>nisses abhängig machen, das ich ja als Ganzes</Unicode>
                </TextEquiv>
            </TextLine>
            <TextLine id="tr_2_tl_17" custom="readingOrder {index:16;}">
                <Coords points="2562,1948 4140,1955 4097,1905 2562,1908"/>
                <Baseline points="2574,1945 2577,1945 2622,1948 2667,1948 2712,1948 2756,1945 2801,1945 2846,1945 2891,1945 2935,1945 2980,1945 3025,1948 3070,1948 3114,1948 3159,1948 3204,1948 3249,1948 3293,1948 3338,1948 3383,1951 3428,1948 3472,1948 3517,1948 3562,1948 3607,1948 3651,1948 3696,1945 3741,1948 3786,1948 3830,1948 3875,1945 3920,1948 3965,1948 4009,1951 4054,1948 4099,1948 4144,1942"/>
                <TextEquiv>
                    <Unicode>nicht anzweifle, das mir aber vielfach von al-</Unicode>
                </TextEquiv>
            </TextLine>
            <TextLine id="tr_2_tl_18" custom="readingOrder {index:17;}">
                <Coords points="2567,2011 4140,2023 4124,1953 2567,1955"/>
                <Baseline points="2580,1998 2625,1996 2670,1996 2715,1996 2759,1996 2804,1996 2849,1996 2894,1998 2938,1998 2983,1996 3028,1996 3073,1998 3117,1998 3162,1998 3207,1998 3252,1998 3296,1998 3341,1998 3386,1998 3431,1998 3475,1998 3520,2001 3565,2001 3610,1998 3654,2001 3699,2001 3744,2001 3789,2001 3833,1998 3878,1998 3923,1998 3968,2001 4012,2001 4057,2001 4102,2004 4147,2007"/>
                <TextEquiv>
                    <Unicode>len seiten her und zwar ausschliesslich durch</Unicode>
                </TextEquiv>
            </TextLine>
            <TextLine id="tr_2_tl_19" custom="readingOrder {index:18;}">
                <Coords points="2567,2072 4100,2075 4100,2016 3971,2002 2567,2009"/>
                <Baseline points="2580,2049 2625,2049 2670,2049 2715,2046 2759,2049 2804,2052 2849,2049 2894,2049 2938,2049 2983,2052 3028,2052 3073,2049 3117,2052 3162,2052 3207,2049 3252,2049 3296,2049 3341,2052 3386,2049 3431,2052 3475,2052 3520,2052 3565,2052 3610,2052 3654,2052 3699,2055 3744,2055 3789,2052 3833,2052 3878,2052 3923,2052 3968,2052 4012,2052 4057,2052 4102,2055"/>
                <TextEquiv>
                    <Unicode>Ihr Verhalten angenagt erscheint. Ich möchte</Unicode>
                </TextEquiv>
            </TextLine>
            <TextLine id="tr_2_tl_20" custom="readingOrder {index:19;}">
                <Coords points="2567,2111 4143,2122 4185,2043 4100,2084 2567,2072"/>
                <Baseline points="2580,2100 2625,2100 2670,2100 2715,2100 2759,2100 2804,2103 2849,2100 2894,2100 2938,2100 2983,2100 3028,2100 3073,2103 3117,2103 3162,2103 3207,2103 3252,2100 3296,2100 3341,2100 3386,2100 3431,2103 3475,2103 3520,2103 3565,2106 3610,2106 3654,2106 3699,2103 3744,2103 3789,2103 3833,2103 3878,2103 3923,2103 3968,2103 4012,2106 4057,2106 4102,2103 4147,2103 4191,2103"/>
                <TextEquiv>
                    <Unicode>vor alle nochmals betonen, dass es sich bei den</Unicode>
                </TextEquiv>
            </TextLine>
            <TextLine id="tr_2_tl_21" custom="readingOrder {index:20;}">
                <Coords points="2576,2156 4136,2178 4136,2115 4086,2104 2576,2099"/>
                <Baseline points="2589,2148 2634,2151 2679,2154 2723,2151 2768,2154 2813,2151 2858,2154 2903,2151 2947,2151 2992,2154 3037,2154 3082,2154 3126,2154 3171,2154 3216,2154 3261,2154 3305,2154 3350,2154 3395,2154 3440,2154 3484,2157 3529,2157 3574,2157 3619,2157 3663,2157 3708,2154 3753,2154 3798,2154 3842,2154 3887,2154 3932,2154 3977,2157 4021,2157 4066,2157 4111,2154 4141,2151"/>
                <TextEquiv>
                    <Unicode>Valutenna ehzahlungen keineswegs um eine Gefäl-</Unicode>
                </TextEquiv>
            </TextLine>
            <TextLine id="tr_2_tl_22" custom="readingOrder {index:21;}">
                <Coords points="2567,2226 4070,2224 4030,2163 2567,2156"/>
                <Baseline points="2580,2204 2598,2204 2643,2204 2688,2204 2732,2204 2777,2207 2822,2207 2867,2207 2911,2204 2956,2204 3001,2204 3046,2204 3090,2204 3135,2204 3180,2204 3225,2204 3269,2204 3314,2204 3359,2204 3404,2204 3448,2207 3493,2207 3538,2207 3583,2207 3628,2207 3672,2204 3717,2204 3762,2204 3807,2204 3851,2207 3896,2207 3941,2210 3986,2210 4030,2204 4075,2201"/>
                <TextEquiv>
                    <Unicode>ligkeit Ihrerseits handelt,sondern dass Sie</Unicode>
                </TextEquiv>
            </TextLine>
            <TextLine id="tr_2_tl_23" custom="readingOrder {index:22;}">
                <Coords points="2565,2269 4145,2267 4097,2212 2565,2217"/>
                <Baseline points="2577,2255 2583,2255 2628,2258 2673,2258 2718,2258 2762,2258 2807,2255 2852,2258 2897,2258 2941,2258 2986,2255 3031,2255 3076,2258 3120,2258 3165,2258 3210,2258 3255,2258 3299,2258 3344,2258 3389,2255 3434,2258 3478,2258 3523,2258 3568,2258 3613,2258 3657,2255 3702,2258 3747,2258 3792,2258 3836,2255 3881,2258 3926,2258 3971,2258 4015,2261 4060,2258 4105,2252 4150,2252"/>
                <TextEquiv>
                    <Unicode>dazu absolut verpflichtet sind. Wäre der per-</Unicode>
                </TextEquiv>
            </TextLine>
            <TextLine id="tr_2_tl_24" custom="readingOrder {index:23;}">
                <Coords points="2565,2307 4176,2327 4176,2269 3856,2255 2565,2267"/>
                <Baseline points="2577,2306 2622,2306 2667,2309 2712,2309 2756,2309 2801,2309 2846,2309 2891,2306 2935,2306 2980,2309 3025,2309 3070,2309 3114,2309 3159,2309 3204,2309 3249,2309 3293,2309 3338,2309 3383,2306 3428,2309 3472,2309 3517,2309 3562,2309 3607,2309 3651,2309 3696,2309 3741,2309 3786,2309 3830,2309 3875,2312 3920,2312 3965,2312 4009,2312 4054,2312 4099,2309 4144,2312 4182,2312"/>
                <TextEquiv>
                    <Unicode>zentuelle Gesamtertrag aus dem werkauf meiner</Unicode>
                </TextEquiv>
            </TextLine>
            <TextLine id="tr_2_tl_25" custom="readingOrder {index:24;}">
                <Coords points="2601,2370 4269,2375 4269,2323 4143,2314 2601,2318"/>
                <Baseline points="2613,2359 2658,2359 2703,2359 2747,2359 2792,2357 2837,2357 2882,2359 2926,2359 2971,2359 3016,2359 3061,2359 3105,2359 3150,2359 3195,2359 3240,2359 3284,2362 3329,2359 3374,2359 3419,2359 3463,2362 3508,2359 3553,2362 3598,2362 3642,2362 3687,2359 3732,2359 3777,2362 3821,2362 3866,2362 3911,2365 3956,2362 4000,2365 4045,2365 4090,2365 4135,2365 4179,2365 4224,2365 4269,2371 4272,2371"/>
                <TextEquiv>
                    <Unicode>Bücher im In-und Ausland zusammen tatsächlich</Unicode>
                </TextEquiv>
            </TextLine>
            <TextLine id="tr_2_tl_26" custom="readingOrder {index:25;}">
                <Coords points="2282,2384 2296,2386 2318,2366 2327,2375 2339,2368 2375,2377 2393,2373 2458,2395 2476,2379 2517,2373 2517,2316 2474,2309 2456,2325 2436,2309 2400,2298 2375,2305 2352,2289 2312,2303 2282,2300"/>
                <Baseline points="2294,2365 2297,2362 2342,2362 2386,2362 2431,2359 2476,2362 2521,2359"/>
                <TextEquiv>
                    <Unicode>im 1.</Unicode>
                </TextEquiv>
            </TextLine>
            <TextLine id="tr_2_tl_27" custom="readingOrder {index:26;}">
                <Coords points="2601,2420 4156,2440 4138,2368 2601,2366"/>
                <Baseline points="2613,2410 2658,2410 2703,2410 2747,2410 2792,2410 2837,2410 2882,2410 2926,2410 2971,2410 3016,2410 3061,2407 3105,2407 3150,2410 3195,2410 3240,2413 3284,2410 3329,2410 3374,2410 3419,2410 3463,2407 3508,2410 3553,2413 3598,2413 3642,2413 3687,2410 3732,2413 3777,2413 3821,2413 3866,2413 3911,2416 3956,2413 4000,2416 4045,2416 4090,2416 4135,2416 4159,2422"/>
                <TextEquiv>
                    <Unicode>mit den nicht ganz 1000 Goldmark ausgedrückt,</Unicode>
                </TextEquiv>
            </TextLine>
            <TextLine id="tr_2_tl_28" custom="readingOrder {index:27;}">
                <Coords points="2296,2461 4111,2481 4111,2431 4003,2420 3113,2447 2296,2377"/>
                <Baseline points="2309,2440 2354,2446 2398,2446 2443,2446 2488,2446 2533,2446 2550,2449 2583,2455 2628,2461 2673,2461 2718,2461 2762,2461 2807,2461 2852,2461 2897,2461 2941,2461 2986,2461 3031,2461 3076,2461 3120,2461 3165,2464 3210,2464 3255,2461 3299,2461 3344,2461 3389,2461 3434,2461 3478,2464 3523,2461 3568,2464 3613,2464 3657,2464 3702,2464 3747,2464 3792,2464 3836,2467 3881,2467 3926,2467 3971,2467 4015,2470 4060,2467 4105,2467 4114,2467"/>
                <TextEquiv>
                    <Unicode>Relbjett die ich vom Verlag Fischer erhalten habe, so</Unicode>
                </TextEquiv>
            </TextLine>
        </TextRegion>
        <TextRegion id="tr_3" custom="readingOrder {index:2;}">
            <Coords points="2592,2459 4173,2459 4173,3327 2592,3327"/>
            <TextLine id="tr_3_tl_1" custom="readingOrder {index:0;}">
                <Coords points="2585,2517 4109,2519 3964,2467 2585,2488"/>
                <Baseline points="2598,2509 2643,2512 2688,2512 2732,2512 2777,2512 2822,2512 2867,2512 2911,2512 2956,2512 3001,2512 3046,2512 3090,2512 3135,2512 3180,2512 3225,2512 3269,2512 3314,2512 3359,2512 3404,2512 3448,2512 3493,2512 3538,2515 3583,2515 3628,2515 3672,2515 3717,2518 3762,2515 3807,2518 3851,2518 3896,2518 3941,2515 3986,2515 4030,2515 4075,2509 4114,2509"/>
                <TextEquiv>
                    <Unicode>müsste doch über Valutennachzahlungen übr-</Unicode>
                </TextEquiv>
            </TextLine>
            <TextLine id="tr_3_tl_2" custom="readingOrder {index:1;}">
                <Coords points="2589,2569 4093,2578 4093,2524 3924,2517 2589,2517"/>
                <Baseline points="2601,2559 2646,2562 2691,2562 2735,2562 2780,2565 2825,2562 2870,2565 2914,2565 2959,2565 3004,2565 3049,2559 3093,2562 3138,2565 3183,2565 3228,2565 3272,2565 3317,2565 3362,2565 3407,2565 3451,2562 3496,2565 3541,2565 3586,2565 3630,2568 3675,2568 3720,2565 3765,2568 3810,2568 3854,2568 3899,2568 3944,2568 3989,2571 4033,2568 4078,2568 4099,2565"/>
                <TextEquiv>
                    <Unicode>haupt nicht gesprochen werden; ich wünsche</Unicode>
                </TextEquiv>
            </TextLine>
            <TextLine id="tr_3_tl_3" custom="readingOrder {index:2;}">
                <Coords points="2594,2630 4138,2646 4138,2574 2594,2567"/>
                <Baseline points="2607,2622 2619,2619 2664,2616 2709,2613 2753,2613 2798,2613 2843,2616 2888,2616 2932,2616 2977,2616 3022,2616 3067,2616 3111,2616 3156,2616 3201,2616 3246,2613 3290,2613 3335,2616 3380,2616 3425,2616 3469,2616 3514,2616 3559,2619 3604,2619 3648,2619 3693,2619 3738,2619 3783,2616 3827,2616 3872,2619 3917,2619 3962,2619 4006,2619 4051,2619 4096,2613 4141,2607"/>
                <TextEquiv>
                    <Unicode>ja keine Geschänke von Ihnen, sondern die Er-</Unicode>
                </TextEquiv>
            </TextLine>
            <TextLine id="tr_3_tl_4" custom="readingOrder {index:3;}">
                <Coords points="2589,2682 4077,2680 4057,2632 3872,2616 2589,2632"/>
                <Baseline points="2601,2676 2604,2676 2649,2670 2694,2667 2738,2667 2783,2667 2828,2667 2873,2664 2917,2667 2962,2667 3007,2667 3052,2667 3096,2667 3141,2667 3186,2667 3231,2667 3275,2667 3320,2667 3365,2667 3410,2670 3454,2670 3499,2670 3544,2670 3589,2670 3633,2670 3678,2670 3723,2670 3768,2670 3812,2673 3857,2670 3902,2670 3947,2670 3992,2670 4036,2673 4081,2670"/>
                <TextEquiv>
                    <Unicode>gänzung des nir gebhrenden Honorars in den</Unicode>
                </TextEquiv>
            </TextLine>
            <TextLine id="tr_3_tl_5" custom="readingOrder {index:4;}">
                <Coords points="2594,2734 4066,2729 4063,2684 3851,2668 2592,2684"/>
                <Baseline points="2607,2718 2652,2718 2697,2718 2741,2718 2786,2718 2831,2718 2876,2718 2920,2718 2965,2718 3010,2721 3055,2718 3099,2718 3144,2718 3189,2718 3234,2718 3278,2718 3323,2718 3368,2721 3413,2721 3457,2721 3502,2721 3547,2721 3592,2721 3636,2721 3681,2723 3726,2721 3771,2721 3815,2723 3860,2723 3905,2726 3950,2726 3994,2726 4039,2726 4072,2723"/>
                <TextEquiv>
                    <Unicode>den tatsächlichen Verhältnissen wenigstens</Unicode>
                </TextEquiv>
            </TextLine>
            <TextLine id="tr_3_tl_6" custom="readingOrder {index:5;}">
                <Coords points="2585,2772 3881,2808 4106,2783 4106,2723 2585,2741"/>
                <Baseline points="2598,2768 2643,2771 2688,2768 2732,2771 2777,2771 2822,2771 2867,2768 2911,2768 2956,2768 3001,2768 3046,2771 3090,2774 3135,2771 3180,2771 3225,2771 3269,2771 3314,2771 3359,2771 3404,2771 3448,2771 3493,2771 3538,2774 3583,2774 3628,2774 3672,2771 3717,2774 3762,2774 3807,2774 3851,2774 3896,2774 3941,2774 3986,2771 4030,2774 4075,2774 4111,2771"/>
                <TextEquiv>
                    <Unicode>annähernd entsprechenden Masse. Um hier ein</Unicode>
                </TextEquiv>
            </TextLine>
            <TextLine id="tr_3_tl_7" custom="readingOrder {index:6;}">
                <Coords points="2594,2824 4165,2847 4163,2772 3874,2808 2594,2770"/>
                <Baseline points="2607,2819 2652,2822 2697,2819 2741,2819 2786,2822 2831,2822 2876,2819 2920,2822 2965,2822 3010,2819 3055,2819 3099,2822 3144,2822 3189,2822 3234,2822 3278,2822 3323,2822 3368,2822 3413,2825 3457,2825 3502,2825 3547,2825 3592,2822 3636,2822 3681,2825 3726,2828 3771,2825 3815,2825 3860,2825 3905,2828 3950,2828 3994,2828 4039,2831 4084,2828 4129,2828 4168,2825"/>
                <TextEquiv>
                    <Unicode>klares Bild zu haben wünschte ich ja auch die</Unicode>
                </TextEquiv>
            </TextLine>
            <TextLine id="tr_3_tl_8" custom="readingOrder {index:7;}">
                <Coords points="2596,2887 4140,2899 4138,2842 3996,2833 2594,2824"/>
                <Baseline points="2607,2876 2652,2876 2697,2873 2741,2873 2786,2876 2831,2876 2876,2873 2920,2873 2965,2873 3010,2873 3055,2873 3099,2873 3144,2873 3189,2873 3234,2876 3278,2876 3323,2876 3368,2879 3413,2876 3457,2879 3502,2879 3547,2876 3592,2876 3636,2876 3681,2879 3726,2876 3771,2876 3815,2876 3860,2876 3905,2876 3950,2882 3994,2882 4039,2882 4084,2879 4129,2879 4141,2882"/>
                <TextEquiv>
                    <Unicode>genaue Aufstellung hinzisklick der maten, an</Unicode>
                </TextEquiv>
            </TextLine>
            <TextLine id="tr_3_tl_9" custom="readingOrder {index:8;}">
                <Coords points="2580,2926 4068,2957 4068,2892 3885,2878 2580,2881"/>
                <Baseline points="2592,2920 2637,2926 2682,2926 2726,2926 2771,2923 2816,2923 2861,2923 2905,2923 2950,2923 2995,2923 3040,2926 3084,2926 3129,2923 3174,2923 3219,2926 3264,2926 3308,2926 3353,2926 3398,2926 3443,2926 3487,2926 3532,2926 3577,2926 3622,2926 3666,2929 3711,2926 3756,2929 3801,2929 3845,2929 3890,2929 3935,2929 3980,2932 4024,2932 4069,2923 4072,2923"/>
                <TextEquiv>
                    <Unicode>denen die fremden Valuten für meine Bücher</Unicode>
                </TextEquiv>
            </TextLine>
            <TextLine id="tr_3_tl_10" custom="readingOrder {index:9;}">
                <Coords points="2585,2984 4167,3002 4167,2910 4039,2957 2585,2928"/>
                <Baseline points="2598,2977 2643,2977 2688,2977 2732,2977 2777,2977 2822,2974 2867,2977 2911,2977 2956,2974 3001,2977 3046,2977 3090,2980 3135,2980 3180,2977 3225,2980 3269,2980 3314,2977 3359,2980 3404,2980 3448,2980 3493,2980 3538,2980 3583,2977 3628,2980 3672,2977 3717,2980 3762,2980 3807,2983 3851,2983 3896,2986 3941,2989 3986,2986 4030,2986 4075,2986 4120,2986 4165,2986 4173,2989"/>
                <TextEquiv>
                    <Unicode>bei Ihnen eingelangt sind und den Kurs, zu dem</Unicode>
                </TextEquiv>
            </TextLine>
            <TextLine id="tr_3_tl_11" custom="readingOrder {index:10;}">
                <Coords points="2589,3043 4100,3052 4100,2993 4050,2984 2589,2982"/>
                <Baseline points="2601,3031 2646,3028 2691,3028 2735,3031 2780,3028 2825,3028 2870,3028 2914,3028 2959,3028 3004,3028 3049,3028 3093,3028 3138,3028 3183,3031 3228,3031 3272,3034 3317,3031 3362,3031 3407,3031 3451,3031 3496,3031 3541,3031 3586,3031 3630,3031 3675,3034 3720,3034 3765,3034 3810,3034 3854,3031 3899,3034 3944,3037 3989,3037 4033,3037 4078,3037 4102,3040"/>
                <TextEquiv>
                    <Unicode>sie mir in Mark umgerechnet wurden. So sehr</Unicode>
                </TextEquiv>
            </TextLine>
            <TextLine id="tr_3_tl_12" custom="readingOrder {index:11;}">
                <Coords points="2585,3095 4095,3113 4095,3052 3942,3034 2585,3043"/>
                <Baseline points="2598,3082 2643,3082 2688,3082 2732,3082 2777,3079 2822,3082 2867,3079 2911,3082 2956,3082 3001,3082 3046,3082 3090,3082 3135,3082 3180,3082 3225,3082 3269,3082 3314,3082 3359,3084 3404,3084 3448,3084 3493,3084 3538,3084 3583,3087 3628,3084 3672,3084 3717,3082 3762,3082 3807,3084 3851,3084 3896,3084 3941,3087 3986,3087 4030,3087 4075,3087 4099,3093"/>
                <TextEquiv>
                    <Unicode>ich bedauere Ihrer überlasteten Buchhaltung</Unicode>
                </TextEquiv>
            </TextLine>
            <TextLine id="tr_3_tl_13" custom="readingOrder {index:12;}">
                <Coords points="2580,3154 4045,3156 4045,3095 3991,3088 2580,3093"/>
                <Baseline points="2592,3141 2616,3141 2661,3141 2706,3138 2750,3138 2795,3138 2840,3138 2885,3135 2929,3138 2974,3138 3019,3138 3064,3138 3108,3135 3153,3138 3198,3138 3243,3138 3287,3138 3332,3138 3377,3138 3422,3138 3466,3141 3511,3141 3556,3138 3601,3141 3645,3141 3690,3144 3735,3144 3780,3141 3824,3141 3869,3141 3914,3138 3959,3138 4003,3138 4048,3135"/>
                <TextEquiv>
                    <Unicode>diese Arbeit zu verursachen,-es ist nicht</Unicode>
                </TextEquiv>
            </TextLine>
            <TextLine id="tr_3_tl_14" custom="readingOrder {index:13;}">
                <Coords points="3558,3328 3587,3319 3626,3321 3641,3330 3657,3323 3775,3325 3772,3264 3747,3260 3725,3237 3693,3258 3650,3253 3626,3240 3587,3244 3556,3258"/>
                <Baseline points="3568,3311 3613,3314 3657,3314 3702,3317 3747,3317 3780,3317"/>
                <TextEquiv>
                    <Unicode>votre beaucoup des</Unicode>
                </TextEquiv>
            </TextLine>
        </TextRegion>
    </Page>
</PcGts>
