4464 3975
2355 916 2718 1042 tischer
3531 951 3946 1100 20.10.1924.
2545 1129 3496 1282 Sehr verehrter Herr Doktor.
2858 1296 4031 1438 Besten Dank für Ihre freundlichen
2596 1356 4053 1523 Glückwünsche. Vorläufig geht das stück hier
2590 1422 4214 1546 sehr gut. Hartungs Verhalten berührt mich nicht
2588 1500 4123 1610 angenehm. Ich persönlich habe überhaupt bis
2561 1546 4132 1653 zum heutigen Tage keinerlei Nachricht von ihm
2596 1601 4121 1701 erhalten. Nun hoffentlich bewährt sich wies-
2602 1645 4165 1769 baden umso mehr. Natürlich ist nichts dagegen
2596 1705 4204 1814 einzuwenden,wenn Sie die Zahlung der Konventio-
2596 1748 4156 1847 nalstrafe in eine Vorschusszahlung umwandeln,
2600 1802 4134 1905 wie ich es auch in anderen Fällen ganz Ihnen
2567 1857 4043 1963 überlasse Kautionsforderungen,wo sie Ihnen
2573 1919 4111 2045 nicht notwendig erscheinen Abstand zu nehmen
2912 1994 4156 2115 Sie schreiben mir, dass es bei Hanno-
2576 2055 4212 2167 ver und Danzig eines Nachdruokes bedürfte, um das
2569 2117 4194 2212 Stück zur Annahme zu bringen. Ich wünschte sehr,
2573 2161 4202 2266 dass ein solcher Nachdruck niemals in Anwendung
2576 2221 4068 2322 gebracht werde. Die „Komödie der Verführung
2609 2254 4134 2377 wird sich in Anbetracht der erheblichen In-
2578 2318 4121 2415 szenierungs-und Besetzungsschwierigkeiten na-
2578 2359 4142 2472 türlich nur allmählig durchsetzen, wie ich das
2596 2421 4202 2520 ja schon bei manchen meiner Stücke erlebt habe.
2580 2466 4136 2588 München, das ist wohl das Nationaltheater, eine
2584 2536 3993 2658 andere Bühne kommt doch kaum in Betracht.
2916 2615 4039 2739 Den Rotter'schen Antrag betreffs
2594 2677 4185 2778 „K.d.V. habe ich bisher nicht angenommen. Nach
2600 2741 4074 2838 privaten Informationen dürfte von den Mein-
2588 2780 4152 2895 hard-Bühnen möglicherweise ein Antrag an mich
2600 2819 4231 2966 gelangen, der mir a priori diskutabler erschiene.
2596 2889 4158 2990 Vom Deutschen Theater (Kahane) habe ich schon
2590 2939 4154 3030 vor etwa 14 Tagen einen Brief erhalten in der
2590 2972 4229 3102 üblichen vagen Weise abgefasst, so dass man dort
2635 3038 4227 3135 entsprechenden Falls ebenso gut wird behaupten
2588 3085 4245 3197 können, man habe das (von mir niemals eingereich-
