4478 3976
359 1033 1346 1178 geben wollte, erschienen ist,
714 1105 1862 1234 Ihr Büro frägt wieder wegen Varge
333 1198 1862 1322 bung von Eilmrechten im allgemeßnen bei mir
375 1232 1932 1358 an. Es ist und blebt das Einfachste, dass Sie
1374 1284 1936 1380 immer direkt an
357 1352 1932 1483 mich weisen. Ich habe jetzt eine Art von Ver¬
369 1320 1292 1428 die sogenannten Interessen
383 1382 1974 1521 pilichtung gegenüber einer amerikanischen Film-
381 1441 1952 1567 gesellschaft übernommen, die aber erst nach An-
381 1491 1952 1613 nahme des ersten Pilmsujets und Bezahlung des-
387 1551 1862 1669 selben bindend wird und kann in jedem Falle
383 1599 1888 1715 äh nach allen Seiten hin frei verfügen. Bis-
377 1633 1932 1770 her ist noch immer nichts verfilmt worden als
383 1703 1954 1812 der „Medardus“ (Sascha-nicht nach Amerika ver-
383 1751 1986 1878 kauft), Anatol (ein lächerlicher Pilm), Liebelei
409 1798 1914 1924 (vor 15 Jahren von der Nordicke Film, die zwar
389 1848 1914 1982 keinerlei Recht hat das Stück noch einmal zu
387 1902 1914 2028 verfilmen, aber trotzdem an einem Erlös eines
389 1956 1904 2070 zweiten Varkaufs beteiligt sein will,so dass
395 1994 1990 2115 trotz etwa 20 neuen Anträgen bisher kein neuer
389 2070 1503 2189 Abschluss zustande gekommen ist.
742 2143 1926 2263 Ich bekam die umbrochene Korraktur
409 2217 1886 2327 „Naihar" bis Bogen 5 inkl. Sollte nicht die
407 2265 1896 2381 Gesammtkorrektur bis spätestens Mittwoch an
407 2303 2000 2428 mich abgesandt sein? so bitte sie in Berlin zu
409 2359 1932 2478 meiner Verfügung zu halten. Ich hoffe Samstag
431 2410 1812 2540 Früh dort einzutreffen. (Hotel Esplanade)
736 2498 1968 2636 Auf bald also und herzlichste Grüsse
835 2594 1236 2674 Ihres sækrx
433 3032 1001 3168 Herrn S.Pischer,
431 3130 684 3218 Berlin.
2426 698 3607 947 Fischer (Md 4.2.1986)
2287 843 2418 945 P.S.
2650 943 2755 1011 G.C.F.P.
2847 947 2929 1003 G.C.F.P.
2542 1013 3316 1164 Vorshrter Herr Doktor.
2723 1124 4043 1298 Ich habe dem Sächsischen Staatstheater
2550 1218 4089 1344 nicht zugesagt, dass es die Bogen meines neu¬
2630 1294 4045 1400 stü kes vor allen anderen Bühnen zur An¬
2630 1336 2719 1394 n
2554 1312 4097 1451 sicht erhalten soll. Ich habe mich nur stam
2554 1390 4077 1503 xxx kläxt bereit erklärt völlig un-
2588 1439 3986 1537 verbindlich für das Theater und für mich
2554 1499 3974 1591 der Direktion in das umbrochene Korrektur
2542 1555 3902 1671 Einsicht gewähren zu lassen. Also bitte
2568 1591 4025 1703 „im Auftrag des Verfassers „unverbindlich“
2562 1645 3995 1754 ein solches umbrochenes Exemplar hinzusen
2566 1741 2708 1826 den.
2831 1766 4017 1892 Auf baldiges Wiedersehen und herz-
2556 1848 2977 1972 lichen Gruss
3007 1894 3657 2012 Ihr sehr ergebener
2612 2456 3132 2570 Herrn Dr.Maril,
2588 2534 3178 2656 S.Fischer, Verlag,
2580 2606 2829 2694 Berlin.
