4419 3977
2344 752 3190 915 ischer (Maril)
3502 818 3868 924 23.2.1925.
442 1012 774 1110 besetzen.
2507 1029 3382 1163 Verehrtester Herr Doktor.
659 1074 1828 1186 Ich möchte es Ihnen überlassen die
1735 1141 1831 1207 in
412 1150 1674 1239 Angelegenheit der Buchausgabe „K.d.V.
412 1190 1877 1308 Amerika mit Brandt zu einem eventuellen Ab-
2860 1160 4160 1283 Es wäre mir höchst erwünscht, wenn ich
452 1251 1892 1336 chluss zu bringen. Als Honosarbedingungen
2477 1247 4080 1334 aus Steuergründen eine ganz übersichtliche Auf
421 1296 1790 1399 wurde ich an Ihrer Stelle verlangen: L0###
2484 1306 4090 1387 stellung,ohne jede Spezifikation über dieBommen
421 1338 1875 1458 vom Ladenpreis des Exemplars, sofort zahlba-
2488 1363 4014 1465 erhalten könnte, die mir der Verlag Fischer im
433 1378 1936 1490 re Garantie von 500 Dollar, die bis spätestens
3746 1410 3910 1478 rieb
2558 1423 3695 1488 Laufe des Jahres 1924 a) Bühnenve
416 1458 1835 1543 10. März d.J. eingezahlt werden müssten, an
2488 1463 4041 1547 Buchverlag überwiesen hat. Wollen sie gütigst
421 1503 1746 1600 dernfalls fällen die Verlagsrechte über
2488 1524 3982 1587 er anlassen, dass mir eine solche Uebersicht
416 1537 1892 1653 das Buch automatisch wieder an mich zurück.
2490 1560 4149 1647 (mit den Daten der Ueberweisung) in den nächsten
414 1579 1926 1695 Aufführungsrecht und Verfilmungs recht bliebe
2484 1613 4149 1689 Tagen zugeschickt werde. Noch einmal möchte ich
423 1644 1928 1742 in jedem Fall bedingungslos mir vorbehalten.
2482 1661 4109 1738 auf die Frage der Bühnenexemplare zurückkommen.
421 1699 1936 1799 kommt die Sache mit Brandt in oben bezeichne
2490 1708 4075 1786 Im Laufe der Tetzten Monate hat mich der Ver-
429 1746 1788 1854 ter Weise zustande, so hat der Verlag Fi-
2484 1757 4016 1841 lag mit einigen nicht wenigen hunderten Mark
427 1797 1831 1909 scher, wie nicht erst xxx erwähnt zu werden
2482 1818 4025 1892 für Bühnenexemplare von „Komödie d.Verf.“ be-
2488 1852 4094 1945 lastet, denen verhältnismassig weniger verkauf-
423 1858 1452 1957 braucht, die übliche Provision.
2488 1909 3982 1993 te Bühnenexemplare gegenüberstehen. Wie ist
708 1934 1852 2038 Was die Angelegenheit des.Weitan
2479 1959 3951 2044 das zu erklären? So viel ich weiss ist die
429 1997 1839 2099 Lands" in Amerika anbelangt,für das sich
2782 2004 4010 2078 an einem einzigen deutschen Theater
2492 2036 2739 2105 „ K. d. y.
442 2050 1885 2154 Notlokyl nach wie vor vergeblich bemüht,wäh-
2484 2069 4088 2145 zur Afführung gekommen,an zwei weiteren ange-
438 2074 1951 2207 rend Ich mit ihm eine regelmässige Korrespon-
2482 2110 4090 2194 nommen, wenn ich nicht irre. Sendet man denn je-
471 2152 1904 2249 denz darüber führe,und gelegentlich andere
2475 2173 3951 2253 dem kleinen Direktor, der das Buch zu lesen
438 2215 1871 2310 bisher auch nicht sehr aussichtsreiche An-
2475 2200 4105 2298 wünscht, einfach ein Gratisexemplar zu? Auf die-
448 2262 1805 2359 träge an mich gelangen, so führe ich sie
2482 2264 4096 2342 se Weise kann der Verlag bald eine ganze Aufla¬
435 2291 1947 2427 auf eigene Faust weiter, werde aber natürlich
2484 2310 4075 2403 ge los werden. In klarer Voraussicht, dass die-
457 2361 1938 2471 gerne, wenn ein diskutabler Vorschlag von ir-
2482 2374 4046 2450 ses Stück vorläufig nur an wenigen Bühnen zur
442 2403 1847 2532 gend einer möglichen Firma an sie ergehen
2482 2420 4109 2505 Aufführung kommen würde habe ich schon seiner-
452 2429 1930 2556 sollte Ihnen den eventuellen Abschluss über-
2482 2452 4124 2551 zeit gewünscht, dass vom Druck von Bühnenexempla
450 2511 1926 2615 lassen. Es würde mich interessieren zu erfah
2513 2520 4048 2602 ren absehen werde, denn sie sind ja am Ende
448 2558 1795 2659 ren, ob Sie im Laufe der letzten Zeit in
2482 2564 4130 2665 nicht dazu da,um für die Privatbibliothek der
442 2600 1879 2729 Amerika,was Bühnenvertrieb oder was Verlag
2490 2634 4118 2737 terhältnis zwischen dortozahl oder voll mir zu be¬
2917 2640 3002 2697 at
448 2638 1957 2790 anbelangt, irgend eine gute Erfahrung gemacht
2484 2706 4181 2792 zahlenden und der an mich bezahlten pühnenexempla
2490 2756 4001 2839 re ist in diesem Fall doch geradezu grotesk.
444 2754 668 2835 haben.
2507 2805 4145 2909 Auch dies ist mehr eine prinzipielle als finan-
651 2792 1888 2932 Mit:Dem Braunsohweiger Direktor habe
2484 2870 2949 2972 zielle Frage.
444 2868 1450 3010 ich wegen „Reigen abgewinkt.
2925 2930 3809 3044 Mit verbindlichen Grüssen
723 2957 1585 3080 Mit verbindlichen Grüssen
3242 3008 3781 3105 sehr ergebener
936 3027 1562 3133 Ihr sehr ergebener
