<?xml version="1.0" encoding="UTF-8" standalone="yes"?>
<PcGts xmlns="http://schema.primaresearch.org/PAGE/gts/pagecontent/2013-07-15" xmlns:xsi="http://www.w3.org/2001/XMLSchema-instance" xsi:schemaLocation="http://schema.primaresearch.org/PAGE/gts/pagecontent/2013-07-15 http://schema.primaresearch.org/PAGE/gts/pagecontent/2013-07-15/pagecontent.xsd">
    <Metadata>
        <Creator>prov=READ-COOP:name=TrHtr:version=2.1.0:model_id=51170:date=26_07_2023_10:13</Creator>
        <Created>2023-05-02T07:58:11.122+02:00</Created>
        <LastChange>2023-07-26T10:13:17.541+02:00</LastChange>
        <TranskribusMetadata docId="1416740" pageId="54952464" pageNr="43" tsid="130928013" status="IN_PROGRESS" userId="64420" imgUrl="https://files.transkribus.eu/Get?id=ZQQAOGGCEXREPNFJEVDZHYMD&amp;fileType=view" xmlUrl="https://files.transkribus.eu/Get?id=HUCCQIBFUPRDPDUSEYVUQJIN" imageId="44456190"/>
    </Metadata>
    <Page imageFilename="1416740_0043.jpg" imageWidth="4464" imageHeight="3975">
        <ReadingOrder>
            <OrderedGroup id="ro_1711827767487" caption="Regions reading order">
                <RegionRefIndexed index="0" regionRef="tr_2"/>
                <RegionRefIndexed index="1" regionRef="tr_1"/>
            </OrderedGroup>
        </ReadingOrder>
        <TextRegion id="tr_2" custom="readingOrder {index:0;}">
            <Coords points="402,851 2068,851 2068,2480 402,2480"/>
            <TextLine id="tr_2_tl_1" custom="readingOrder {index:0;}">
                <Coords points="440,920 1874,950 1903,883 438,853"/>
                <Baseline points="450,904 495,901 540,904 584,904 629,907 674,907 719,907 763,907 808,910 853,910 898,913 943,913 987,913 1032,916 1077,919 1122,916 1166,919 1211,919 1256,919 1301,919 1345,919 1390,922 1435,922 1480,922 1524,922 1569,922 1614,925 1659,931 1703,934 1748,931 1793,931 1838,934 1883,934 1906,931"/>
                <TextEquiv>
                    <Unicode>te Stück abgelehnt, als man hätte es gern g</Unicode>
                </TextEquiv>
            </TextLine>
            <TextLine id="tr_2_tl_2" custom="readingOrder {index:1;}">
                <Coords points="429,963 2068,1003 2066,930 1884,969 427,920"/>
                <Baseline points="441,951 486,954 531,954 575,954 620,954 665,957 710,954 755,957 799,957 844,960 889,960 934,960 978,960 1023,963 1068,963 1113,963 1157,963 1202,963 1247,966 1292,966 1336,966 1381,969 1426,972 1471,972 1515,972 1560,972 1605,972 1650,975 1695,978 1739,978 1784,984 1829,984 1874,984 1918,984 1963,984 2008,990 2053,990 2068,993"/>
                <TextEquiv>
                    <Unicode>spielt. wenn ich nur die versprochenen Besetzung</Unicode>
                </TextEquiv>
            </TextLine>
            <TextLine id="tr_2_tl_3" custom="readingOrder {index:2;}">
                <Coords points="433,1009 1962,1050 1947,987 433,969"/>
                <Baseline points="444,999 489,999 534,1002 578,1005 623,1008 668,1008 713,1008 757,1008 802,1008 847,1008 892,1008 937,1008 981,1011 1026,1011 1071,1014 1116,1014 1160,1014 1205,1017 1250,1017 1295,1017 1339,1017 1384,1020 1429,1020 1474,1023 1518,1026 1563,1023 1608,1026 1653,1026 1698,1026 1742,1026 1787,1029 1832,1029 1877,1032 1921,1032 1966,1035"/>
                <TextEquiv>
                    <Unicode>vorschläge (die natürlich nicht gekommen sind)</Unicode>
                </TextEquiv>
            </TextLine>
            <TextLine id="tr_2_tl_4" custom="readingOrder {index:3;}">
                <Coords points="423,1056 946,1111 1484,1072 1998,1103 1978,1036 421,1013"/>
                <Baseline points="435,1047 480,1050 525,1050 569,1050 614,1053 659,1053 704,1056 749,1056 793,1056 838,1056 883,1059 928,1062 972,1059 1017,1062 1062,1065 1107,1065 1151,1065 1196,1068 1241,1068 1286,1068 1330,1068 1375,1071 1420,1071 1465,1074 1510,1071 1554,1074 1599,1077 1644,1077 1689,1080 1733,1080 1778,1080 1823,1080 1868,1083 1912,1083 1957,1086 2002,1089 2005,1086"/>
                <TextEquiv>
                    <Unicode>und wahrscheinlich nie kommen werden) abgewar</Unicode>
                </TextEquiv>
            </TextLine>
            <TextLine id="tr_2_tl_5" custom="readingOrder {index:4;}">
                <Coords points="425,1156 454,1146 480,1154 527,1117 566,1133 606,1107 684,1136 733,1119 773,1140 771,1074 743,1077 731,1066 706,1074 659,1058 572,1060 554,1050 501,1066 421,1058"/>
                <Baseline points="435,1101 480,1101 525,1101 569,1101 614,1101 659,1104 704,1104 749,1110 778,1119"/>
                <TextEquiv>
                    <Unicode>tet hätte.</Unicode>
                </TextEquiv>
            </TextLine>
            <TextLine id="tr_2_tl_6" custom="readingOrder {index:5;}">
                <Coords points="733,1221 1990,1245 1974,1156 1600,1182 1119,1142 914,1174 731,1138"/>
                <Baseline points="743,1199 787,1202 832,1205 877,1208 922,1208 966,1208 1011,1211 1056,1211 1101,1211 1145,1211 1190,1214 1235,1214 1280,1217 1325,1217 1369,1220 1414,1220 1459,1223 1504,1226 1548,1226 1593,1226 1638,1229 1683,1232 1727,1232 1772,1232 1817,1232 1862,1232 1906,1235 1951,1235 1996,1235"/>
                <TextEquiv>
                    <Unicode>Die dringend erbetenen Exemplare sind</Unicode>
                </TextEquiv>
            </TextLine>
            <TextLine id="tr_2_tl_7" custom="readingOrder {index:6;}">
                <Coords points="417,1262 1882,1294 1880,1243 1829,1229 1396,1254 415,1188"/>
                <Baseline points="429,1247 474,1247 519,1250 564,1250 608,1250 653,1253 698,1253 743,1253 787,1256 832,1256 877,1256 922,1259 966,1259 1011,1256 1056,1259 1101,1262 1145,1265 1190,1265 1235,1268 1280,1271 1325,1271 1369,1271 1414,1274 1459,1274 1504,1274 1548,1277 1593,1277 1638,1277 1683,1277 1727,1280 1772,1280 1817,1280 1862,1280 1886,1283"/>
                <TextEquiv>
                    <Unicode>bisher noch nicht an mich gelangt, ich bitte</Unicode>
                </TextEquiv>
            </TextLine>
            <TextLine id="tr_2_tl_8" custom="readingOrder {index:7;}">
                <Coords points="415,1313 1931,1361 1903,1282 415,1268"/>
                <Baseline points="426,1304 471,1298 516,1301 561,1301 605,1301 650,1301 695,1304 740,1304 784,1307 829,1307 874,1307 919,1310 963,1313 1008,1313 1053,1313 1098,1313 1142,1316 1187,1316 1232,1316 1277,1319 1322,1319 1366,1322 1411,1322 1456,1322 1501,1325 1545,1327 1590,1327 1635,1327 1680,1327 1724,1330 1769,1333 1814,1333 1859,1333 1903,1333 1936,1333"/>
                <TextEquiv>
                    <Unicode>sehr darum. Indem xxxx</Unicode>
                </TextEquiv>
            </TextLine>
            <TextLine id="tr_2_tl_9" custom="readingOrder {index:8;}">
                <Coords points="415,1353 1886,1404 1884,1339 413,1317"/>
                <Baseline points="426,1348 471,1348 516,1348 561,1348 605,1348 650,1348 695,1351 740,1351 784,1354 829,1357 874,1357 919,1357 963,1357 1008,1363 1053,1363 1098,1363 1142,1363 1187,1366 1232,1366 1277,1369 1322,1369 1366,1372 1411,1372 1456,1375 1501,1375 1545,1378 1590,1375 1635,1378 1680,1378 1724,1381 1769,1381 1814,1384 1859,1384 1889,1387"/>
                <TextEquiv>
                    <Unicode>würden sie mich durch freundliche Zusendung</Unicode>
                </TextEquiv>
            </TextLine>
            <TextLine id="tr_2_tl_10" custom="readingOrder {index:9;}">
                <Coords points="405,1414 2007,1447 2007,1390 1937,1380 1720,1412 403,1365"/>
                <Baseline points="414,1402 459,1402 504,1402 549,1399 593,1399 638,1402 683,1402 728,1402 772,1405 817,1408 862,1408 907,1408 951,1408 996,1411 1041,1411 1086,1414 1131,1414 1175,1414 1220,1414 1265,1417 1310,1420 1354,1423 1399,1423 1444,1423 1489,1423 1533,1423 1578,1426 1623,1426 1668,1426 1712,1429 1757,1429 1802,1432 1847,1429 1892,1432 1936,1435 1981,1435 2011,1435"/>
                <TextEquiv>
                    <Unicode>der in deutschen Blättern erschienenen Referate</Unicode>
                </TextEquiv>
            </TextLine>
            <TextLine id="tr_2_tl_11" custom="readingOrder {index:10;}">
                <Coords points="415,1465 714,1463 800,1522 2013,1500 1956,1437 1862,1469 415,1410"/>
                <Baseline points="426,1450 471,1450 516,1450 561,1450 605,1453 650,1453 695,1453 740,1456 784,1459 829,1459 874,1459 919,1459 963,1462 1008,1462 1053,1465 1098,1465 1142,1468 1187,1465 1232,1468 1277,1471 1322,1471 1366,1474 1411,1477 1456,1477 1501,1477 1545,1480 1590,1480 1635,1483 1680,1480 1724,1483 1769,1483 1814,1486 1859,1486 1903,1486 1948,1486 1993,1486 2017,1492"/>
                <TextEquiv>
                    <Unicode>(sie gehen Ihnen doch jedesfalls zu) recht sehr</Unicode>
                </TextEquiv>
            </TextLine>
            <TextLine id="tr_2_tl_12" custom="readingOrder {index:11;}">
                <Coords points="409,1520 452,1528 551,1512 643,1524 672,1508 686,1518 747,1518 745,1473 731,1477 714,1463 692,1471 641,1455 594,1469 574,1453 556,1465 480,1451 464,1463 407,1465"/>
                <Baseline points="420,1501 465,1501 510,1504 555,1504 599,1504 644,1504 689,1507 734,1510 752,1510"/>
                <TextEquiv>
                    <Unicode>verbinden.</Unicode>
                </TextEquiv>
            </TextLine>
            <TextLine id="tr_2_tl_13" custom="readingOrder {index:12;}">
                <Coords points="729,1622 1190,1620 1233,1648 1422,1624 1606,1656 1602,1540 1490,1571 985,1553 729,1573"/>
                <Baseline points="740,1614 784,1611 829,1608 874,1611 919,1611 963,1611 1008,1611 1053,1614 1098,1614 1142,1617 1187,1617 1232,1620 1277,1620 1322,1623 1366,1623 1411,1623 1456,1626 1501,1626 1545,1626 1590,1629 1608,1626"/>
                <TextEquiv>
                    <Unicode>Mit verbindlichen Grüssen</Unicode>
                </TextEquiv>
            </TextLine>
            <TextLine id="tr_2_tl_14" custom="readingOrder {index:13;}">
                <Coords points="934,1709 1561,1709 1559,1642 1532,1632 1424,1644 1292,1626 1243,1659 1188,1620 934,1622"/>
                <Baseline points="946,1668 990,1665 1035,1668 1080,1668 1125,1668 1169,1668 1214,1671 1259,1674 1304,1674 1348,1674 1393,1674 1438,1674 1483,1677 1527,1674 1563,1677"/>
                <TextEquiv>
                    <Unicode>Ihr sehr ergebener</Unicode>
                </TextEquiv>
            </TextLine>
            <TextLine id="tr_2_tl_15" custom="readingOrder {index:14;}">
                <Coords points="745,2391 757,2391 777,2377 786,2383 800,2373 814,2381 826,2375 857,2377 857,2324 832,2320 802,2324 788,2320 773,2326 767,2322 761,2326 745,2324"/>
                <Baseline points="757,2369 802,2369 847,2369 862,2372"/>
                <TextEquiv>
                    <Unicode>ril</Unicode>
                </TextEquiv>
            </TextLine>
            <TextLine id="tr_2_tl_16" custom="readingOrder {index:15;}">
                <Coords points="391,2426 521,2416 631,2440 820,2434 871,2462 926,2442 952,2452 948,2383 906,2371 712,2387 596,2320 549,2334 387,2326"/>
                <Baseline points="402,2404 450,2408 495,2411 540,2411 584,2414 629,2417 674,2417 719,2420 763,2420 808,2423 853,2426 898,2429 943,2432 957,2432"/>
                <TextEquiv>
                    <Unicode>Herrn bei, Verlag,</Unicode>
                </TextEquiv>
            </TextLine>
            <TextLine id="tr_2_tl_17" custom="readingOrder {index:16;}">
                <Coords points="397,2477 458,2468 478,2489 521,2473 549,2479 562,2470 594,2473 606,2485 623,2477 653,2481 651,2436 629,2440 572,2420 543,2432 519,2414 499,2430 421,2414 395,2422"/>
                <Baseline points="405,2461 450,2461 495,2464 540,2464 584,2467 629,2467 659,2470"/>
                <TextEquiv>
                    <Unicode>Berlin.</Unicode>
                </TextEquiv>
            </TextLine>
        </TextRegion>
        <TextRegion id="tr_1" custom="readingOrder {index:1;}">
            <Coords points="2454,251 4171,251 4171,3047 2454,3047"/>
            <TextLine id="tr_1_tl_1" custom="readingOrder {index:0;}">
                <Coords points="3128,336 3221,346 3278,319 3348,356 3370,340 3468,352 3506,340 3543,362 3637,344 3632,228 3604,218 3516,224 3482,250 3392,263 3344,250 3329,267 3228,220 3126,242"/>
                <Baseline points="3139,301 3184,307 3228,310 3273,307 3318,310 3363,304 3407,310 3452,316 3497,316 3542,319 3587,322 3631,322 3640,319"/>
                <TextEquiv>
                    <Unicode>1.  ̃ 4   =  =</Unicode>
                </TextEquiv>
            </TextLine>
            <TextLine id="tr_1_tl_2" custom="readingOrder {index:1;}">
                <Coords points="2444,918 2572,930 2615,910 2664,908 2684,922 2761,899 2755,806 2711,816 2676,796 2615,828 2580,824 2562,845 2532,853 2452,816 2438,820"/>
                <Baseline points="2454,888 2500,889 2545,892 2590,898 2635,898 2679,904 2724,904 2766,907"/>
                <TextEquiv>
                    <Unicode>scher.</Unicode>
                </TextEquiv>
            </TextLine>
            <TextLine id="tr_1_tl_3" custom="readingOrder {index:2;}">
                <Coords points="3557,977 3575,971 3653,999 3694,979 3753,991 3785,967 3807,989 3824,979 3954,993 3952,883 3926,877 3905,891 3856,869 3722,879 3679,920 3608,883 3557,922"/>
                <Baseline points="3569,954 3613,951 3658,954 3703,957 3748,957 3792,957 3837,957 3882,957 3927,957 3960,960"/>
                <TextEquiv>
                    <Unicode>23.10.1984</Unicode>
                </TextEquiv>
            </TextLine>
            <TextLine id="tr_1_tl_4" custom="readingOrder {index:3;}">
                <Coords points="2603,1146 2928,1146 3032,1170 3103,1148 3177,1174 3337,1154 3443,1197 3423,1103 2601,1093"/>
                <Baseline points="2614,1136 2658,1134 2703,1136 2748,1136 2793,1139 2838,1139 2882,1139 2927,1142 2972,1142 3017,1142 3061,1145 3106,1148 3151,1148 3196,1151 3240,1148 3285,1151 3330,1151 3375,1154 3419,1157 3446,1160"/>
                <TextEquiv>
                    <Unicode>Verehrter Herr Dr.Maril.</Unicode>
                </TextEquiv>
            </TextLine>
            <TextLine id="tr_1_tl_5" custom="readingOrder {index:4;}">
                <Coords points="2900,1304 3714,1337 3748,1309 3852,1341 3956,1321 3954,1205 3384,1205 3240,1266 2898,1252"/>
                <Baseline points="2912,1292 2957,1292 3002,1295 3046,1298 3091,1298 3136,1301 3181,1301 3225,1304 3270,1304 3315,1304 3360,1304 3405,1304 3449,1307 3494,1307 3539,1307 3584,1310 3628,1310 3673,1313 3718,1313 3763,1313 3807,1313 3852,1313 3897,1316 3942,1313 3960,1313"/>
                <TextEquiv>
                    <Unicode>Wie ich schon wiederholt Ihnen</Unicode>
                </TextEquiv>
            </TextLine>
            <TextLine id="tr_1_tl_6" custom="readingOrder {index:5;}">
                <Coords points="2560,1349 4151,1384 4149,1309 4098,1304 3230,1321 2930,1311 2837,1262 2558,1309"/>
                <Baseline points="2572,1339 2617,1336 2661,1336 2706,1339 2751,1339 2796,1339 2840,1339 2885,1345 2930,1345 2975,1345 3020,1345 3064,1345 3109,1351 3154,1351 3199,1354 3243,1351 3288,1354 3333,1354 3378,1354 3422,1354 3467,1357 3512,1357 3557,1360 3601,1360 3646,1360 3691,1360 3736,1363 3781,1363 3825,1366 3870,1366 3915,1366 3960,1366 4004,1366 4049,1366 4094,1366 4139,1369 4157,1369"/>
                <TextEquiv>
                    <Unicode>mitgeteilt habe, besteht bezüglich der „Komödie</Unicode>
                </TextEquiv>
            </TextLine>
            <TextLine id="tr_1_tl_7" custom="readingOrder {index:6;}">
                <Coords points="2597,1396 2918,1400 2953,1422 3073,1420 3095,1435 3132,1416 3130,1376 3099,1390 3046,1349 3002,1363 2934,1341 2855,1359 2825,1345 2800,1359 2755,1343 2702,1359 2676,1345 2595,1351"/>
                <Baseline points="2608,1390 2638,1387 2682,1390 2727,1387 2772,1387 2817,1393 2861,1393 2906,1396 2951,1399 2996,1405 3040,1405 3040,1405 3052,1414 3097,1417 3137,1400"/>
                <TextEquiv>
                    <Unicode>der Verführung</Unicode>
                </TextEquiv>
            </TextLine>
            <TextLine id="tr_1_tl_8" custom="readingOrder {index:7;}">
                <Coords points="3126,1402 3783,1416 3911,1445 4050,1427 4050,1370 3124,1363"/>
                <Baseline points="3137,1400 3184,1402 3228,1402 3273,1405 3318,1405 3363,1405 3407,1408 3452,1408 3497,1408 3542,1408 3587,1408 3631,1411 3676,1411 3721,1408 3742,1417 3742,1417 3786,1417 3831,1420 3876,1423 3921,1420 3966,1417 4010,1417 4055,1420 4058,1417"/>
                <TextEquiv>
                    <Unicode>ein Optionsvertrag mit den</Unicode>
                </TextEquiv>
            </TextLine>
            <TextLine id="tr_1_tl_9" custom="readingOrder {index:8;}">
                <Coords points="2696,1443 2713,1441 2725,1449 2743,1449 2749,1443 2759,1449 2780,1449 2786,1439 2800,1447 2814,1447 2808,1398 2794,1400 2782,1392 2770,1398 2729,1394 2692,1400"/>
                <Baseline points="2703,1411 2727,1411 2772,1414 2818,1425"/>
                <TextEquiv>
                    <Unicode>G.H.F.P.</Unicode>
                </TextEquiv>
            </TextLine>
            <TextLine id="tr_1_tl_10" custom="readingOrder {index:9;}">
                <Coords points="2560,1455 2586,1459 2605,1447 2633,1453 2641,1445 2650,1451 2713,1447 2739,1469 2776,1463 2772,1412 2745,1422 2731,1412 2711,1416 2682,1394 2658,1398 2646,1392 2629,1402 2589,1394 2572,1404 2556,1400"/>
                <Baseline points="2572,1444 2578,1444 2623,1441 2667,1441 2714,1445 2714,1445 2751,1462 2781,1458"/>
                <TextEquiv>
                    <Unicode>nite</Unicode>
                </TextEquiv>
            </TextLine>
            <TextLine id="tr_1_tl_11" custom="readingOrder {index:10;}">
                <Coords points="2865,1479 4151,1484 4151,1437 4066,1418 3911,1451 3667,1410 2865,1400"/>
                <Baseline points="2876,1453 2921,1450 2960,1465 2966,1465 3011,1453 3055,1453 3100,1453 3145,1453 3190,1453 3234,1456 3279,1453 3324,1456 3369,1459 3413,1456 3458,1459 3503,1459 3548,1459 3593,1462 3637,1465 3682,1465 3727,1465 3772,1465 3816,1468 3861,1468 3906,1468 3951,1468 3995,1468 4040,1468 4085,1468 4130,1471 4157,1471"/>
                <TextEquiv>
                    <Unicode>ays, so dass ich augenblicklich leider</Unicode>
                </TextEquiv>
            </TextLine>
            <TextLine id="tr_1_tl_12" custom="readingOrder {index:11;}">
                <Coords points="2768,1479 2778,1479 2794,1467 2802,1467 2810,1475 2829,1467 2869,1475 2873,1402 2853,1400 2845,1394 2837,1402 2818,1406 2784,1437 2770,1437"/>
                <Baseline points="2781,1458 2787,1459 2832,1462 2876,1453"/>
                <TextEquiv>
                    <Unicode>PT</Unicode>
                </TextEquiv>
            </TextLine>
            <TextLine id="tr_1_tl_13" custom="readingOrder {index:12;}">
                <Coords points="2560,1502 4094,1540 4094,1486 3946,1469 3510,1498 3419,1455 2902,1486 2558,1453"/>
                <Baseline points="2572,1489 2617,1492 2661,1492 2706,1492 2751,1495 2796,1495 2840,1498 2885,1498 2930,1498 2975,1498 3020,1498 3064,1501 3109,1501 3154,1501 3199,1504 3243,1504 3288,1504 3333,1507 3378,1510 3422,1507 3467,1510 3512,1510 3557,1513 3601,1513 3646,1515 3691,1515 3736,1515 3781,1515 3825,1518 3870,1518 3915,1518 3960,1518 4004,1521 4049,1521 4094,1521 4097,1521"/>
                <TextEquiv>
                    <Unicode>noch nicht Trei darüber verfügen kann. An An</Unicode>
                </TextEquiv>
            </TextLine>
            <TextLine id="tr_1_tl_14" custom="readingOrder {index:13;}">
                <Coords points="2562,1547 4076,1583 4076,1530 3976,1520 2560,1500"/>
                <Baseline points="2572,1542 2617,1542 2661,1542 2706,1542 2751,1542 2796,1545 2840,1545 2885,1548 2930,1548 2975,1551 3020,1551 3064,1551 3109,1551 3154,1554 3199,1554 3243,1557 3288,1557 3333,1557 3378,1560 3422,1560 3467,1563 3512,1563 3557,1563 3601,1563 3646,1563 3691,1566 3736,1566 3781,1566 3825,1566 3870,1569 3915,1569 3960,1569 4004,1569 4049,1572 4082,1572"/>
                <TextEquiv>
                    <Unicode>fragen wird es ja niemals fehlen. In Betracht</Unicode>
                </TextEquiv>
            </TextLine>
            <TextLine id="tr_1_tl_15" custom="readingOrder {index:14;}">
                <Coords points="2560,1602 4005,1636 3956,1575 2560,1543"/>
                <Baseline points="2572,1593 2617,1593 2661,1596 2706,1596 2751,1596 2796,1596 2840,1599 2885,1599 2930,1602 2975,1602 3020,1605 3064,1605 3109,1608 3154,1608 3199,1608 3243,1611 3288,1611 3333,1611 3378,1614 3422,1617 3467,1617 3512,1617 3557,1617 3601,1617 3646,1620 3691,1617 3736,1620 3781,1620 3825,1620 3870,1620 3915,1620 3960,1620 4004,1623 4010,1626"/>
                <TextEquiv>
                    <Unicode>kommen natürlich nur Anträge, die irgendwie</Unicode>
                </TextEquiv>
            </TextLine>
            <TextLine id="tr_1_tl_16" custom="readingOrder {index:15;}">
                <Coords points="2550,1693 2591,1687 2656,1709 2702,1685 2761,1707 2788,1693 2837,1705 2900,1663 2985,1697 3036,1689 3034,1620 3004,1612 2888,1606 2849,1632 2823,1606 2768,1618 2725,1602 2548,1604"/>
                <Baseline points="2560,1647 2605,1647 2650,1647 2694,1647 2739,1647 2784,1650 2829,1650 2873,1650 2918,1653 2963,1653 3008,1659 3040,1662"/>
                <TextEquiv>
                    <Unicode>fundiert sind.</Unicode>
                </TextEquiv>
            </TextLine>
            <TextLine id="tr_1_tl_17" custom="readingOrder {index:16;}">
                <Coords points="2890,1760 4166,1803 4164,1693 4119,1683 3706,1681 3557,1728 2888,1713"/>
                <Baseline points="2900,1751 2945,1751 2990,1754 3034,1757 3079,1757 3124,1760 3169,1760 3214,1760 3258,1763 3303,1763 3348,1763 3393,1763 3437,1766 3482,1763 3527,1766 3572,1769 3616,1766 3661,1769 3706,1772 3751,1772 3795,1772 3840,1772 3885,1775 3930,1772 3974,1775 4019,1778 4064,1778 4109,1778 4154,1781 4171,1784"/>
                <TextEquiv>
                    <Unicode>Der Barnay'sche Vertrag über den „Rei</Unicode>
                </TextEquiv>
            </TextLine>
            <TextLine id="tr_1_tl_18" custom="readingOrder {index:17;}">
                <Coords points="2582,1819 4137,1854 4137,1801 4082,1785 2580,1744"/>
                <Baseline points="2593,1802 2638,1799 2682,1805 2727,1805 2772,1802 2817,1802 2861,1802 2906,1805 2951,1805 2996,1805 3040,1805 3085,1808 3130,1811 3175,1811 3219,1814 3264,1814 3309,1814 3354,1814 3399,1814 3443,1817 3488,1817 3533,1817 3578,1820 3622,1820 3667,1820 3712,1823 3757,1820 3801,1823 3846,1823 3891,1823 3936,1826 3980,1826 4025,1826 4070,1829 4115,1826 4142,1823"/>
                <TextEquiv>
                    <Unicode>gen besteht wohl nicht mehr da er die Garan-</Unicode>
                </TextEquiv>
            </TextLine>
            <TextLine id="tr_1_tl_19" custom="readingOrder {index:18;}">
                <Coords points="2576,1866 4084,1897 4082,1844 3919,1825 2576,1823"/>
                <Baseline points="2587,1850 2632,1850 2676,1853 2721,1853 2766,1853 2811,1853 2855,1856 2900,1856 2945,1859 2990,1859 3034,1859 3079,1859 3124,1862 3169,1862 3214,1865 3258,1865 3303,1865 3348,1865 3393,1868 3437,1871 3482,1871 3527,1871 3572,1871 3616,1871 3661,1871 3706,1877 3751,1874 3795,1877 3840,1877 3885,1877 3930,1877 3974,1880 4019,1880 4064,1883 4088,1883"/>
                <TextEquiv>
                    <Unicode>die, die schon avisiert war,nicht gewahlt hat.</Unicode>
                </TextEquiv>
            </TextLine>
            <TextLine id="tr_1_tl_20" custom="readingOrder {index:19;}">
                <Coords points="2582,1909 4131,1945 4101,1884 2580,1864"/>
                <Baseline points="2593,1903 2638,1900 2682,1900 2727,1903 2772,1903 2817,1903 2861,1906 2906,1909 2951,1909 2996,1909 3040,1909 3085,1909 3130,1909 3175,1912 3219,1915 3264,1915 3309,1915 3354,1918 3399,1918 3443,1918 3488,1921 3533,1921 3578,1921 3622,1921 3667,1921 3712,1921 3757,1924 3801,1924 3846,1924 3891,1927 3936,1930 3980,1930 4025,1930 4070,1930 4115,1933 4136,1933"/>
                <TextEquiv>
                    <Unicode>Immerhin glaube ich müsste man die Lösung des</Unicode>
                </TextEquiv>
            </TextLine>
            <TextLine id="tr_1_tl_21" custom="readingOrder {index:20;}">
                <Coords points="2584,1956 4082,1994 4082,1939 4023,1929 2582,1905"/>
                <Baseline points="2596,1948 2641,1951 2685,1951 2730,1954 2775,1954 2820,1954 2864,1957 2909,1957 2954,1960 2999,1960 3043,1960 3088,1960 3133,1963 3178,1966 3222,1966 3267,1966 3312,1966 3357,1969 3402,1969 3446,1972 3491,1975 3536,1975 3581,1975 3625,1975 3670,1975 3715,1975 3760,1975 3804,1975 3849,1975 3894,1978 3939,1981 3983,1981 4028,1981 4073,1975 4088,1972"/>
                <TextEquiv>
                    <Unicode>Vertrages ausdrücklich ihm gegenüber konsta¬</Unicode>
                </TextEquiv>
            </TextLine>
            <TextLine id="tr_1_tl_22" custom="readingOrder {index:21;}">
                <Coords points="2586,2051 2798,2055 2865,2011 3199,2031 3209,1970 3124,1980 3101,1960 3016,1982 2900,1960 2796,1978 2723,1958 2688,1978 2584,1958"/>
                <Baseline points="2596,2005 2641,2002 2685,2005 2730,2005 2775,2008 2820,2008 2864,2011 2909,2011 2954,2011 2999,2011 3043,2011 3088,2014 3133,2014 3178,2014 3214,2014"/>
                <TextEquiv>
                    <Unicode>tieren,nicht wahr?</Unicode>
                </TextEquiv>
            </TextLine>
            <TextLine id="tr_1_tl_23" custom="readingOrder {index:22;}">
                <Coords points="2916,2108 3580,2161 4086,2145 4084,2076 3840,2037 3516,2037 3405,2088 2914,2057"/>
                <Baseline points="2927,2109 2972,2109 3017,2112 3061,2112 3106,2115 3151,2115 3196,2115 3240,2121 3285,2121 3330,2124 3375,2124 3419,2127 3464,2127 3509,2133 3554,2136 3598,2136 3643,2133 3688,2130 3733,2130 3778,2127 3822,2127 3867,2130 3912,2130 3957,2130 4001,2130 4046,2133 4091,2130"/>
                <TextEquiv>
                    <Unicode>Von den Freiexemplaren,die ich auf</Unicode>
                </TextEquiv>
            </TextLine>
            <TextLine id="tr_1_tl_24" custom="readingOrder {index:23;}">
                <Coords points="2570,2159 4098,2202 4098,2147 3962,2133 3492,2159 2568,2100"/>
                <Baseline points="2581,2154 2626,2157 2670,2157 2715,2157 2760,2160 2805,2160 2849,2160 2894,2163 2939,2163 2984,2163 3028,2163 3073,2163 3118,2166 3163,2169 3208,2169 3252,2169 3297,2169 3342,2172 3387,2175 3431,2175 3476,2178 3521,2178 3566,2178 3610,2178 3655,2178 3700,2178 3745,2178 3789,2178 3834,2178 3879,2178 3924,2181 3969,2181 4013,2184 4058,2187 4103,2178"/>
                <TextEquiv>
                    <Unicode>notiert, sind einige noch nicht an ihre Adres</Unicode>
                </TextEquiv>
            </TextLine>
            <TextLine id="tr_1_tl_25" custom="readingOrder {index:24;}">
                <Coords points="2570,2214 4017,2241 4015,2198 3901,2186 2570,2159"/>
                <Baseline points="2581,2211 2626,2208 2670,2211 2715,2208 2760,2211 2805,2211 2849,2214 2894,2214 2939,2214 2984,2217 3028,2217 3073,2217 3118,2220 3163,2220 3208,2220 3252,2220 3297,2220 3342,2223 3387,2226 3431,2226 3476,2226 3521,2226 3566,2226 3610,2226 3655,2229 3700,2229 3745,2229 3789,2232 3834,2232 3879,2232 3924,2235 3969,2235 4013,2235 4022,2238"/>
                <TextEquiv>
                    <Unicode>se gelangt. So weiss ich z.B. bestimmt,dass</Unicode>
                </TextEquiv>
            </TextLine>
            <TextLine id="tr_1_tl_26" custom="readingOrder {index:25;}">
                <Coords points="2566,2271 4023,2298 4023,2241 2566,2210"/>
                <Baseline points="2578,2256 2623,2256 2667,2256 2712,2256 2757,2259 2802,2259 2846,2265 2891,2268 2936,2271 2981,2273 3026,2273 3070,2276 3115,2276 3160,2271 3205,2271 3249,2271 3294,2271 3339,2271 3384,2273 3428,2273 3473,2276 3518,2276 3563,2276 3607,2279 3652,2279 3697,2279 3742,2282 3786,2285 3831,2285 3876,2282 3921,2282 3966,2282 4010,2282 4028,2285"/>
                <TextEquiv>
                    <Unicode>Herr Leo Yaniung, Wien IX. Porzellangasse 45</Unicode>
                </TextEquiv>
            </TextLine>
            <TextLine id="tr_1_tl_27" custom="readingOrder {index:26;}">
                <Coords points="2570,2328 3842,2352 3840,2298 3787,2289 2570,2275"/>
                <Baseline points="2581,2312 2626,2309 2670,2309 2715,2312 2760,2312 2805,2312 2849,2312 2894,2315 2939,2315 2984,2315 3028,2315 3073,2318 3118,2321 3163,2321 3208,2321 3252,2321 3297,2324 3342,2324 3387,2324 3431,2327 3476,2327 3521,2327 3566,2330 3610,2330 3655,2330 3700,2333 3745,2333 3789,2330 3834,2336 3846,2333"/>
                <TextEquiv>
                    <Unicode>sein Exemplar noch nicht erhalten hat</Unicode>
                </TextEquiv>
            </TextLine>
            <TextLine id="tr_1_tl_28" custom="readingOrder {index:27;}">
                <Coords points="2916,2436 3903,2462 4064,2450 4064,2395 3958,2367 3775,2391 3561,2359 3474,2397 3415,2367 2914,2369"/>
                <Baseline points="2927,2414 2972,2417 3017,2417 3061,2420 3106,2420 3151,2423 3196,2423 3240,2426 3285,2426 3330,2426 3375,2429 3419,2429 3464,2429 3509,2429 3554,2432 3598,2432 3643,2432 3688,2432 3733,2435 3778,2435 3822,2435 3867,2438 3912,2438 3948,2435 3974,2435 4019,2435 4064,2435 4067,2435"/>
                <TextEquiv>
                    <Unicode>Von How &amp; Raggio will ich noch ei-</Unicode>
                </TextEquiv>
            </TextLine>
            <TextLine id="tr_1_tl_29" custom="readingOrder {index:28;}">
                <Coords points="2560,2462 4076,2507 4074,2448 4029,2444 2560,2434"/>
                <Baseline points="2572,2461 2617,2461 2661,2461 2706,2461 2751,2464 2796,2464 2840,2464 2885,2467 2930,2467 2975,2467 3020,2467 3064,2470 3109,2470 3154,2470 3199,2473 3243,2473 3288,2473 3333,2476 3378,2476 3422,2476 3467,2476 3512,2479 3557,2482 3601,2482 3646,2482 3691,2482 3736,2485 3781,2482 3825,2485 3870,2485 3915,2488 3951,2491 3972,2491 3989,2491 4034,2488 4079,2488"/>
                <TextEquiv>
                    <Unicode>ne Antwort abwarten und dann gerne Ihnen die</Unicode>
                </TextEquiv>
            </TextLine>
            <TextLine id="tr_1_tl_30" custom="readingOrder {index:29;}">
                <Coords points="2554,2523 3116,2536 3272,2578 3928,2550 3928,2503 3840,2489 3575,2513 2552,2460"/>
                <Baseline points="2566,2521 2611,2515 2655,2515 2700,2515 2745,2518 2790,2521 2835,2521 2879,2521 2924,2518 2969,2521 3014,2521 3058,2521 3103,2524 3148,2524 3193,2527 3237,2527 3282,2530 3327,2530 3372,2530 3416,2533 3461,2533 3506,2536 3551,2536 3596,2536 3640,2533 3685,2536 3730,2536 3775,2536 3819,2536 3864,2536 3909,2542 3933,2545"/>
                <TextEquiv>
                    <Unicode>Sache zur weiteren Behandlung übergeben.</Unicode>
                </TextEquiv>
            </TextLine>
            <TextLine id="tr_1_tl_31" custom="readingOrder {index:30;}">
                <Coords points="2993,2676 3219,2662 3282,2629 3405,2658 3460,2637 3883,2656 3881,2584 2991,2556"/>
                <Baseline points="3002,2623 3046,2623 3091,2623 3136,2626 3181,2626 3225,2629 3270,2629 3315,2629 3360,2629 3405,2629 3449,2629 3494,2632 3539,2632 3584,2635 3628,2638 3673,2638 3718,2638 3763,2638 3807,2638 3852,2638 3885,2638"/>
                <TextEquiv>
                    <Unicode>Mit verbindlichen Grüssen</Unicode>
                </TextEquiv>
            </TextLine>
            <TextLine id="tr_1_tl_32" custom="readingOrder {index:31;}">
                <Coords points="3276,2705 3376,2705 3419,2684 3533,2723 3575,2698 3637,2727 3907,2709 3905,2658 3862,2650 3630,2656 3460,2637 3394,2656 3370,2635 3274,2627"/>
                <Baseline points="3285,2685 3330,2682 3375,2682 3419,2682 3464,2682 3509,2685 3554,2685 3598,2688 3643,2691 3688,2691 3733,2691 3778,2691 3822,2691 3867,2691 3912,2694"/>
                <TextEquiv>
                    <Unicode>Ihr sehr ergebener</Unicode>
                </TextEquiv>
            </TextLine>
            <TextLine id="tr_1_tl_33" custom="readingOrder {index:32;}">
                <Coords points="2544,2939 2570,2928 2613,2945 2690,2926 2709,2941 2745,2926 2810,2945 2833,2930 2849,2947 2910,2932 2993,2947 3032,2937 3032,2882 3000,2877 2930,2896 2890,2873 2831,2882 2770,2867 2662,2892 2582,2857 2544,2877"/>
                <Baseline points="2554,2924 2599,2924 2644,2924 2688,2924 2733,2927 2778,2924 2823,2924 2867,2927 2912,2927 2957,2927 3002,2930 3037,2933"/>
                <TextEquiv>
                    <Unicode>Herrn Dr. Maril</Unicode>
                </TextEquiv>
            </TextLine>
            <TextLine id="tr_1_tl_34" custom="readingOrder {index:33;}">
                <Coords points="2558,2983 2717,2983 2837,3020 2979,2989 3030,3024 3138,3014 3136,2949 3091,2941 2991,2949 2908,2932 2865,2947 2831,2930 2806,2945 2745,2926 2715,2943 2688,2926 2601,2945 2556,2928"/>
                <Baseline points="2569,2981 2614,2975 2658,2975 2703,2978 2748,2981 2793,2981 2838,2981 2882,2981 2927,2981 2972,2984 3017,2987 3061,2990 3106,2993 3142,2993"/>
                <TextEquiv>
                    <Unicode>S. Fischer, Verlag,</Unicode>
                </TextEquiv>
            </TextLine>
            <TextLine id="tr_1_tl_35" custom="readingOrder {index:34;}">
                <Coords points="2554,3071 2605,3073 2696,3036 2729,3057 2747,3046 2759,3055 2782,3038 2796,3042 2794,2989 2770,2983 2749,2998 2723,2983 2705,2991 2674,2979 2660,2979 2646,2993 2629,2979 2609,2989 2552,2985"/>
                <Baseline points="2563,3028 2608,3028 2652,3028 2697,3028 2742,3031 2787,3037 2802,3037"/>
                <TextEquiv>
                    <Unicode>Berlin.</Unicode>
                </TextEquiv>
            </TextLine>
        </TextRegion>
    </Page>
</PcGts>
