4443 3960
493 1057 1970 1203 erscheinen. Was xx in dieser Hinsicht verab-
969 1040 1087 1130 wir
493 1132 1910 1292 redet haben sie hoffentlich in Vormerkung
491 1242 818 1345 genommen
704 1264 1918 1395 Es ist ganz selbstverständlich, dass
1023 1324 1825 1432 ky weder nach der einen
500 1365 1905 1503 noch nach der anderen Richtung irgend et-
491 1363 969 1468 Sie mit Parno
512 1419 1989 1559 was unternehmen sollen. Der „Weiher eignet
506 1466 1965 1610 sich meiner Meinung nach für keines seiner
508 1522 1896 1656 Thater,wir wollen ruhig abwarten von wo
523 1582 1924 1707 zuerst nach Erscheinen des Buches ein Wi-
508 1684 999 1797 derhall kommt.
906 1698 2006 1834 i kömmt für die „Schwestern“ gar
719 1791 1914 1896 in Betracht, denn ich glaube es zum
719 1770 837 1873 Mo!
706 1832 1963 1952 d Teil seinem Widerstand zu verdanken,
515 1838 695 1916 nicht
523 1884 1942 2009 dass das Stück bei Reinhardt,wo schon die
564 1897 715 1974 Pose
525 1927 2004 2073 ersten Proben stattgefunden haben, nicht zur
532 1991 1952 2125 Aufführung gekommen ist. Ich möchte über¬
532 2032 1946 2181 haupt in keiner Weise mit Moissi in sozu-
530 2071 2032 2232 sagen geschäftlich -literarische verhandlun-
549 2135 1953 2280 gen treten, da ich ihn bei aller Schätzung
547 2178 2034 2325 seiner hohen Künstlerschaft, weder für über-
538 2226 2021 2372 mässig klug noch für sehr aufrichtig halte.
543 2288 1912 2431 und als künstlerischer Beurteiler kommt
543 2346 1765 2488 er natürlich gar nicht in Betracht.
867 2450 1574 2590 Mit herzlichem Gruss
1038 2538 1158 2639 Ihr
566 2717 1309 2835 Herrn Dr. Karl Maril,
577 2788 1162 2906 s.Fischer,verlag,
564 2870 824 2960 Berlin.
2316 769 2773 904 d'une
2768 702 3369 902 Fischer
3490 794 3888 926 21.12.1925.
3014 876 3444 967 nmmmeWmme
2601 992 3276 1124 Lieber Herr Doktor.
2943 1137 3855 1244 Meine Erfahrungen mit Ital
2609 1195 4062 1307 sind bisher so trüb, dass ich schliesslich
2603 1261 4090 1361 nicht viel damit riskiere, wenn ich mich da-
2607 1311 4038 1421 mit einverstanden erklärte mich vorläufig
2614 1374 4032 1453 zumindest für die pauer eines Jahr in den
2614 1419 3939 1511 Schutz des Generalvertrages zu stellen,
3838 1460 4028 1546 a ab —
2616 1468 3851 1569 den Sie mit dem Freiherrn von Ompted
2620 1526 4107 1617 zuschliessen gedenken. Die Frage ist nur in-
2609 1563 4032 1664 mer,was hat zu se schehen, wenn während der
2607 1625 3967 1727 Dauer dieses Generalvertrages plötzlich
2618 1632 4069 1774 irgend sin Antrag von irgend einer italie-
2618 1729 4039 1821 nischen Direktion an mich gelangt,die von
2620 1782 4038 1875 einer Verbindung mit Ompteda oder mit Fi-
2624 1819 4010 1918 scher nichts wissen will. Beinahe in all
2618 1884 4008 1966 den wällen, in denen ich Bewerber des Aus¬
2620 1901 4122 2015 lands (auch ohne vertraglich dazu verpflich-
2624 1983 4008 2077 tet zu sein an den Verlag S.Fischer ver-
2618 2011 4073 2120 wies ist nichts weiteres erfolgt. Comit ich
3892 2069 4094 2133 gefah-
2646 2082 3855 2176 a nicht sagen will, dass ich besser
2631 2114 4101 2220 ren wäre, wenn ich die Angelegenheit persön-
2727 2172 4047 2276 h weitergeführt hätte. Im übrigen lag
2639 2217 4008 2308 Te Tantiemenaufstellung, von der Sie in
2626 2247 4073 2359 Ihrem Briefe schreiben, nicht bei. Natürlich
2620 2325 4101 2418 sind alle italienischen Verträge längst wie
2620 2375 4101 2463 der nichtig geworden,umso mehr als wir bei-
2628 2422 4041 2510 nahe niemals einen Heller aus Italien er-
2624 2452 4079 2568 halten haben und überhaupt nur wenige Auf-
2628 2527 4079 2620 führungen stattfanden. Im Lauf des letzten
2628 2566 4127 2669 Jahres habe ich einige Lire für Aufführungen
2628 2635 4060 2723 des „Anatgl“, sowie der „Gefährtin erhal-
2635 2684 4079 2766 ten. (Nach Mahnung). Aller gesetzlicher Or-
2629 2727 4015 2822 heber-Rechtsschutz wird natürlich keinen
2628 2755 4114 2882 wirklichen Wert haben, ehe das geistige Eiö-
2657 2831 3972 2925 gentum nicht durch ein internationales
2629 2861 4123 2971 Gesetz in allen Ländern dem materiellen Ei-
2631 2945 4090 3059 gentum gle ichgestellt wird und das stehlen
