4402 3977
2346 681 2977 876 Fischer, Verlag
3457 759 3829 885 17.1.1927.
2580 994 3086 1113 Lieber Freund.
2852 1115 4080 1228 Ich übersende hiemit die Liste der
2586 1193 4014 1278 Adressen für.Der Coist im Worf etc. Allen
2588 1214 4168 1339 Exemplaren bitte Ich die Karte „Im Auftrag des
2586 1296 4148 1397 Autors beilegen zu lassen. Bei einigen Namen
2588 1344 4164 1446 fehlen die Adressen, da sie mir unbekannt sind:
2588 1399 4144 1488 Leo Greiner, Kurt Münzer, Fpraim Frisch,Doris
2586 1455 4070 1535 Wittner, Arnold Zweig. Man wird sie beilhnen
2588 1518 3356 1632 leichtbeifügen können.
2926 1553 4121 1679 2. Wie ich  schon mündlich be-
2574 1638 4136 1786 merkte, über die Diogramme Viktor Zucker-
2837 1732 3037 1802 dürfte
2572 1726 3938 1881 kandl Verständnisvolles zu sagen haben.
2967 1839 4216 1948 3. Ich habe natürlich nichts dagegen
2580 1903 4105 1998 dass die „Dreifache Warnung in dem deut sahan
2590 1961 4088 2064 Lesebuch der University IJilførnia veröffen
2582 1992 4150 2127 licht werde.-Sie ist schon in einigen amerika
2588 2053 4243 2148 schen Sammelbüchern englisch gedruckt. Jedenfall
2586 2132 4136 2220 wäre ein Honorar (50-100 Dollars) zu fordern.
2634 2162 4039 2259 (Vor wenigen Tagen erst wurde mir für den
2580 2197 4115 2323 Nachdruck xxx des „Geronimo in einer schwedi¬
2613 2274 4080 2358 so hen Schulausgabe für per Auflage von Tau
2586 2323 3899 2432 send je 50 schwedische Kronen geboten.
2971 2381 4218 2512 4. Könnte ich bald die Korrekturbogen
2601 2471 4035 2580 (eventuell gleich umbrochen) von.Spiel im
2601 2533 3391 2654 Morgengrauen erhalten?
3004 2588 4150 2718 5. Bleiben Sie weiter prinzipiell
2601 2660 4193 2778 geneigt.Fräulein Else und.Frau des Richters'
2627 2736 4086 2808 wenn ich diese Novellen von den bisherigen
2599 2763 4154 2870 Verlegern frei bekäme, in Ihren eigenen Verlag
2599 2850 3084 2932 zu übernehmen.
2983 2889 4197 3043 6. Beiliegend eine Liste der von mir
