4469 3992
577 1175 779 1281 läge.
796 1283 1555 1432 Mit herzlichem Grusse
1060 1378 1177 1451 Ihr
720 2941 1517 3094 Herrn s.Fisch em.Verlag.
3524 885 3887 990 24.4.1924.
2427 895 2905 1026 Fischer
2791 1011 2955 1087 G.C.H.P.P
2739 1079 3227 1197 Lieber Freund.
2949 1251 4165 1333 Ich nehme zur Kenntnis, dass Sie mir
2736 1319 4190 1384 vom Ladenpreis des broschierten Exemplares
2783 1369 4261 1443 Og Tantiems zu zahlen bereit sind. In Ihrem
2739 1414 4261 1485 Prief vom 3.4. ersuchen Sie mich ihnen mein
2736 1475 4266 1531 neues Stück.doch noch Ihrem Verlag zu über-
2730 1527 4156 1611 geben und zwar zu den Bedingungen, die ich
2730 1574 4139 1670 von jener anderen Seite bekame. Ich bin
2722 1632 3924 1708 so schlossen Sie, „zu allem bereit
3425 1677 3886 1740 m m m m
2972 1723 4154 1793 Darauf erklärte ich Ihnen, dass ich
2728 1770 4186 1847 von Ihnen keineswegs die gleichen Bedingung
2734 1830 4213 1917 gen forderte. Ich wünschte keine Vorauszah-
2722 1887 4181 1946 lung in gleicher Höhe, wie jener Verlag sie
2722 1936 4179 1999 anbot,sondern nur 20/ige Beteiligung nicht
2713 1993 4230 2050 nur vom broschierten, sondern auch vom gebun¬
2724 2035 4228 2119 denen Exemplar.- wie gleichfalls jener an¬
2715 2083 4213 2170 dere Verlag mir anbot. Trotzdem Sie sich am
2715 2142 4133 2206 3.4. zu allem bereit " erklärten und mir
2715 2193 4110 2260 die gleichen Bedingungen gewähren wollen
2715 2231 4238 2304 als jener andere Verlag,ziehen Sie diese Be-
2715 2294 4127 2363 reitwilligkeit in Ihrem Schreiben vom 15.
2717 2347 4034 2408 April wieder zurück. Um die Diskussion
2707 2385 4106 2465 endlich abzuschliessen und Ihnen meiner
2715 2433 4213 2513 seits neuerdings meine Bereitwilligkeit zu
2713 2494 4139 2564 beweisen, ziehe ichohne jede Präjudiz auch
2701 2543 4203 2637 meine Forderung nach Beteiligung am parzem-
2707 2595 4224 2669 kusttaux Badenpreis des gebundenen Exemplars
2711 2658 4167 2709 zurück, halte es nun aber für umso selbst-
2711 2696 4133 2778 verständlicher, dass meine 20%ige Tantieme
2705 2747 4160 2827 nicht nur für dieses neue Buch, sondern nun
2703 2810 4160 2884 ein für alle val hinsichtlich aller meiner
2707 2846 4139 2924 bei Ihnen erschienenen und erscheinenden
2707 2905 4125 2979 Bücher in Geltung tritt. Ich bitte Sie um
2698 2958 4104 3046 rasche Antwort, das Manuscript könnte ich
2701 2998 3853 3116 Ihnen dann unverzüglich achicken.
