4472 3961
1547 850 1673 952 G.C.F.P.
781 886 2035 1045 Im vorigen Jahr korrespondierten wir
544 980 1961 1101 einmal im Zusammenhang mit dem Weihergang
552 1039 2005 1159 über Saltenburg. Von dieser Seite haben sie
550 1121 1398 1243 wohl nichts mehr gehört?
787 1191 1495 1312 Mit herzlichem Gruss
793 1270 1253 1384 Ihr ergebener
631 2662 1410 2800 Herrn Dr.Konrad Maril,
637 2754 1223 2860 S.Fischer,Verlag,
629 2824 892 2915 Berlin.
2334 765 2953 868 lischer Verlas
2830 844 2957 946 P
3246 826 3722 968 7.11.1927.
3001 852 3132 976 G.F.P.
2577 1028 3104 1127 Lieber Freund.
2840 1125 4003 1243 Entschuldigen Siek, dass ich Ihren
2579 1171 4112 1300 Brief vom 24.v.M. erst heute beantworte. Ich
2611 1253 4078 1346 habe Zsolnay sofort von Ihrer Absicht den
2575 1294 4044 1394 Ergänzungsband herauszugeben,Mitteilung ge
2579 1324 4196 1454 macht unter Hinweis auf den vertragsparagraphen
3298 1396 4124 1480 1928 die Aufnahme „Fräu-
2585 1426 3320 1535 der mir vom 1. Januar
3927 1440 4070 1505 ASLt.
2903 1440 3935 1561 in die Gesammelten Werke ges¬
3927 1452 4172 1549 3 3/4.
2591 1517 4066 1615 Er hat die Sache einfach zur Kenntnis genom-
2615 1488 2907 1579 ein Else
2591 1551 4011 1659 man (ich habe ihn seither geschxx gesell-
2585 1581 4078 1715 schaftlich gesehen), über den Ergänzungsland
2591 1627 4144 1752 wurde gar nicht gesprochen, er kann natürlich
2593 1703 4106 1808 nicht das Geringste dagegen haben. Ihn über-
2591 1746 4124 1858 dies noch darauf hinzuweisen, dass der Ergän
2605 1802 4146 1904 zungsband auch einzin verkauft wird, schien
2589 1846 4142 1961 mir vollkommen überflüssig. Es ist nun einmal
2591 1886 4184 2003 ein Band der Gesamelten Werke und niemand kann
2591 1955 4166 2057 den Verleger hindern Ergänzungsbände auch ein-
2599 2005 4118 2113 zeln zu verkaufen. Von einer Schädigung kann
2603 2055 4124 2149 umso weniger die Rede sein als ja von „Fräu¬
2605 2103 4048 2204 lein Else seit ungefähr einem Jahre keine
2599 2125 4122 2258 neue Auflage erschienen ist. Vor Weihnachten
2595 2204 4090 2302 aber hättens Sie nach dem Wortlaut naehedem
2609 2240 4126 2362 Vertrag mit Zsolnay doch nicht herausbringen
2603 2302 4074 2421 dürfen. (Uebrigens würde er sicher nichts
2607 2362 4018 2483 gegen haben wenn Sie wollen frage ich ihn
2605 2413 4054 2523 Talls noch Zeit zu der früheren Herausgabe
2603 2503 2776 2581 ist.
2905 2511 4166 2648 Ich danke Ihnen für Ihr freundliches
2597 2609 4030 2732 Entgegenkommen was die Honorierung des Ro-
2623 2668 4162 2762 anbelangt. Von ullsteins erwarte ich noch wä¬
2609 2708 4180 2820 here Mitteilung. Ich glaube ja nicht, dass sich
2605 2756 4134 2885 der Roman für die „Illustrierte“ signet; es
2623 2806 4212 2905 liegen mir auch sehr gute Anträge von anderen
2623 2860 4174 2965 Zeitungsverlagen vor. Wie viel Exemplare von
2621 2925 4042 3061 dem Novellenergänzungsband Sie honorieren
