4335 4007
1348 294 1434 380 "
2193 1021 2613 1177 uscher
2073 1073 2159 1187 G.C.
3150 1099 3532 1214 12.1.1924.
2413 1145 2697 1258 0
2401 1280 2918 1398 Lieber Freund.
2695 1402 3855 1508 Ihr Brief vom 29. Dezember wollte
2345 1418 3811 1546 ich nur nach reiflicher Erwägung beantwor-
2383 1512 3813 1616 ten,daher die verspätete Antwort. Er hat
2333 1550 3883 1654 mich einigermassen befremdet. Wir stehen ei-
2341 1620 3909 1696 gentlich heute genau dort,wo wir etwa vor ei-
2339 1676 3939 1764 nem Vierteljahr gestanden sind. Es macht immer
2333 1716 3937 1804 noch den mindruck, als wollten Sie die Nachzah-
2479 1768 2681 1824 der V
2411 1770 2822 1858 g. P. Salut
2812 1792 3903 1878 en, die sie doch schon ganz bin¬
2333 1812 3877 1914 dend zugesagt hatten, von der Erfüllunggewis-
2327 1878 3897 1980 ser Bedingungen,vor allem von der Anerkennung
2327 1932 3901 2021 eines zwischen uns bestehenden Rechtsverhält-
2325 1978 3865 2071 nisses abhängig machen, das ich ja als Ganzes
2327 2027 3899 2117 nicht anzweifle, das mir aber vielfach von al-
2321 2073 3895 2199 len seiten her und zwar ausschliesslich durch
2319 2125 3853 2227 Ihr Verhalten angenagt erscheint. Ich möchte
2323 2189 3933 2289 vor aller nochmals betonen, dass es sich bei den
2319 2223 3825 2337 Valutenna chzahlungen keinsasags um ine Gefä¬
2309 2277 3807 2391 ligkeit Ihrerseits handelt, sondern dass Sie
2417 2337 3891 2425 u absolut verpflichtet sind. Wäre der per-
2315 2395 3919 2491 zentuelle Gesamtertrag / aus dem verkauf meiner
2021 2391 2227 2513 in 1.
2341 2439 3909 2543 Bücher im In-und Ausland zusammen tatsächlich
2337 2487 3903 2613 mit den nicht ganz 1000 Goldmark ausgedrückt,
2027 2487 2257 2585 Nelbjahr
2307 2535 3835 2651 die ich vom verlag Fischer erhal ten habe, so
2333 2593 3845 2677 müsste doch über Valutennachzahlungen übr-
2329 2653 3835 2741 haupt nicht gesprochen werden; ich wünsche
2331 2701 3867 2799 ja keine Ceschanke von Ihnen, sondern die Er¬
2327 2765 3805 2850 gänzung des nir gebhrenden Honorars in den
2333 2810 3801 2926 dem tatsächlichen Verhältnissen wenigstens
2325 2854 3825 2948 annähernd entsprechenden Masse. Um hier ein
2327 2908 3891 3018 klares Bild zu haben wünschte ich ja auch die
2339 2956 3873 3060 genaue Aufstellung kixxisklick der naten, an
2335 3008 3791 3124 denen die fremden Valuten für meine Bücher
2327 3052 3903 3174 bei Ihnen eingelangt sind und den zurs, zu dem
2331 3106 3837 3206 sie mir in Mark umgerechnet wurden. So sehr
2337 3156 3825 3282 ich bedauere Jhrer überlasteten Buchhaltung
2337 3218 3769 3368 diese Arbeit zu verursachen,- es ist nicht
