4404 3993
705 1049 1920 1171 Ich bin ganz einverstanden,dass Sie
380 1135 1928 1239 mir diesmal das Guthaben von der Theaterab-
398 1195 1868 1278 rechnung 1496 Goldmark in österreichischen
404 1253 1900 1332 Kronen an die Bodenkreditanstalt überweisen
398 1304 1936 1384 Wie kommt es aber nur, dass Sie Schwierigkei-
398 1346 1948 1436 ten mit der Zahlung in Markwährung an Auslän-
404 1402 1868 1497 der haben? In der letzten Zeit erhielt ich
400 1448 1967 1539 sowohl vom Deutschen Thater als von den Rot-
406 1478 2021 1585 ters Ueberweisungen an die Bank für Auswärtigen
410 1547 1770 1671 wandel zu je tausend soldmark ohne jede
400 1613 896 1695 Schwierigkeit.
751 1689 1940 1778 Was die Vorauszahlung für das neue
410 1744 1975 1848 Stück anbelangte, so möchte ich sie wenigstens
410 1814 1846 1920 zum Teil in schweizer Francs erhalten. Es
406 1866 1149 1987 hat damit keine File.
761 1942 1908 2061 Cegen den niedern Perzentsatz bei
713 2019 1922 2091 farlan und „Griechischer“ Tänzerin
416 2029 721 2109 Bertha
412 2047 1953 2143 will ich weiter nichts einwenden. Zu erwägen
418 2111 1930 2208 gebe ich aber jedesfalls, ob man nicht, wenig¬
410 2169 1900 2256 stens die „Bertha Garlau auch in einerbes-
412 2216 1874 2302 seren Ausgabe erscheinen lassen könnte. Wir
416 2272 1826 2356 korrespondierten auch seinerzeit überein
412 2320 1820 2413 Erscheinen des „Weg ins Freie“ innerhalb
416 2362 2017 2447 einer neuen Romanraiha. (Ich erhalte wohl bald
416 2421 2021 2547 wieder eine Abrechnung über den Bücherverkauf.
761 2489 2061 2603 Gern erfahre ich, dass das Washington
418 2585 1965 2674 Geld endlich freigegeben wurde. Ich bitte Sie
422 2633 1860 2720 die summek,die auf mich entfällt, auf mein
418 2664 1957 2784 amerikanisches Konto freundlichst überweisen
422 2726 1683 2860 zu lassen (Ladenburg,Thalmann & Co).
729 2808 1866 2913 Ein Herr Dr. Max Schumann gibt im
452 2875 2037 2971 verlag Josef Singer, Leipzig, ein Oesterreicher
450 2923 2009 3037 buch heraus, bittet mich um Erlaubniszum Nach
462 2981 1892 3077 druck einer meiner Novellen, wofür ich die
488 3019 1959 3138 Fremde" aus dem „Dämmerseelen“ in Betracht
466 3091 1904 3184 zöge. Ebenso bereitet der Verlag Ullstein
466 3138 1894 3228 eine Wohlfeile Novellenbibliothek vor und
456 3156 2033 3294 bittet mich ihm eine meiner Novellen zu über-
3815 787 4134 970 3 18/4
2477 948 3947 1083 lassen. Ich ersuche Sie in jedem Fall mich
2519 1045 3927 1149 Ihre grundsätzliche stellungnahme wissen
2513 1121 2866 1211 zu lassen.
2889 1165 3606 1294 Mit herzlichem Gruss
3146 1257 3252 1326 Ihr
2862 2477 3395 2589 Fischer,verlag,
2557 2487 2814 2577 Herrn
2557 2553 2810 2656 perlin.
