4393 3993
2068 276 2436 385 1/4
3515 728 3960 888 Berlin
3808 863 3966 938 au moins de nouvelleur ses
2135 854 2565 979 Si se très
3091 875 3476 977 15.9.1926.
2326 962 2440 1031 a lʼadresse
2436 1162 2925 1266 Lieber Freund.
2669 1281 3850 1374 Mein Telegramm, in dem ich erklärte
3677 1316 3948 1407 or Geist
3474 1330 3686 1422 kays ope
2939 1349 3426 1420 Truck meines Es
2393 1368 2950 1459 von einem Vorabd
2939 1399 3043 1453 Il y a dit
2328 1382 3746 1503 im Wort etc. endgültig abzusehen,haben S
2328 1436 3881 1545 wohl erhalten. Ich bitte Sie also mir baldmög
2426 1476 2565 1524 En lisant
2328 1493 3871 1607 lichst einen Fahnenabzug (breitrandig und die
2337 1528 4008 1651 einzelnen Fahnen nicht gar zu lang) in 6 Exempla-
2334 1590 3927 1696 ron, am besten das Ganze auf einmal, zusenden zu
2339 1640 3790 1757 lassen. Ich denke, dass ich die Korrektur in
2343 1665 3958 1831 8-14 Tagen erledigen kann. Es werden vielleicht
2343 1765 3316 1881 einige Fussnoten dazukommen.
2709 1827 3866 1942 Die Diogramme selbst wünschte ich
2351 1892 3925 2014 auf ein stärkeres, kartonartiges Papier einsei-
2349 1958 3842 2048 tig gedruckt und In die Broschüre so einge-
2349 1998 3939 2116 klebt, dass man sie zu Vergleichszwocken neben-
2347 2087 2804 2193 einander hat.
2734 2102 3935 2237 Vielleicht würde sich empfehlen die
2343 2189 3991 2309 kleine Arbeit nicht sowohl broschiert als gebun-
2355 2243 3939 2349 den, sondern gleichmässig als weichkartoniertes
2349 2299 3860 2403 Bändchen herauszugeben. Der von Ihnen vorge-
2349 2349 3769 2486 schlagene Druck scheint mir entsprechend.
2727 2422 3983 2546 An Kial habe ich wegen des „Gang zum
2357 2488 3948 2598 Waihac eben selbst geschrieben.Da wir vorläuf!
2364 2546 3921 2659 für die weibliche Hauptrolle des neuen Stücks
2364 2594 3877 2713 die geeignete Darstellerin noch nicht haben,
2364 2646 3954 2754 steht kain Termin fest, doch kann sich das ver-
2361 2702 3929 2825 hältnismässig bald ändern. Keinesfalls hat es
2372 2752 3931 2856 unter diesen Umständen viel Wert irgend einer
2366 2813 3833 2914 Bühne jetzt schon die gleichzeitige Urauf-
2372 2850 3906 2968 führung mit dem Burgtheater zu gestatten; man
2370 2889 3939 3033 steht in solchen Fällen bei einer plötzlichen
