4484 3976
2362 710 2480 776 G. A.
2424 742 2857 850 Fischer
2733 830 2817 902 que les
844 804 1117 922 sgl. 21.8
3669 826 4062 942 13.12.1924.
3567 944 3745 1021 G.C.F.P.
3585 994 3799 1071 G.C.H.F.P.H
2570 1013 3439 1135 Verehrte ster Herr Doktor,
3515 1045 3870 1127 G.J.A.S.
2917 1169 4172 1277 Wegen meiner Gesamtausgabe habe ich
2564 1219 4062 1321 in Amerika keinerlei Abmachungen getroffen.
2568 1301 4176 1365 Selbstverständlich hätte ich den Verlag Fischer
2570 1357 4056 1426 sofort verständigt. Meinen Standpunkt in der
2570 1408 4062 1482 ganzen Frage habe ich schon in einer Anzahl
2568 1462 4170 1534 von Briefen an den Verlag niedergelegt „Es würde
2564 1520 4090 1574 sich immer darum handeln, dass beide feile in
2562 1568 4096 1624 gleichem Masse verpflichtet wären. Geschreibt
2556 1602 4128 1684 man sich für sein Gesammtwerk einem betimmten
2562 1664 4014 1720 Verlag,so muss dieser Verlag natürlich die
2562 1704 4156 1788 verpflichtung auf sich nehmen auch tatsächlich
2556 1770 4012 1827 alles herauszubringen,was der Autor selbst
2558 1819 4114 1883 zur gerausgabe vorschlägt,muss bestimmte Ter-
2550 1863 4044 1929 mine für das Erscheinen der einzelnen Bände
2570 1911 4112 1993 vertraglich mit Konventionalstrafe
2318 1893 2528 2005 [Garantie]
2558 1965 4006 2033 bei Nichteinhaltung bestimmen u. s. w.u.s.w.
2354 1989 2510 2051 toblen
2552 2015 4006 2073 Ich habe jetzt auch Gelegenheit über diese
2552 2063 4014 2125 Sache hier mit dem Ihnen bekannten und mit
2558 2111 4050 2185 Ihrem Verlag innächster Beziehung stehenden
2552 2167 4074 2232 Prof. Lewisohn zu sprechen und so wäre es mir
2588 2208 4150 2286 doppolt angenehm,wenn Sie mir bald sagen woll-
2558 2270 3974 2332 ten um welchen Verleger es sich in diesem
2550 2328 3976 2394 neuen Falle handelt, Sie können überzeugt
2550 2368 4142 2444 sein, dass ich keinerlei selbständige Verbindung
2552 2422 4064 2486 nach dieser Richtung hin suchen werde. Meine
2544 2470 4066 2532 Privatansicht ist, dass die Zeit für eine Ge-
2546 2522 3994 2590 gammtausgabe meiner Werke in Amerika heute
2540 2584 4068 2643 noch nicht gekommen ist. Im übrigen sind die
2538 2619 4146 2713 meisten meiner Werke für Amerika frei, weil die
2544 2687 4096 2747 überseitux Uebersetzungen zum grösseren
2538 2733 4132 2811 Teil ohne Autorisation erschienen sind, dort, wo
2546 2793 4068 2859 autorisiert wurden keine Zahlung erfolgte und
2298 2801 2468 2887 # Nachfic
2576 2849 4108 2927 eine Anzahl von Autorisationen überdies abge¬
2544 2881 3962 2957 laufen ist. In Ihrer Liste resp. in meiner
2546 2943 4068 3022 Ihnen vor 2 oder 3 Jahren zugesandten finden
2544 2985 3597 3086 Sie all das genau verzeichnet.
