4398 3976
422 916 1730 1019 det - vielleicht auf Ihre Anregung.Ich
418 992 1848 1074 schreibe nun direkt an Herrn Neff und bit-
425 1055 1913 1152 te sich in dieser Angelegenheit nicht weiter
410 1089 801 1167 zu bemühen.
713 1146 1787 1291 Meine telegraphische Anfrage, ob
410 1202 1797 1326 eine zweite Auflage des Oktoberhefts der
416 1291 1852 1377 Neuen Pundschau erschienen sei, war dadurch
416 1341 1822 1442 begründet, dass gerade erst in der letzten
410 1412 1803 1469 Zeit das Oktoberheft „in Stössen“,wie mir
406 1440 1856 1520 Interessenten mitteilten,bei hiesigen Buch
397 1490 1846 1570 händlern aufgetaucht sei. Ihre freundliche
397 1541 1854 1639 Aufklärung ist für mich und Zsolnay natür-
404 1593 1772 1686 lich sehr beruhigend und ich danke Ihnen
395 1642 681 1736 bestens.
694 1717 1759 1835 Was die Anfrage der Schauspiel-
395 1782 1784 1885 schule betreffs „Agatols Hochzeitsmorgen“
387 1846 1866 1930 anlangt, so bitte Ich nach Berliner Usancen
389 1913 1780 1969 zu verfügen;wenn die Aufführungen öffent-
383 1955 1804 2039 lich und gegen Bezahlung sind,wird in den
383 1991 1766 2083 österreichischen Schauspielschulen stets
383 2052 1721 2133 ein Tantiemenpauschale gezahlt. Ist das
383 2108 1860 2186 in Berlin nicht üblich? Von Einhebung eines
378 2159 1795 2236 Sühnebetrags für den schlechten Geschmack
376 2218 1803 2293 gerade „Anatols Hochzeitsmorgen aufzufüh¬
378 2257 1162 2369 ren,wollen wir absehen.
740 2321 1516 2442 Mit herzlichen Grüssen
1024 2415 1135 2495 Ihr
355 2678 1154 2802 Herrn S.Fischer,Berlin,
357 2754 778 2865 Bülowstr. 90.
357 2941 759 3048 4 Beilagen
2699 250 2854 372 1 1 /1
2386 794 2733 952 scher
3399 839 3821 971 17.11.1924.
2381 940 2766 1024 à laaville de la rue de ses
2547 1061 3313 1177 Verehrter Herr Doktor.
2758 1202 3941 1291 sie haben mit Ihrer Vermutung ganz
2548 1234 4036 1364 recht, dass mir partung noch nicht geschrie-
2545 1335 3956 1419 ben hat. Ich habe überhaupt noch nie eine
2567 1373 3763 1482 Zeile von ihm persönlich erhalten.
2781 1457 3867 1570 In Berlin hat sich nichts Neues
3878 1452 3970 1549 er
2548 1490 4021 1600 geben. Rotters scheinen mir in diesem Falle
2539 1583 3960 1656 ungeeignet.andere Bühnen haben sich nicht
2533 1631 3922 1724 gemeldet,die Existenz des Stückes ist ja
2533 1652 4040 1755 kein Geheimnis und wann es ein Direktor wirk
2526 1709 4015 1835 lich spielen will, wird er sich schon melden
2789 1806 4032 1904 Es wundert mich nicht,dass die Dänen
2512 1873 4008 1974 für Gileleije einen andern Ortsnamen einzu-
2516 1927 3870 2007 setzen wünschen. Ich selbst dachte eine
2512 1978 4000 2058 Weile daran einen andern Namen zu erfinden.
2508 2024 3990 2102 Aber es schien mkr am Ende kein so besnnde
2510 2075 4000 2165 rer Verstoss gerade in diesem Akt von etwas
2510 2127 4004 2218 phantastischer Atmosphäre, überdies in einem
2501 2173 3912 2266 Hotelpark wPalmen wachsen zu lassen. Hof-
2501 2243 3899 2312 fentlich stört es die Kopenhagener nicht
2505 2276 3968 2360 dass ich einen Hoteldirektor erfunden habe
2495 2327 3994 2430 der Hansen heisst; er wird ja wahrscheinlich
2506 2396 3910 2493 wirklich wansen heissen. Aber ob er eine
2497 2426 3443 2510 lochter namens Gilda hat -?
2802 2508 3878 2623 Die schon vor geraumer Zeit mir
2476 2548 3920 2674 avisierten 12 Exemplare „Komödie der Ver-
2485 2627 3905 2722 führung sind noch immer nicht angelangt.
2480 2712 3970 2814 man hat doch wohl vergessen sie abzusenden;
2487 2741 3388 2850 ich benötige Sie dringend.
2819 2819 3945 2936 Mit stuttgart habe ich bezüglich
2468 2890 4000 3014 meiner Vorlesung indess direkt abgeschlossen
2798 2966 3945 3098 In dem letzten Almanach fand ich
