4420 3992
400 964 1819 1104 herrüh enden Liste vorjeden bei genauerer
369 1050 1932 1157 Durchsicht, dass die von Ihnen genannten Adres-
371 1116 1887 1200 sen sich nicht auf meiner Nachtrageliste be-
365 1173 1848 1247 finden, sondern auf der Liste Ihres Verlags,
365 1214 1696 1292 die mir in Berlin auf meinen Wunsch in
365 1257 1815 1385 Exemplaren gesandtskurde überlassen wurde.
671 1360 1928 1463 Eine Anfrage von Herrn du Toit wegen
1134 1413 1590 1501 setzung der
1659 1413 1854 1471 belei
377 1424 1114 1510 Autorisation der
363 1458 1887 1575 ins - Burische habe ich zustimmend beantwor-
371 1536 829 1637 tet.
812 1600 1524 1709 Mit herzliohem Gruss
1165 1678 1282 1748 Ihr
382 2628 845 2728 Herrn Dr.Mari
388 2714 987 2788 S.Fischer,Verlag,
373 2767 648 2841 Berlin.
2379 849 2862 989 J. Fischer
3483 942 3854 1038 2 o. 3.1926.
2632 1128 3510 1245 Lieber Herr Doktor Maril.
2939 1268 4029 1381 Saltenburgs haben mir nun wegen
2628 1352 4156 1424 des „Reigen telegraphiert. Ich habe geantwor-
2638 1421 4150 1477 tet:-Falls ausreichende künstlerische Garan-
2642 1467 4123 1534 tien geboten und Schutz des Publikums gegen
2638 1514 4115 1602 skaudalmaber gewäÿrleistet wird, zu Vorhand-
2630 1569 3957 1661 lung en auf Bawis 10,, 5000 Vorschuss ge
2628 1629 2870 1711 neigt.
2939 1698 4150 1805 Sie entnehmen daraus, dass ich wenig
2626 1741 3981 1856 Wert auf die se beabsichtigte Aufführung
2642 1832 2816 1902 lege.
2937 1901 4010 2010 Ich glaube nicht,dass das Burg
2642 1973 4055 2053 theater den „Gang zum Waihar“ noch in die
2632 2018 4100 2090 ser Saison wird auff Uhrwen können, insbeson
2636 2080 4121 2158 dere die Besetzung der Leonilda scheint im-
2626 2127 4016 2201 mer noch unmöglich, auch sonst lookt mich
2636 2183 3534 2273 hier (und anderswo) wenig.
2970 2240 4183 2343 Herr Professor Pazurkiewiez ersucht
2621 2326 4010 2422 mich um das polnische Uebersetzungsrecht
2632 2382 4201 2457 für „Sterben“. Ich habe Herrn p. an Sie gewie¬
2624 2441 2790 2527 sen.
3003 2507 4185 2589 Wäre es vielleicht möglich mir das
2628 2574 4174 2673 Honorar für die ersten Auflagen des „Gang, tus
2626 2626 4078 2704 Maiher" an die Bank für Auswärtigen Handel
2636 2683 4133 2759 überweisen zu lassen? und zugleich damit fün
2665 2740 3994 2804 die ersten zehn Auflagen der „Traumnove
4033 2734 4150 2818 10?
2632 2784 4055 2872 von den 25, mit denen wir beginnen wollen!
2964 2857 3649 2978 Herzlichst grüssend
3177 2939 3302 3019 Ihr
2617 3071 3155 3194 Herrn Dr.Martl.
