4419 3977
3689 791 4014 886 4.5.1925.
2381 791 3284 939 Harele-Fischer
2570 1053 3458 1164 Verehrtester Herr Doktor.
2848 1209 4081 1292 Herr Friedrich Zellnik hat sich be-
2574 1256 4144 1335 reits vor einigen Wochen auf einem andern Weg
2590 1331 4150 1397 (und zwar durch den Generaldirektor Pressbur-
2576 1377 4115 1471 ger von der Sascha-Gesellschaft) an mich ge-
2578 1420 4040 1483 wendet. Ich halte es durchaus für möglich,
2574 1466 4085 1556 dass wir zu einer Einigung gelangen. Wollen
2568 1525 4109 1590 Sie ihm nicht freundlichst mitteilen,dass er
2570 1572 4113 1671 entweder den früheren Weg wieder einschlagen
2580 1621 3994 1694 oder sich,wie eventuell auch andere Film-
2570 1671 3933 1759 werber sich an mich direkt wenden möge.
2842 1750 4103 1836 Herr Dr Flesch hat sich auch an mich
2564 1791 4034 1898 direkt in Angelegenheit des Radio-Honorars
2568 1872 4069 1941 an mich gewandt und zwar unter Berufung auf
2574 1927 4097 2000 das Finverständnis seines mir persönlich gut
2568 1978 4006 2042 bekannten Schwiegervater des Herrn Kapell
2570 2018 4097 2093 meister Ludwig Rottenberg. Es ist mir natür-
2568 2083 3967 2138 lich nicht möglich daraufhin ohneweiters
2568 2124 4095 2199 unsere Forderung für unberechtigt zu halten,
2574 2184 4048 2245 aber ich denke,wir beweisen unser Entgegen
2564 2237 4038 2302 kommen am besten, indem wir als Honorar für
2568 2266 4111 2361 einmaluge Aufführung eines Einakters hundert
2564 2331 4002 2430 Mark beanspruchen. Ich schreibe das Herrn
2570 2379 4103 2448 Kr. Flesch auch persönlich und bitte die even
2568 2428 4097 2531 tuelle geschäftliche Fändlisierung zu besor-
2564 2495 2712 2582 gen.
2868 2566 4148 2681 Darf ich bitten mir etwa drai Exempla
2596 2639 4089 2722 re „Beatrice eventuell, wenn solche vorrätig
2562 2690 4121 2748 wären, auch 1-2 Bühnenexemplare, senden zu wol-
2562 2746 4138 2813 len. Das Stück wird in wenigen Wochen in Wien
2564 2799 4053 2880 am Burgtheater aufgeführt. Es wird hoffent-
2562 2834 4144 2923 lich in den Buchhandlungen hier einzeln zu ha-
2558 2902 2894 2986 ben sein?
2864 2969 3977 3095 Mit den verbindlichsten Grüssen
3231 3055 3791 3120 sehr ergebener
