4414 3975
448 943 1892 1027 zeitung (Der Blinde Geronimo) habe ich na-
452 1017 1937 1085 türlich nichts einzuwenden. Ich mache Sie zu
452 1070 1824 1156 gleicher Zeit aufmerksam,dass vor kurzem
442 1113 2005 1195 Im Giessner Anzeiger ein unrechtmässiger Nach-
437 1171 1920 1230 druck der gleichen Erzählung enthalten war.
431 1216 1929 1282 So zeigt mir der Allgemeine Schriftsteller-
433 1274 1925 1327 Verein an, dessen Mitglied ich nicht bin, er-
433 1325 1951 1378 sucht mich ihn zur Einforderung des Honorars
433 1372 1986 1442 in der Höhe von 400 Mark zu ermächtigen, wofür
437 1426 1921 1491 er sich bei Einlauf des Honorars 35% Abzug
464 1473 1997 1541 berechnen will I Ich glaube es ist einfacher,
427 1526 1955 1588 dass diese Einforderung mit Klagedrohung von
421 1580 1842 1653 Seiten des Verlags S.Fischer geschähe, was
431 1627 1464 1711 ich Ihnen hiemit anheimstelle.
727 1697 1816 1795 Es ist überhaupt eine Hausse in
425 1752 1881 1845 „Blinden Gaixxxi Geronimo“eingetreten.Eben
413 1840 1937 1892 wurde ich von Polen aus um die Autorisation
415 1886 1927 1949 ersucht,wo die Erzählung in einem Sammelband
405 1935 1933 1990 für die polnische Jugend erscheinen soll und
415 1984 1830 2066 auch in England soll sie in einer für die
415 2033 1695 2130 Jugend bestimmten Ausgabe ersche inen.
844 2097 1536 2222 Herzlichst grüssend
994 2185 1121 2251 Ihr
431 2518 1237 2629 Herrn S.Fischer,Verlag.
392 2574 649 2678 Berlin.
2262 764 2808 930 Fischer
3424 795 3831 914 30.11.1925
2680 885 2853 972 A.m
2498 1023 3003 1126 Lieber Freund
2851 1103 3936 1198 Beiliegend ein Blatt, das ich an
2510 1183 3903 1255 die dafür in Betracht kommende Stelle zu
2516 1237 4007 1310 leiten bitte. Für die Auskunft hinsichtlich
3426 1282 4040 1349 haft danke ich bes-
2510 1284 3434 1368 der deutschen Buchgemeinsch
3424 1321 3521 1378 départ.nt
2522 1325 3993 1401 tens. Die Angelegenheit ist für mich bis auf
2514 1391 3999 1452 Weiteres erledigt. Warum der Buchhandel Au-
2516 1436 3995 1510 toren gegenüber,die in der Buchgemeinschaft
2514 1489 3966 1561 ein Buch haben, die Stellung einer passiven
2520 1536 3958 1612 Resistenz einnimmt (wenn es sich um Bücher
2508 1594 3898 1662 handelt,auf die ein anderer Verlag nicht
2514 1614 3987 1717 eben einen rechtlichen Anspruch hat)ist mir
2508 1709 3545 1791 allerdings absolut nicht klar.
2853 1754 3987 1863 Ist die neue illustrierte Ausgabe
2504 1845 3896 1916 des -Leutnant Gustl" eigentlich schon er
2941 1902 3143 1970 G.C.
2504 1908 2832 1982 schienen?
3327 1957 3950 2083 Rechnung,Bühnenver-
2843 1970 3332 2091 Die letzte Ab
2504 2042 3952 2118 trieb, etwa 789 Mark 1st mir Telder in Ver-
2508 2109 4032 2183 lust geraten. Macht es Ihrem Bureau keine zu
2508 2148 3962 2235 grosse Mühe,so würde ich recht sehr um ein
2502 2210 3126 2303 Duplikat ersuchen.
2841 2278 3555 2399 Mit herzlichem Gruss
3050 2364 3167 2455 Ihr
2496 2646 3305 2769 Herrn S.Fischer,Verlag,
2494 2728 2757 2814 Berlin.
