4478 3976
1413 1491 1556 1620 G.C.F.P.
769 1686 888 1801 G.C.F.P.
400 2033 582 2165 :daas
1600 2159 1876 2280 a s t k s a x
568 3079 765 3176 ...
2286 809 2884 924 Tischée
3373 825 3747 962 30.1.1926.
2415 890 3057 988 «M~
3649 946 3763 1036 G.H.F.P
2483 1051 2987 1181 Lieber Freund.
2731 1119 4023 1282 Es freut mich, dass Sie an der Traum-
2489 1212 2616 1272 G.C.H.F.P.
2481 1216 3945 1318 novelle Gefallen gefunden haben. Den Titel
2487 1270 4029 1364 möchte ich nicht andern. Es ist. ohne jene Pre
2496 1318 3997 1411 tention, geht gut ins Ohr, sagt nicht zu viel
2493 1369 3936 1473 und nicht zu wenig, ich (und Andere) haben
2496 1387 4047 1511 vergeblich versucht einen besseren zu finden.
2483 1469 3987 1576 Diese meine Meinung trifft auch auf den von
2500 1511 4023 1622 Ihnen vorgeschlagenen „kein Traum ist völlig
2496 1576 4021 1680 Traum“ zu. Man müsste dann mindestens hinzu-
2502 1630 3987 1735 setzen: Und keine Wirklichkeit völlig Wirk-
2520 1672 3997 1771 lichkeit. Auch die von Ihnen vorgeschlagenen
2489 1699 4073 1833 Bedingungen finde ich selbstverständlich sehr
2496 1779 4069 1884 akzeptabel. Ueber alle rlei ginzelheiten (Ein-
2502 1819 4120 1934 band etc.) möchte ich vor endgültigen Abschluss
2506 1878 3969 1986 noch gerne persönlich mit Ihnen reden. Dazu
2502 1922 4005 2037 wird sich ja erwünschte Gelegenheit ergeben
2508 1970 4114 2085 und ich denke,dass wir noch vor Ostern mit dem
2502 2053 3419 2186 Buch herauskommen könnten.
3347 2101 4112 2204 Laufnant Gustl.°
2459 2141 2642 2212 G.C.H.F.P
2773 2131 3345 2238 Wird der illustr
2544 2194 4017 2288 zum Datum meiner Vorlesung schon heraussen
2514 2262 3472 2349 sein? Ich möchte es hoffen.
2699 2286 3983 2439 Es ist mir sehr recht, dass Sie mein
2512 2379 4106 2514 Stück erst in seiner, nun wohl definitiven Fas¬
2518 2463 3156 2578 sung, lesen werden.
2791 2496 4144 2640 Ich bin sehr einverstanden,wenn Sie die
3142 2578 4116 2687 Hübsch zu lesen geben. Auch
2530 2616 3109 2721 Traumnovelle Herr
2530 2630 4134 2745 Schuster & Simon (Wzo, Fräulein Else, herausge-
2848 2675 2940 2713 G.C.
2530 2701 4031 2799 kommen ist), beworben sich darum. Herr Hübsch
2518 2745 4031 2848 möge nach der Lektüre xxxxxxxxxx einen
2524 2789 3991 2894 Honorarvorschlag machen. Vielleicht fragen
2530 2846 4132 2948 Sie ihn auch, ob jene Einaktersammlung, die Hans
2524 2906 4003 3077 Heinz Evers vor Jahren bei ihm heraumgeben
