4417 3992
747 988 2070 1135 Meine letzten drei Stücke sind also in
540 1086 1549 1191 Berlin nicht gespielt worden.
753 1184 2081 1272 Um nun Missverständnissen gleich vorzu-
558 1234 2072 1340 beugen: „Der Gang zum Weihe wurde von uns
556 1287 1960 1379 nicht am eingereicht, sondern das Deutsche
556 1332 2109 1432 Theater hat sich ihn auf das Drängen der Frau
561 1410 1219 1502 Kinz kommen lassen.
765 1485 2038 1581 Ich möchte ferner bemerken, dass eine
558 1530 2070 1647 Aufführung am Deutschen Theater nur dann für
567 1592 1978 1680 mich Interesse hat, wenn ein gleiches In¬
577 1633 2099 1735 teresse und die Möglichkeit einer ausgezeich-
567 1696 1978 1808 neten Besetzung beim Deutschen Theater vo
577 1729 2107 1831 liegt. Es handelt sich mir nicht im geringsten
565 1796 2011 1884 darum, dass man wieder einmal etwas von mir
577 1837 2017 1945 gibt, so willkommen es mir auch wäre insbe-
569 1892 2113 1976 sondere eines meiner neueren Stücke gut inszer
569 1937 2117 2046 niert und gut gespielt an einer ersten Berli-
567 1990 2085 2085 ner Bühne zu sehen. Welches meiner Stücke am
569 2033 2136 2128 ehesten Erfpügschancen hätte, lässt sich schwer
573 2085 2142 2199 bestimmen, das hängt ja sehr von den Besetzungs
567 2142 2062 2238 möglichkeiten im einzelnen Falle ab.Ich bin
583 2187 2087 2295 daher ferne davon irgend eines meiner Stücke
573 2203 2146 2346 sei es dem Deutschen Theater oder irgend einem
583 2299 1988 2385 andern vorzuschlagen und erwarte vielmehr
585 2344 2025 2428 Vorschläge von der anderen Seite. Für Ihre
565 2381 2123 2481 Bemühungen in dieser Sache danke ich in jedem
589 2445 2132 2526 valle sehr. Falls ein Abschluss durch den Ver-
589 2494 2121 2586 lag Fischer geschehen sollte,so gelten natür-
589 2539 2113 2649 lich die üblichen Bedingungen. Ohne meine Zu-
589 2612 2068 2707 stimmung bitte freilich nichts zu verfügen.
824 2682 2087 2776 Mit Interesse,wenn auch ohne sonder-
585 2729 2138 2850 liches Erstaunen habe ich von den Liebstählen
585 2805 2130 2907 und Betrügereien der Theaterdirektionen gele-
589 2835 2136 2938 sen, die neulich auch bel uns In Wien zur Spra
593 2901 2124 2999 che gekommen sind. Sie wissen ja, dass ich Im-
591 2958 2124 3054 mer der Ansicht war, man gehe gegen diese Gau-
595 3009 2034 3110 ner viel zu midde vor. Ich bin neugierig, ob
587 3060 2138 3169 unter den defraudierian Summen auch Tantiemen
3719 665 4046 775 2.6.1927.
2606 876 4057 988 für meine Stücke sich befinden. Zwar haben
2600 939 4059 1035 mir die Direktoren in Berlin (mit geringen
2602 990 4061 1088 Ausnahmen ) direkt gezahlt, doch wäre es wün
2602 1045 4022 1133 schenswert, dass die Tantlemen auch dieser
2612 1070 4087 1176 Vorstellungen,insbesondere die bei den Rot¬
2614 1133 4096 1232 ters stattgefundenen, der Kontrolle nicht am
3390 1189 4149 1268 Wie geht diese Sontron
2600 1213 3330 1289 Ende entzogen werden.
2606 1234 3920 1360 ehe überhaupt rein technisch vor sich?
2946 1326 4059 1436 Meine unverbindliche Anfrage den
2635 1377 4018 1485 „Reigen“ betreffend,ob der Verlag Fischer
2608 1440 4026 1538 Wert darauf läge das Verlagswaut des „Rei
2612 1498 4022 1598 gen zu übernehmen, wiederhole ich mit dem
2602 1569 3537 1639 Ersuchen um baldige Antwort.
2960 1632 4028 1741 Ich danke für die Zusendung der
2600 1692 4030 1798 Kritiken über „Spiel im Morgengrauen; wel
2612 1739 4112 1845 ches Bureau verschafft Ihnen diese Kritiken?
2608 1796 4091 1901 Jedesfalls habe ich-durch Goldschmidt nicht
2617 1862 3519 1956 den dritten Teil erhalten.
2981 1931 3760 2031 Mit herzlichen Grüssen
2993 2013 3590 2115 Ihr sehrergebener
2629 2647 3386 2766 Herrn Dr. Konrad Maril,
2635 2733 3226 2823 c.Fischer,Verlag,
2625 2788 2887 2882 Berlin.
