4478 3976
3171 808 3545 934 25.2.1926.
2200 781 2546 969 Maise
2434 985 3284 1121 Verehrter Herr Dr.Maril.
2924 1113 3181 1193 G.C.F.F:F:S
2747 1097 3997 1247 Die Zeitungsmeldung über die Frauft
2373 1184 3964 1319 führung xxx des.Weiher bei Bar-
2391 1227 3948 1378 nowsky ist natürlich falsch. Ich habe ihm das
2377 1282 3974 1431 Stück nicht überreicht und wir haben übereine
2373 1337 3903 1475 Aufführungsmöglichkeit überhaupt niemals ge-
2385 1400 3834 1520 sprochen. An Fräulein Bergner habe ich das
2525 1427 3911 1565 script kurz vor meiner Abreise geschiokt
2381 1475 4013 1624 mit der ausdrücklichen Bemerkung,dass sie diese
2379 1520 2534 1585 Manu
2385 1538 4011 1679 Sandung als aine durchaus private zu betrachten
2391 1593 3950 1736 habe. Ich habe nichts von ihr seither vernom-
2385 1642 4013 1787 men. Es ist selbstverständlich, dass ich Sie von
2397 1697 3962 1834 event uellen Anfragen und insbesondere von mei-
2387 1748 3952 1884 nen eigenen Entschliessungen hinsichtlich des
2407 1801 4044 1929 Weiher stets unterrichten werde. In Burgthea-
2399 1856 3960 1994 ter verhandelt man jetzt wegen des Neuengage-
2393 1895 3930 2035 ments einer Dame, von der behauptet wird, dass
2399 1952 3921 2084 viefür die Leonilda in Betracht käme. Es ist
2411 2002 3818 2135 Franziska Kinz, die ich selbst noch nicht
2416 2041 3901 2184 spielen gesehen habe. Sie tritt ja jetzt in
2416 2125 3875 2236 Berlin auf, vielleicht können Sie mir etwas
2411 2157 3869 2298 über sie sagen. Wo immer eine Fraufführung
2418 2210 3944 2342 stattfinden wird, ich denke kaum, dass das vor
2422 2273 3661 2411 nächstem Herbst derFall sein könnte.
2835 2328 4019 2466 Ich habe Herrn Hübsch hier gespro-
2428 2385 4058 2546 chen, einen sehr guten Kindruck von ihm erhalten
3746 2460 3926 2538 für
2430 2473 3757 2605 und beabsichtige ihm die „Traumnovelle
2432 2517 3885 2660 Amerika zu überlaasen. Er wollte mir seine
2462 2550 4044 2688 Adresse schreiben, da er sich auf Reisen befin-
2436 2617 4042 2745 det,ich habe aber nichts weiter von ihm gehört
2444 2660 4070 2810 Wissen Sie vielleicht, wo er sich jetzt aufhält?
2839 2737 4037 2886 Herr von Budzgnaki war bei mir, ich
2442 2835 3423 2969 habe mit ihm wegen der polnIhr
2454 2912 3242 3000 resp. Aufführung von.m
2448 2951 3622 3091 belei“ und „Reigen verhandelt und
417 3128 661 3223 Do IHHH
