4417 3992
2427 750 3060 894 Paul, Fischer
3531 798 3894 917 11.6.1927.
3207 863 3500 986 Rey
2651 1032 3320 1116 Lieber Herr Doktor.
3068 1152 4172 1263 Es war mir sonderbarerweise ganz
2651 1246 4072 1298 aus dem Gedächtnis entfallen, dass Sie mir
2654 1294 4128 1363 in einem yhrer letzten Briefe von Ihren Be-
2645 1336 4076 1409 mühungen in Angelegenheit des monathschen
2651 1389 4182 1466 Stückes bei Hartung erzählten hätten Ich habe
2651 1443 4124 1508 das Herrn monath nun nachträglich mitglatt.
2647 1487 4139 1564 mitgeteilt, dem sie vielleicht doch noch ein
2643 1544 3718 1636 direktes Wort schreiben werden.
3056 1625 4044 1711 Was den „Raigan" betrifft, so
2645 1676 4182 1753 besteht meines Wissens keinerlei Verbot mehr.
2654 1734 4120 1818 Einen eventuellen Uebergang in Ihren Verlag
2651 1787 4107 1864 dachte ich mir keineswe s unter dem Zeichen
2647 1835 4178 1902 einer besonderen Propaganda, sondern gewisser¬
2647 1897 4170 1964 massen automatisch ohne einen besonderen Him
2645 1942 4168 2019 weis, etwa so, als wäre das Buch zu seinen Brü
2654 2006 4082 2063 dern heimgekehrt. Aber freilich ist es un-
2651 2046 4061 2117 ter den heutigen Umständen möglich,da nun
2654 2101 4174 2172 rade ungeheuerlicherweise dieses im Gegensatz
2651 2151 4109 2216 zu so vielem seither (auch in Ihrem Verlag)
2651 2191 4130 2266 veröffentlichtem wahrhaft zahme, um nicht zu
2651 2231 4000 2302 sagen sittliche Buch ein Schlagwort und
2660 2285 4040 2358 Schlachtrüf geworden ist, dass bei irgend
2662 2337 4162 2411 einem Anlassidje Hetze wieder angeht und ich
2662 2386 4069 2467 habe keinenleilteigung den Verlag Fischer
2662 2444 4130 2518 zu etwas zuzureden, wo er nicht mit dem Her¬
2662 2492 4072 2572 zen dabei ist.Von anderen Anträgen,die an
2662 2549 4084 2624 mich gelangt sind, ist nur einer immerhin
2666 2593 4082 2666 diskutabel, ich werde ihn erst näher in Be
2668 2647 4113 2718 tracht ziehen. wenn die Gefahr besteht, dass
2664 2685 4147 2769 das Buch ganz aus dem Handel schwindet. Io h
2675 2756 4072 2825 bin hatürlich ganz einverstaden, dass eine
2668 2796 4143 2884 neue Auflage des nichtillustrierten Casano-
2674 2848 4180 2928 va erst zu Beginn das nächsten Jahres auf da
2670 2896 4105 2974 varkt kommt, fürohte allerdings,dass die zi
2668 2961 4118 3070 Vorräte der nun verrauschten alten Ausgabe
