4454 3993
2403 936 2546 1044 1
2111 976 2252 1091 G.F.P.
3379 1018 3773 1137 13.3.192.4
2556 1085 3292 1222 Liebes Freund.
2417 1228 3425 1332 Sehr verehrter Herr Greiner.
2797 1415 3812 1527 1. Ich neüme gern zur Kenntnis
2341 1467 2779 1582 dass der Dru
2773 1489 3874 1572 ck meines neuen nramas innerhalb
2341 1560 3844 1622 3-4 Wochen bewerkstelligt werden könnte. Ich
2343 1610 3850 1666 möchte Innen das Manuscript ungefähr in der
2343 1666 3876 1747 ersten Hälfte April schicken und frage an, ob
2337 1709 3910 1781 es möglich wäre (wie beim „Medardus“ und beim
2341 1763 3910 1819 „Bernhardi“ geschehen ist) den Satz nach Fer¬
2355 1807 3955 1882 tigstellung noch längere Zeit stehen zu lassen,
2343 1870 3942 1934 so dass mir Gelegenheit geboten wäre im Sommer
2343 1916 3942 1988 (Mai und Juni) auch grössere Korrekturen zu ma
2334 1968 3898 2033 chen und ich während dieser Zeit Fahnenabzüge
2330 2017 3727 2109 in grösserer Anzahl zur Verfügung hätte.
3763 2095 3882 2184 uf—
3373 2113 3733 2178 eiten der
2775 2115 3381 2188 2. Die Schwierigk
3373 2145 3552 2208 oisto
2328 2174 3906 2244 führung (grosse Personenzahl, Ausstattung) Ins
2334 2230 3842 2298 sen mir die Bühnenkarriöre dieses neuen Stü
2972 2276 3866 2339 er Verführer und ich habe
2328 2270 2981 2349 ckes (es heisst
2970 2310 3093 2363 2.
2326 2326 3896 2377 dem Wiener Burgtheater die Uraufführung über-
2330 2373 3906 2447 lassen) fürs Erste nicht sehr beträchtlich er
2330 2435 3767 2504 scheinen. Buchhändlerisch halte ich einen
2562 2481 3850 2558 für wahrscheinlich.Es würde mir genü¬
2391 2481 2485 2534 fo
2328 2532 3870 2614 gen. wenn sie mir drei Auflagen im Voraus be-
2328 2592 3858 2665 zahlten, aber ich müs:te darauf bestehen, dass
2326 2634 3820 2699 der Perzentsatz absolut nicht geringer wäre
2330 2695 3888 2757 als der, den Sie irgend einem andern ihrer Au-
2334 2741 3896 2811 toren bezahlen. Verzeihen sie, dass ich wieder
2330 2793 3880 2860 darauf zurückkomme, Sie schrieben mir zuletzt,
2328 2842 3942 2918 dass einer Ihrer Autoren einen höheren Perzent-
2330 2910 3918 2970 satz habe, dass Sie aber in diesem Fall irgend-
2322 2948 3906 3031 welche,Kompensationen erhielten. Solche Kom-
2334 3003 3814 3065 pensationen kann ich mir schwer vorstellen,
2328 3055 3826 3117 in keinem wall sehe ich einen Anlass meinen
2322 3099 3719 3168 Ihnen bekannten standpunkt zu verändern.
