4480 3991
3650 721 4069 837 S. Fischer.
3685 807 3991 903 23.7.27.
2492 864 3995 1017 Ablauf des Vertrages in eine Gesammtausgabe
2455 948 4056 1068 auf zunehmen. Immerhin würde ich - ohne irgend
478 931 1963 1029 ja manchmal sogar für den Buchverkauf recht
2457 1019 3983 1125 einer Entscheidung von Fischers Seite vorzu-
490 1013 2030 1080 günstig wirke. Um nun eine Basis xü für meine
2459 1068 4018 1168 greifen,- vor allem einmal bei Zsolnay anfra-
470 1062 1989 1127 Dispositionen zu haben, müsste ich gern unge-
2502 1119 4022 1240 gen,ob neue Auflagen von „Fräulein Else“ für
472 1119 1922 1185 fähr eine wie hohe Auflage meines Romans
498 1160 1895 1236 Herr Fischer zu drucken und im Vorhinein
2463 1191 3699 1295 die nächste Zeit in Aussicht stehen.
509 1215 2063 1279 zu bezahlen geneigt wäre insbesondere in dem
2772 1236 4001 1362 Neulich sah ich entzückende Halble-
464 1256 2102 1340 Fall, wenn das Werk für die Berliner U Illustrie
2457 1321 4024 1417 derbände von „Traumnovelle“ und „Spel im Mor-
498 1319 2051 1379 te nicht in Betracht kommen sollte. Ich selbst
2465 1358 4024 1469 gengrauen* (die mir ein Herr überreichte darxx
466 1366 2026 1444 ganz ehrlich gesagt würde auf den Vorabdruck
2463 1407 4081 1520 mit dem Wunsch meine unterschrift darin
458 1422 1953 1491 für 1,700.000 Leser gerne verzichten, x und
2457 1471 4044 1563 zu besitzen). Ex Ich wusste gar nicht, dass ei-
458 1477 1953 1542 eventuell auch für eine geringere Zahl, wenn
2457 1522 4024 1614 ne so hübsche Ausgabe existiere. Bei nächster
464 1513 2049 1597 zugleich meine materiellen Interessen ausreiß
2463 1569 4052 1663 Gelegenheit werde ich mir vielleicht statt der
451 1573 1993 1630 chend gewahrt werden. Ich weiss, dass man vor
2463 1616 4079 1720 üblichen Freiexemplare zum Teil, eventuell gegen
458 1630 2018 1687 Kennt nishme des Romans nichts Bindendes in
2463 1685 3889 1777 Aufzahlung solche erbitten, die sich zu Ge
453 1669 1983 1730 dieser Hinsicht sagen kann, immerhin wärenmir
451 1726 2014 1795 Andeutungen willkommen, damit ich darnach wei-
2465 1738 3538 1853 schenkzwecken besonders eignen.
447 1775 1593 1857 ter erwägen und disponieren kann.
1693 1814 1900 1889 G.C.H.F.P.
2813 1797 4032 1918 Für wie viele Exemplare sollte denn
2498 1859 4009 1967 die Ullsteinsche Honorarzahlung von Mk.250.
713 1867 2012 1938 Die Abrechnung über den Buchvertrieb
2463 1930 4024 2034 ungefähr gelten? Wenn Sie glauben bin ich na-
458 1908 1973 1987 des letzten Halbajhrs habe ich erhalten und
445 1979 2042 2047 war nicht sehr erfreut. Drei Semester hindurch
2473 1993 3237 2106 türlich einverstanden.
484 2030 2057 2104 hat nun der Absatz meiner alten Bücher (worum
458 2079 1877 2147 ter auch noch etliche ziemlich neue sind)
2806 2053 3973 2194 Mit vielen Grüssen, auch für Herrn
451 2124 2014 2214 Mk. 2000 nur um Weniges überschritten. Gesamt-
2478 2132 2853 2255 Dr.Hermann,
2862 2155 3689 2300 Ihr aufrichtig ergebener
445 2183 1883 2251 ausgabe und zirka 30 Einzelbände zusammen
451 2232 1971 2290 tragen mir also - wenn ich nicht etwas Neuos
445 2281 2012 2365 erscheinen l asse, oca 350 Mk.monatlich und mit
447 2341 1977 2400 den alten Stücken sieht es nicht viel besser
451 2394 1963 2453 aus. Hier ist die Sache noch dadurch verein-
447 2433 1998 2506 facht, dass man die neuen überhaupt nicht auf-
451 2488 672 2559 führt.
1230 2539 1309 2600 G.F.P.
786 2584 2065 2653 Nicht nur diese umstände sind es, die
2482 2563 3229 2723 Herrn Dr. Konrad Maril
445 2635 2047 2725 mich auf den finfall bringen, ob es nicht viel-
2488 2661 3080 2745 S.Fischer,Verlag,
447 2688 2010 2753 leicht erfolgversprechend wäre recht bald mit
2469 2725 2737 2810 Berlin.
451 2739 1991 2821 einem neuen Band der Gesammtausgabe, Erzählent
447 2800 1928 2864 Schriften, herauszukommen, der „Fräulein Else
458 2821 2004 2921 Frau des Richters und „Traumnovelle enthal¬
445 2888 2036 2951 ten müsste. Nach dem Urheberrechtsgesetz glau¬
441 2949 2018 3035 be ich ja berechtigt zu sein auch Arbeiten, die
445 3000 1947 3084 in einem anderen Verlag erschienen sind, vor
