4466 3977
599 981 1437 1114 erbetenen Freiexemplare.
879 1061 2069 1204 7. Noch mals rege ich an von „Casano-
569 1144 2023 1231 vas Heimfahrt,welche Novelle nur in einer
577 1195 1995 1285 schlechten vriegsauflage vorliest, wenn ir
575 1247 2023 1349 gend möglich eine neue bessere Ausgabe dru
586 1300 2035 1400 ken zu lassen. Gleiches gilt übrigens für
582 1373 1159 1477 „Schwestern“.
915 1445 1595 1569 Herzliche grüssend
915 1527 1037 1618 Ihr
648 2072 1090 2187 3 Beilagen.
624 2619 1433 2719 Herrn S.Fisch er,Verlag,
605 2711 862 2801 perlin.
3256 750 4220 906 20.1.1927.
2585 736 3002 904 scher
2735 1015 3254 1146 Lieber Freund.
2998 1127 4250 1238 Ich erkläre mich natürlich mit Ihrem
2719 1216 4176 1296 Vorschlag einverstanden mir nur 15000 Exem
2726 1272 4201 1356 re der neuen Noveffs „Spiel im Morgengrauen
2730 1306 4212 1430 voraus zu herzahlen. Dürfte ich Sie Wohl bit
2734 1362 4191 1458 ten die erste Päifte des Honorars (bei den
2728 1409 4191 1527 25% vom Ladenpreis, den Sie wohl schon fest-
2730 1465 4086 1573 ge stellt haben, bleibt es doch natürlich
2739 1507 4246 1644 gleich, eventuell zugleich mit der Abrechnung
2734 1571 4116 1655 Für xxx das zweite Halbjahrul926 und die
2734 1606 4156 1723 zweiteHälfte bei Erscheinen des Buches an
2726 1685 4188 1766 meln Wonto fn der Bank für Auswärtigen Han
2734 1719 4222 1834 del zu überweisen. Welche Auflagenhöhe wird
2737 1787 3639 1903 „Der Ceist im Wort“ haben?
3036 1836 4248 1967 Ich hoffe sehr, dass Ihr Katarrh in-
2758 1926 4190 2010 dessen geschwunden ist und dass alle die
2750 1965 4261 2104 Ihren bis zur Allerkleinsten herab sich wohl
2735 2053 3047 2157 befinden
3047 2097 4045 2226 Mit den herzlichsten Grüssen
3047 2206 3177 2300 Ihr
2750 2777 3568 2901 Herrn S.Fischer,Verlag,
2750 2873 3004 2972 Berlin.
