4414 3975
396 1025 1888 1121 praktischen Rücksichten am stärksten verbun-
403 1095 1895 1170 den fühle. Andererseits habe ich Ihnen, lieber
392 1130 1841 1208 Freund „kein Hehl daraus gemacht, was mich
388 1189 1869 1262 schwanken machte und sie haben nach unserem
388 1240 1931 1315 letzten Gespräch und nach den Darlegungen die
388 1292 1858 1370 ses Briefes wohl die Ueberzeugung gewonnen,
388 1347 1895 1417 und durften Sie auch schon früher haben, dass
115 1366 303 1466 # Neine
388 1392 1927 1466 ich Sie durch mein Zögern/zu Anerbietungen be¬
381 1454 1910 1524 stimmen wollten, die sich von den Bedingungen,
151 1434 288 1528 wk
371 1492 1799 1571 wie Sie sie irgend einem andern Ihrer nam
371 1537 1895 1626 haften Autoren gewähren, zu meinen Gunsten un
377 1594 1848 1665 terscheiden sollten. Nochmals: es existiert
375 1639 1912 1722 kein Angebot der Konkurrenz,da ich darauf ver
151 1635 337 1739 t siffer
375 1696 1922 1775 zichtet habe über ein solches zu unterhandeln,
217 1716 1931 1831 Noch weniger aber denke ich daran irgend einen
367 1795 1895 1880 Vorschlag von Ihrer Seite in Erwägung zu zie-
117 1780 318 1871 herausje
367 1833 1897 1939 han, ehe Sie das Manuscript kennen,das Sie et-
158 1846 315 1944 sorden.
367 1897 1863 1976 wa verlegen sollen. Nun sind wir wohl im Kla-
364 1956 1867 2048 ren. und ich wäre dafür, dass wir die weitere
362 1995 1795 2095 Diskussi on aufschieben,bis ich in der Lage
394 2046 1893 2129 sein werde Ihnen xxx die Korrekturbogen der
362 2104 1878 2189 -Traumnovelle,die ich demnächst von der Da¬
352 2161 1861 2236 me erhalte, vorzulegen Sollten Sie dann Lust
350 2204 1888 2289 haben das Buch zu drucken und ich Lust es bei
350 2259 1856 2319 Ihnen drucken zu lassen (diese ist nicht ge-
350 2312 1882 2385 ring), so werden wir uns wohl auch diesmal, wie
350 2361 1831 2432 es bisher noch immer geschehen ist, über die
343 2406 1850 2532 Bedingungen ohne jede Schwierigkeit einigen.
610 2502 1888 2587 Mein neues Stück „Der Gang zum Weiher
343 2564 1895 2651 erhalten Sie in diesen Tagen durch vormitt
343 2609 1854 2696 lung meines Sohns.. Ich wiederhole meine Sit-
350 2660 1841 2730 te den Satz sofort in Angriff nehmen zu las-
337 2719 1850 2796 sen und mir womöglich alle Fahnen auf einmal
341 2768 1931 2852 oder zum mindesten aktweise in je sechs Exempla
341 2824 1888 2898 ren mit tunlichster Beschleunigung zuzusenden.
326 2864 1850 2954 Die Buchausgabe braucht diesmal nicht bis zu
335 2922 1816 3011 einer eventuellen Aufführung zu warten; über
358 2969 1769 3048 die Frage der sogenannten Bühne namplare
337 3007 1769 3122 besteht nun doch wohl nach unserer letzten
328 3054 1790 3186 Unterredung unter Zuziehung Dr.Marila voll
313 3109 1164 3186 kommene Ils hera ino timuun.
2261 656 2779 899 Fischer
2649 872 2794 968 comme le
3404 844 3809 974 26.11.1925.
2502 1032 3005 1140 Lieber Freund.
2803 1166 4000 1268 Noch immer ist noch nicht die Kor-
2496 1211 3289 1302 rektur auch nur des ei
3414 1230 3936 1315 Aktes an mich
2498 1285 3958 1353 gelangt. Wäre es Ihnen nicht möglich diese
2496 1326 3977 1411 Sache zu urgieren? Sie ist mir höchst drin
2498 1370 3960 1451 gem Die Fertigstellung des Buches ist mir
2496 1422 4069 1524 nicht so wichtig, aber die Fahnen möchte ich se
2491 1460 4007 1558 bald als möglich haben, ich kann ja dann die-
2494 1530 3847 1615 se Fahnen in einer grösseren Anzahl von
2483 1573 4034 1675 Exemplaren haben und für meine Zwecke verwen-
2483 1618 3870 1711 den. Es wäre mir höchst wertvoll gewegen
2472 1688 4032 1765 schon anfangs nozember die Korrektur zur Ver-
2477 1737 4041 1835 fügung zu haben. Nun sind ungefähr drei Wochen
2483 1777 4002 1869 verflossen, dass das Manuscript in Ihren Hän-
2474 1837 3996 1927 den ist und noch scheint kein Beginn gemacht
2464 1886 4037 2001 worden zu sein. Ich bitte sehr teilen Sie mir
2455 1937 3960 2035 mit, b 9 s zu welchem Termin ich im Besitz der
2457 1986 3928 2082 Fahnen sein kann. Ich hoffe Sie ermöglichen
2466 2042 3945 2150 es noch, dass ich das Ganze um den 15.Dezem-
2455 2080 3717 2204 ber herum spätestens in Händen habe.
2796 2180 3949 2285 Ich erhalte ein Schreiben von der
2449 2229 3988 2361 Genossenschaft der Dramatischen Schriftstell
2447 2300 3941 2404 und Komponistenk, dass ich als Genossenschaf
2447 2349 3898 2453 mitglied nach einem Generalversam lungsbe-
2442 2398 3872 2491 schluss vom 7.d. nicht berechtigt sei die
2447 2464 3932 2549 mundfunkrechte vorderhand in die Verwaltung
2438 2508 3915 2592 meines Verlegers zu übertragen,da die Rund-
2434 2560 3960 2670 funkrechte durch das Inkass obureau der Genos
2436 2617 3885 2698 senschaft verwaltet würden. Ich möge also,
2436 2653 3894 2747 wenn ich einen Revers schon unterschrieben
2432 2694 3883 2786 habe, die etwa darin vollzogenen Uebertra-
2436 2754 3977 2858 gungen der Rundfunkrechte ebstens widerrufen.
2425 2803 3953 2905 Die Sache hat wohl nur eine rein formelle Be-
2423 2862 3915 2950 deutung, immerhin setze ich Sie davon hiemit
2423 2907 3975 3003 in Kenntnis. Gegen die von dem Verlag erteil-
2421 2958 3936 3080 te Abdruckserlaubnis von der Züricher Volks-
2204 3092 2391 3220 B. W.
