<?xml version="1.0" encoding="UTF-8" standalone="yes"?>
<PcGts xmlns="http://schema.primaresearch.org/PAGE/gts/pagecontent/2013-07-15" xmlns:xsi="http://www.w3.org/2001/XMLSchema-instance" xsi:schemaLocation="http://schema.primaresearch.org/PAGE/gts/pagecontent/2013-07-15 http://schema.primaresearch.org/PAGE/gts/pagecontent/2013-07-15/pagecontent.xsd">
    <Metadata>
        <Creator>prov=READ-COOP:name=TrHtr:version=2.1.0:model_id=51170:date=26_07_2023_10:17</Creator>
        <Created>2023-05-02T07:58:20.227+02:00</Created>
        <LastChange>2023-07-26T10:17:13.390+02:00</LastChange>
        <TranskribusMetadata docId="1416740" pageId="54952807" pageNr="116" tsid="130928772" status="IN_PROGRESS" userId="64420" imgUrl="https://files.transkribus.eu/Get?id=PBGHZHCXDMSYIRWMWELAUAXD&amp;fileType=view" xmlUrl="https://files.transkribus.eu/Get?id=DRVYVZPZWBTWVLORZXTQGRRW" imageId="44456532"/>
    </Metadata>
    <Page imageFilename="1416740_0116.jpg" imageWidth="4417" imageHeight="3992">
        <ReadingOrder>
            <OrderedGroup id="ro_1711827824754" caption="Regions reading order">
                <RegionRefIndexed index="0" regionRef="tr_1"/>
            </OrderedGroup>
        </ReadingOrder>
        <TextRegion id="tr_1" custom="readingOrder {index:0;}">
            <Coords points="2449,758 4254,758 4254,3103 2449,3103"/>
            <TextLine id="tr_1_tl_1" custom="readingOrder {index:0;}">
                <Coords points="2437,820 2549,824 2585,842 2759,811 2804,838 2873,836 2897,852 2926,838 2924,718 2908,712 2865,714 2828,740 2791,720 2746,724 2696,748 2606,681 2577,687 2528,665 2434,681"/>
                <Baseline points="2449,808 2494,811 2539,814 2583,817 2628,820 2673,814 2718,817 2762,817 2807,820 2852,820 2897,823 2929,826"/>
                <TextEquiv>
                    <Unicode>S. Fischer</Unicode>
                </TextEquiv>
            </TextLine>
            <TextLine id="tr_1_tl_2" custom="readingOrder {index:1;}">
                <Coords points="3587,834 3660,871 3690,852 3731,867 3758,852 3795,858 3862,844 3951,860 3951,785 3888,795 3819,763 3733,773 3709,761 3691,773 3587,761"/>
                <Baseline points="3598,838 3642,838 3687,841 3732,838 3777,841 3821,841 3866,841 3911,841 3956,838"/>
                <TextEquiv>
                    <Unicode>16.5.1927.</Unicode>
                </TextEquiv>
            </TextLine>
            <TextLine id="tr_1_tl_3" custom="readingOrder {index:2;}">
                <Coords points="2447,899 2526,934 2569,911 2614,930 2642,915 2681,926 2787,895 2969,903 2983,826 2889,854 2818,828 2755,840 2702,824 2675,846 2645,828 2528,871 2447,865"/>
                <Baseline points="2458,898 2494,898 2539,895 2583,895 2628,892 2673,889 2718,886 2762,886 2807,883 2852,883 2897,883 2941,883 2986,886"/>
                <TextEquiv>
                    <Unicode>Ilmoit ai lʼannée de luisant ai-</Unicode>
                </TextEquiv>
            </TextLine>
            <TextLine id="tr_1_tl_4" custom="readingOrder {index:3;}">
                <Coords points="2700,1097 2738,1117 2844,1093 2867,1111 2930,1095 2987,1109 3020,1093 3260,1103 3260,1034 3217,1020 3132,1048 3005,1054 2938,1036 2875,1056 2763,1009 2700,1015"/>
                <Baseline points="2712,1091 2726,1091 2771,1088 2816,1086 2861,1086 2905,1086 2950,1086 2995,1088 3040,1088 3084,1088 3129,1088 3174,1088 3219,1088 3264,1088"/>
                <TextEquiv>
                    <Unicode>Lieber Dr.Maril.</Unicode>
                </TextEquiv>
            </TextLine>
            <TextLine id="tr_1_tl_5" custom="readingOrder {index:4;}">
                <Coords points="2940,1252 4108,1254 4149,1250 4149,1172 3668,1193 3584,1164 3344,1209 3270,1178 3020,1209 2940,1181"/>
                <Baseline points="2950,1235 2995,1235 3025,1235 3037,1235 3082,1238 3126,1238 3171,1238 3216,1241 3261,1241 3305,1241 3350,1241 3395,1238 3440,1238 3484,1241 3529,1241 3574,1244 3619,1241 3663,1241 3708,1241 3753,1241 3798,1241 3842,1241 3887,1244 3932,1241 3977,1241 4021,1244 4066,1244 4111,1241 4153,1244"/>
                <TextEquiv>
                    <Unicode>1. Darf ich fragen, ob meiner Bitte</Unicode>
                </TextEquiv>
            </TextLine>
            <TextLine id="tr_1_tl_6" custom="readingOrder {index:5;}">
                <Coords points="2704,1289 4213,1315 4213,1246 4164,1238 2704,1238"/>
                <Baseline points="2715,1285 2759,1285 2804,1285 2849,1285 2894,1285 2938,1285 2983,1288 3028,1285 3073,1285 3117,1288 3162,1288 3207,1288 3252,1288 3296,1288 3341,1288 3386,1288 3431,1288 3475,1288 3520,1288 3565,1288 3610,1288 3654,1288 3699,1288 3744,1288 3789,1288 3833,1297 3878,1300 3923,1294 3968,1291 4012,1291 4057,1291 4102,1291 4147,1291 4191,1291 4218,1294"/>
                <TextEquiv>
                    <Unicode>entsprechend ein Exemplar meiner gesammelten</Unicode>
                </TextEquiv>
            </TextLine>
            <TextLine id="tr_1_tl_7" custom="readingOrder {index:6;}">
                <Coords points="2706,1336 3699,1340 3795,1382 4180,1356 4180,1301 4078,1291 3860,1329 3799,1293 2706,1289"/>
                <Baseline points="2718,1330 2762,1333 2807,1333 2852,1333 2897,1333 2941,1336 2986,1336 3031,1336 3076,1336 3120,1339 3165,1336 3210,1336 3255,1339 3299,1336 3344,1336 3389,1336 3434,1336 3478,1336 3523,1339 3568,1339 3613,1342 3657,1342 3702,1339 3747,1342 3792,1342 3836,1345 3881,1345 3926,1342 3971,1342 4015,1342 4060,1342 4105,1342 4150,1342 4185,1339"/>
                <TextEquiv>
                    <Unicode>Werke an Karl Schönherr nach Wien geschickt</Unicode>
                </TextEquiv>
            </TextLine>
            <TextLine id="tr_1_tl_8" custom="readingOrder {index:7;}">
                <Coords points="3205,1386 3244,1397 3303,1393 3323,1409 3356,1391 3397,1405 3415,1389 3432,1401 3491,1401 3491,1350 3470,1344 3460,1352 3434,1344 3421,1354 3368,1344 3338,1352 3299,1342 3205,1346"/>
                <Baseline points="3216,1372 3261,1372 3305,1372 3350,1372 3395,1375 3440,1375 3484,1378 3496,1378"/>
                <TextEquiv>
                    <Unicode>G.C.H.F.P.S.</Unicode>
                </TextEquiv>
            </TextLine>
            <TextLine id="tr_1_tl_9" custom="readingOrder {index:8;}">
                <Coords points="2693,1413 2716,1423 2757,1407 2830,1417 2871,1391 2897,1407 2957,1399 2971,1411 3014,1397 3048,1417 3083,1411 3083,1346 2989,1352 2965,1342 2912,1360 2848,1336 2812,1336 2797,1350 2775,1334 2722,1340 2693,1325"/>
                <Baseline points="2703,1384 2747,1384 2792,1384 2837,1384 2882,1387 2926,1387 2971,1387 3016,1387 3061,1387 3087,1387"/>
                <TextEquiv>
                    <Unicode>worden ist?</Unicode>
                </TextEquiv>
            </TextLine>
            <TextLine id="tr_1_tl_10" custom="readingOrder {index:9;}">
                <Coords points="2965,1495 4235,1503 4206,1419 3462,1460 2965,1427"/>
                <Baseline points="2977,1488 3022,1491 3067,1491 3111,1488 3156,1491 3201,1491 3246,1491 3290,1491 3335,1491 3380,1491 3425,1488 3469,1488 3514,1488 3559,1491 3604,1491 3648,1491 3693,1491 3738,1491 3783,1491 3827,1491 3872,1491 3917,1491 3962,1494 4006,1494 4051,1494 4096,1494 4141,1491 4185,1494 4230,1491 4239,1491"/>
                <TextEquiv>
                    <Unicode>2. Im Laufe der Winter- oder Frühjahrs</Unicode>
                </TextEquiv>
            </TextLine>
            <TextLine id="tr_1_tl_11" custom="readingOrder {index:10;}">
                <Coords points="2728,1535 4213,1560 4180,1499 3001,1505 2946,1458 2726,1493"/>
                <Baseline points="2738,1533 2783,1536 2828,1536 2873,1536 2917,1536 2962,1536 3007,1536 3052,1536 3096,1536 3141,1539 3186,1542 3231,1542 3275,1536 3320,1542 3365,1545 3410,1545 3454,1545 3499,1545 3544,1542 3589,1542 3633,1539 3678,1542 3723,1542 3768,1542 3812,1542 3857,1542 3902,1542 3947,1545 3992,1545 4036,1542 4081,1542 4105,1539 4141,1542 4185,1545 4218,1548"/>
                <TextEquiv>
                    <Unicode>onate hat Frau constantin im Ausland,wie in</Unicode>
                </TextEquiv>
            </TextLine>
            <TextLine id="tr_1_tl_12" custom="readingOrder {index:11;}">
                <Coords points="2693,1594 4137,1629 4137,1543 2693,1554"/>
                <Baseline points="2703,1584 2747,1581 2792,1584 2837,1584 2882,1587 2926,1584 2971,1584 3016,1587 3061,1587 3105,1587 3150,1590 3195,1590 3240,1590 3284,1590 3329,1590 3374,1590 3419,1590 3463,1590 3508,1590 3553,1590 3598,1590 3642,1590 3687,1590 3732,1590 3777,1593 3821,1593 3866,1593 3911,1593 3956,1593 4000,1596 4045,1596 4090,1590 4135,1590 4141,1590"/>
                <TextEquiv>
                    <Unicode>verschiedenen Zeitungen zu lesen stand,mit</Unicode>
                </TextEquiv>
            </TextLine>
            <TextLine id="tr_1_tl_13" custom="readingOrder {index:12;}">
                <Coords points="2687,1658 4070,1648 4068,1603 3829,1592 3729,1621 2685,1596"/>
                <Baseline points="2697,1634 2741,1634 2786,1637 2831,1634 2876,1634 2920,1634 2965,1634 3010,1634 3055,1634 3099,1637 3144,1637 3189,1640 3234,1640 3278,1637 3323,1640 3368,1640 3413,1640 3457,1643 3502,1643 3547,1643 3592,1643 3636,1640 3681,1640 3726,1640 3771,1640 3815,1637 3860,1637 3905,1637 3950,1640 3994,1643 4039,1643 4075,1640"/>
                <TextEquiv>
                    <Unicode>Einaktern von mir (ich glaube „literatur</Unicode>
                </TextEquiv>
            </TextLine>
            <TextLine id="tr_1_tl_14" custom="readingOrder {index:13;}">
                <Coords points="4135,1676 4145,1676 4162,1686 4184,1672 4200,1680 4208,1674 4223,1684 4237,1682 4233,1597 4219,1597 4217,1601 4208,1596 4196,1609 4180,1607 4166,1597 4149,1597 4143,1605 4133,1605"/>
                <Baseline points="4144,1643 4188,1643 4233,1646 4239,1646"/>
                <TextEquiv>
                    <Unicode>und</Unicode>
                </TextEquiv>
            </TextLine>
            <TextLine id="tr_1_tl_15" custom="readingOrder {index:14;}">
                <Coords points="3801,1676 3835,1676 3903,1711 3929,1701 3956,1709 3992,1694 4013,1709 4041,1696 4100,1703 4094,1641 3988,1656 3939,1645 3925,1656 3898,1639 3850,1648 3833,1637 3799,1647"/>
                <Baseline points="3812,1667 3857,1667 3902,1676 3947,1688 3992,1691 4036,1691 4081,1688 4102,1685"/>
                <TextEquiv>
                    <Unicode>joh Sie</Unicode>
                </TextEquiv>
            </TextLine>
            <TextLine id="tr_1_tl_16" custom="readingOrder {index:15;}">
                <Coords points="2700,1692 3295,1686 3440,1717 3856,1694 3731,1641 3499,1674 3470,1645 3301,1641 3260,1672 3171,1643 2700,1643"/>
                <Baseline points="2712,1688 2732,1685 2777,1688 2822,1691 2867,1691 2911,1688 2956,1685 3001,1685 3046,1688 3090,1688 3135,1688 3180,1688 3225,1685 3271,1684 3311,1685 3356,1694 3401,1697 3446,1697 3490,1700 3535,1697 3580,1694 3625,1691 3669,1691 3714,1691 3759,1688 3804,1688 3848,1694 3860,1691"/>
                <TextEquiv>
                    <Unicode>„äbschiedssouper) pastlert. Darr</Unicode>
                </TextEquiv>
            </TextLine>
            <TextLine id="tr_1_tl_17" custom="readingOrder {index:16;}">
                <Coords points="2693,1743 4117,1758 4115,1698 2691,1692"/>
                <Baseline points="2703,1730 2747,1733 2792,1733 2837,1733 2882,1736 2926,1733 2971,1736 3016,1736 3061,1739 3105,1736 3150,1736 3195,1736 3240,1736 3284,1736 3329,1739 3374,1736 3419,1739 3463,1739 3508,1739 3553,1739 3598,1742 3642,1742 3687,1739 3732,1739 3777,1742 3821,1739 3866,1739 3911,1742 3956,1742 4000,1742 4045,1742 4090,1739 4123,1736"/>
                <TextEquiv>
                    <Unicode>bitten sich für diese Angelegenheit zu in¬</Unicode>
                </TextEquiv>
            </TextLine>
            <TextLine id="tr_1_tl_18" custom="readingOrder {index:17;}">
                <Coords points="2693,1784 4155,1807 4155,1760 4017,1741 2693,1745"/>
                <Baseline points="2703,1778 2747,1781 2792,1778 2837,1781 2882,1781 2926,1784 2971,1784 3016,1784 3061,1784 3105,1784 3150,1784 3195,1787 3240,1790 3284,1787 3329,1787 3374,1787 3419,1787 3463,1787 3508,1787 3553,1784 3598,1787 3642,1787 3687,1790 3732,1790 3777,1793 3821,1793 3866,1790 3911,1787 3956,1790 4000,1790 4045,1790 4090,1790 4135,1790 4159,1793"/>
                <TextEquiv>
                    <Unicode>teressieren,eventuell die Namen der Städte,</Unicode>
                </TextEquiv>
            </TextLine>
            <TextLine id="tr_1_tl_19" custom="readingOrder {index:18;}">
                <Coords points="2683,1839 4166,1857 4166,1807 3901,1788 2683,1784"/>
                <Baseline points="2694,1828 2738,1831 2783,1831 2828,1831 2873,1831 2917,1831 2962,1834 3007,1831 3052,1831 3096,1834 3141,1834 3186,1837 3231,1834 3275,1834 3320,1837 3365,1834 3410,1837 3454,1837 3499,1837 3544,1837 3589,1837 3633,1837 3678,1840 3723,1840 3768,1840 3812,1837 3857,1837 3902,1837 3947,1837 3992,1840 4036,1840 4081,1840 4126,1840 4171,1840"/>
                <TextEquiv>
                    <Unicode>in denen das Gastspiel stattgefunden hat zu</Unicode>
                </TextEquiv>
            </TextLine>
            <TextLine id="tr_1_tl_20" custom="readingOrder {index:19;}">
                <Coords points="2675,1890 4160,1913 4160,1855 4094,1841 2675,1845"/>
                <Baseline points="2685,1876 2729,1879 2774,1882 2819,1882 2864,1882 2908,1882 2953,1885 2998,1882 3043,1882 3087,1882 3132,1882 3177,1882 3222,1882 3266,1882 3311,1882 3356,1885 3401,1885 3446,1885 3490,1885 3535,1885 3580,1888 3625,1885 3669,1888 3714,1888 3759,1888 3804,1891 3848,1888 3893,1891 3938,1891 3983,1891 4027,1888 4072,1888 4117,1888 4162,1891 4165,1891"/>
                <TextEquiv>
                    <Unicode>erkunden und die Tantièmen einzuziehen,wenn</Unicode>
                </TextEquiv>
            </TextLine>
            <TextLine id="tr_1_tl_21" custom="readingOrder {index:20;}">
                <Coords points="2683,1982 2954,1943 3372,1941 3576,1972 3658,1955 3658,1888 2683,1896"/>
                <Baseline points="2694,1927 2738,1930 2783,1933 2828,1930 2873,1933 2917,1933 2962,1933 3007,1933 3052,1936 3096,1936 3141,1933 3186,1933 3231,1936 3275,1936 3320,1936 3365,1936 3410,1933 3454,1936 3499,1933 3544,1936 3589,1936 3633,1939 3663,1936"/>
                <TextEquiv>
                    <Unicode>es noch nicht geschehen ist?</Unicode>
                </TextEquiv>
            </TextLine>
            <TextLine id="tr_1_tl_22" custom="readingOrder {index:21;}">
                <Coords points="2952,2045 4078,2061 4157,2035 4157,1982 4080,2004 3966,1962 3407,2006 3305,1974 3046,2010 2952,1978"/>
                <Baseline points="2962,2025 3007,2031 3052,2031 3096,2031 3141,2031 3186,2034 3231,2034 3275,2031 3320,2034 3365,2034 3410,2031 3454,2034 3499,2034 3544,2034 3589,2034 3633,2034 3678,2034 3723,2034 3768,2034 3812,2034 3857,2037 3902,2037 3947,2040 3992,2037 4036,2037 4081,2037 4126,2037 4162,2028"/>
                <TextEquiv>
                    <Unicode>3. Gern wüsste ih, wie sich nun ei-</Unicode>
                </TextEquiv>
            </TextLine>
            <TextLine id="tr_1_tl_23" custom="readingOrder {index:22;}">
                <Coords points="2689,2082 2914,2120 3101,2082 4204,2102 4178,2033 4072,2067 2689,2045"/>
                <Baseline points="2700,2070 2744,2076 2789,2079 2834,2082 2879,2082 2923,2082 2968,2082 3013,2079 3058,2079 3102,2082 3147,2085 3192,2085 3237,2085 3281,2085 3326,2085 3371,2085 3416,2085 3460,2082 3505,2082 3550,2082 3595,2085 3639,2085 3684,2085 3729,2085 3774,2085 3818,2085 3863,2088 3908,2091 3953,2094 3997,2091 4042,2094 4087,2094 4132,2091 4176,2088 4206,2085"/>
                <TextEquiv>
                    <Unicode>gentlich die Angelegenheit mit dem Gang zum</Unicode>
                </TextEquiv>
            </TextLine>
            <TextLine id="tr_1_tl_24" custom="readingOrder {index:23;}">
                <Coords points="2691,2163 2730,2165 2738,2155 2763,2171 2806,2159 2822,2169 2832,2163 2852,2167 2848,2096 2820,2096 2799,2084 2789,2092 2775,2086 2742,2092 2718,2074 2700,2080 2687,2076"/>
                <Baseline points="2700,2130 2718,2145 2762,2145 2807,2148 2855,2144"/>
                <TextEquiv>
                    <Unicode>e ihe</Unicode>
                </TextEquiv>
            </TextLine>
            <TextLine id="tr_1_tl_25" custom="readingOrder {index:24;}">
                <Coords points="2930,2169 3030,2135 3523,2137 4217,2178 4235,2100 2930,2108"/>
                <Baseline points="2941,2130 2986,2130 3031,2130 3076,2133 3120,2130 3165,2130 3210,2133 3255,2133 3299,2133 3344,2133 3389,2133 3434,2133 3478,2133 3523,2136 3568,2136 3613,2136 3657,2136 3702,2133 3747,2133 3792,2136 3836,2136 3881,2139 3926,2136 3971,2136 4015,2139 4060,2139 4105,2139 4150,2142 4194,2142 4239,2142"/>
                <TextEquiv>
                    <Unicode>weiterentwickelt hat.- wenn überhaupt.</Unicode>
                </TextEquiv>
            </TextLine>
            <TextLine id="tr_1_tl_26" custom="readingOrder {index:25;}">
                <Coords points="2952,2229 4109,2251 4080,2192 3805,2190 3691,2145 3432,2171 3126,2143 2952,2174"/>
                <Baseline points="2962,2222 3007,2225 3052,2225 3096,2228 3141,2225 3186,2228 3231,2228 3275,2228 3320,2228 3365,2228 3410,2228 3454,2228 3499,2228 3544,2231 3589,2228 3633,2228 3678,2231 3723,2228 3768,2231 3812,2231 3857,2234 3902,2237 3947,2237 3992,2240 4036,2237 4081,2237 4114,2237"/>
                <TextEquiv>
                    <Unicode>4. Frau Oberstleutnant Schierning,</Unicode>
                </TextEquiv>
            </TextLine>
            <TextLine id="tr_1_tl_27" custom="readingOrder {index:26;}">
                <Coords points="2659,2280 2877,2306 2954,2280 3007,2318 3238,2280 3825,2284 3825,2245 3727,2231 3010,2255 2924,2206 2659,2222"/>
                <Baseline points="2670,2273 2706,2273 2750,2279 2795,2282 2840,2282 2885,2285 2929,2279 2974,2276 3019,2276 3064,2276 3108,2279 3153,2279 3198,2276 3243,2276 3287,2279 3332,2279 3377,2282 3422,2282 3466,2282 3511,2279 3556,2279 3601,2282 3645,2282 3690,2282 3735,2276 3780,2279 3827,2280"/>
                <TextEquiv>
                    <Unicode>uelsingörersucht mich um das Gebe</Unicode>
                </TextEquiv>
            </TextLine>
            <TextLine id="tr_1_tl_28" custom="readingOrder {index:27;}">
                <Coords points="3888,2288 3915,2280 3925,2288 4021,2284 4084,2290 4100,2304 4129,2288 4155,2290 4155,2241 4139,2239 4125,2251 4115,2245 4100,2251 4092,2243 4068,2251 3962,2245 3945,2255 3933,2247 3888,2247"/>
                <Baseline points="3899,2283 3947,2282 3992,2282 4036,2282 4081,2285 4126,2282 4159,2279"/>
                <TextEquiv>
                    <Unicode>set zungs</Unicode>
                </TextEquiv>
            </TextLine>
            <TextLine id="tr_1_tl_29" custom="readingOrder {index:28;}">
                <Coords points="2675,2329 3220,2331 3427,2377 3556,2335 4249,2343 4233,2273 4096,2308 2675,2286"/>
                <Baseline points="2685,2321 2729,2321 2774,2324 2819,2324 2864,2321 2908,2324 2953,2324 2998,2324 3043,2324 3087,2324 3132,2324 3177,2327 3222,2327 3266,2330 3311,2333 3356,2339 3401,2336 3446,2333 3490,2333 3535,2333 3580,2333 3625,2333 3669,2333 3714,2330 3759,2330 3804,2330 3848,2330 3893,2330 3938,2330 3983,2330 4027,2330 4072,2330 4117,2327 4162,2333 4206,2333 4251,2336 4254,2336"/>
                <TextEquiv>
                    <Unicode>recht einiger meiner Novellen Ihs xxxsche und</Unicode>
                </TextEquiv>
            </TextLine>
            <TextLine id="tr_1_tl_30" custom="readingOrder {index:29;}">
                <Coords points="2677,2388 4090,2404 4157,2377 4157,2329 3415,2331 3366,2365 2677,2331"/>
                <Baseline points="2688,2377 2715,2371 2759,2371 2804,2371 2849,2371 2894,2374 2938,2371 2983,2374 3028,2374 3073,2374 3117,2377 3162,2377 3207,2377 3252,2371 3296,2371 3341,2377 3386,2380 3431,2380 3475,2380 3520,2374 3565,2374 3610,2377 3654,2377 3699,2377 3744,2377 3789,2377 3833,2374 3878,2374 3923,2371 3968,2377 4012,2377 4059,2376 4059,2376 4102,2357 4147,2357 4159,2359"/>
                <TextEquiv>
                    <Unicode>zwar „Ein Abschild“, „Die Frau des Weisen“</Unicode>
                </TextEquiv>
            </TextLine>
            <TextLine id="tr_1_tl_31" custom="readingOrder {index:30;}">
                <Coords points="2675,2441 4157,2445 4157,2392 2675,2388"/>
                <Baseline points="2685,2425 2729,2419 2774,2419 2819,2422 2864,2422 2908,2422 2953,2422 2998,2425 3043,2425 3087,2422 3132,2425 3177,2425 3222,2428 3266,2428 3311,2425 3356,2425 3401,2425 3446,2428 3490,2428 3535,2428 3580,2428 3625,2431 3669,2428 3714,2431 3759,2431 3804,2428 3848,2428 3893,2428 3938,2428 3983,2431 4027,2434 4072,2434 4117,2431 4162,2434"/>
                <TextEquiv>
                    <Unicode>„Griechische Tänzerin", „Spiel im Morengrau</Unicode>
                </TextEquiv>
            </TextLine>
            <TextLine id="tr_1_tl_32" custom="readingOrder {index:31;}">
                <Coords points="2671,2483 4070,2512 4155,2479 4153,2443 3972,2432 2669,2447"/>
                <Baseline points="2682,2470 2726,2470 2771,2470 2816,2470 2861,2473 2905,2473 2938,2470 2947,2473 2950,2470 2995,2473 3040,2476 3084,2473 3129,2476 3174,2476 3219,2476 3264,2476 3308,2479 3353,2476 3398,2476 3443,2476 3487,2479 3532,2479 3577,2479 3622,2479 3666,2479 3711,2479 3756,2479 3801,2479 3845,2479 3890,2479 3935,2479 3980,2482 4024,2482 4069,2482 4114,2476 4159,2470"/>
                <TextEquiv>
                    <Unicode>en“. Es handelt sich vorläufig um Zeitungs-</Unicode>
                </TextEquiv>
            </TextLine>
            <TextLine id="tr_1_tl_33" custom="readingOrder {index:32;}">
                <Coords points="2669,2539 4151,2563 4125,2492 2669,2483"/>
                <Baseline points="2679,2521 2723,2524 2768,2521 2813,2524 2858,2524 2903,2527 2947,2527 2992,2530 3037,2530 3082,2533 3126,2530 3171,2530 3216,2530 3261,2530 3305,2530 3350,2530 3395,2530 3440,2530 3484,2533 3529,2533 3574,2530 3619,2533 3663,2533 3708,2530 3753,2530 3798,2533 3842,2533 3887,2533 3932,2536 3977,2536 4021,2536 4066,2539 4111,2536 4156,2536"/>
                <TextEquiv>
                    <Unicode>abdruck. Ich erlaube mir die Dame an Sie zu</Unicode>
                </TextEquiv>
            </TextLine>
            <TextLine id="tr_1_tl_34" custom="readingOrder {index:33;}">
                <Coords points="2667,2604 2704,2602 2714,2610 2749,2598 2800,2614 2814,2604 2867,2598 2910,2610 2908,2538 2806,2541 2757,2532 2712,2549 2702,2541 2665,2541"/>
                <Baseline points="2676,2574 2721,2574 2765,2577 2810,2577 2855,2577 2900,2580 2911,2577"/>
                <TextEquiv>
                    <Unicode>weisen.</Unicode>
                </TextEquiv>
            </TextLine>
            <TextLine id="tr_1_tl_35" custom="readingOrder {index:34;}">
                <Coords points="2944,2649 4212,2649 4192,2557 4135,2596 3954,2561 3111,2608 2942,2553"/>
                <Baseline points="2953,2622 2998,2625 3043,2625 3087,2625 3132,2625 3177,2628 3222,2628 3266,2628 3311,2631 3356,2631 3401,2631 3446,2631 3490,2631 3535,2631 3580,2628 3625,2631 3669,2631 3714,2631 3759,2631 3804,2628 3848,2631 3893,2634 3938,2637 3983,2634 4027,2637 4072,2637 4117,2634 4162,2634 4206,2634 4215,2634"/>
                <TextEquiv>
                    <Unicode>Wäre es Ihnen möglich mir das Heft 5.</Unicode>
                </TextEquiv>
            </TextLine>
            <TextLine id="tr_1_tl_36" custom="readingOrder {index:35;}">
                <Coords points="2647,2726 3876,2702 3876,2642 3835,2630 3399,2634 3332,2673 3275,2634 2961,2649 2859,2598 2647,2632"/>
                <Baseline points="2658,2673 2703,2676 2747,2679 2792,2682 2837,2682 2882,2682 2926,2682 2971,2679 3016,2679 3061,2682 3105,2685 3150,2691 3195,2688 3240,2691 3284,2694 3329,2691 3374,2688 3419,2685 3463,2685 3508,2685 3553,2685 3598,2682 3642,2685 3687,2682 3732,2682 3777,2682 3821,2682 3866,2685 3881,2685"/>
                <TextEquiv>
                    <Unicode>Jahrg.21 des Gral zu verschaffen?</Unicode>
                </TextEquiv>
            </TextLine>
            <TextLine id="tr_1_tl_37" custom="readingOrder {index:36;}">
                <Coords points="2969,2795 3846,2802 3846,2726 3746,2714 3470,2732 3379,2698 3185,2749 3062,2710 2969,2726"/>
                <Baseline points="2980,2777 3025,2774 3070,2777 3114,2774 3159,2777 3204,2777 3249,2780 3293,2780 3338,2780 3383,2783 3428,2780 3472,2780 3517,2780 3562,2783 3607,2783 3651,2783 3696,2783 3741,2786 3786,2786 3830,2786 3851,2783"/>
                <TextEquiv>
                    <Unicode>Mit verbindlichen Grüssen</Unicode>
                </TextEquiv>
            </TextLine>
            <TextLine id="tr_1_tl_38" custom="readingOrder {index:37;}">
                <Coords points="2965,2863 3142,2844 3173,2859 3232,2844 3262,2863 3313,2842 3387,2855 3487,2838 3591,2863 3591,2797 3538,2791 3393,2804 3191,2787 3116,2804 3016,2781 2965,2795"/>
                <Baseline points="2977,2831 3022,2831 3067,2831 3111,2831 3156,2831 3201,2831 3246,2834 3290,2834 3335,2834 3380,2834 3425,2834 3469,2834 3514,2834 3559,2834 3595,2834"/>
                <TextEquiv>
                    <Unicode>Ihr sehr ergebener</Unicode>
                </TextEquiv>
            </TextLine>
            <TextLine id="tr_1_tl_39" custom="readingOrder {index:38;}">
                <Coords points="2655,3042 3423,3056 3423,2991 3266,2999 3146,2957 3007,2956 2961,2989 2850,2956 2655,2971"/>
                <Baseline points="2667,3034 2712,3034 2756,3034 2801,3034 2846,3037 2891,3034 2935,3034 2980,3034 3025,3034 3070,3034 3114,3034 3159,3034 3204,3034 3249,3037 3293,3034 3338,3037 3383,3040 3428,3040"/>
                <TextEquiv>
                    <Unicode>Herrn Dr.Konrad Maril,</Unicode>
                </TextEquiv>
            </TextLine>
            <TextLine id="tr_1_tl_40" custom="readingOrder {index:39;}">
                <Coords points="2722,3097 2773,3099 2795,3120 2834,3089 2904,3107 2979,3089 3044,3105 3065,3093 3240,3101 3240,3050 3195,3040 3089,3050 3022,3038 2912,3056 2885,3042 2722,3042"/>
                <Baseline points="2732,3091 2780,3087 2825,3084 2870,3084 2914,3084 2959,3087 3004,3087 3049,3087 3093,3087 3138,3090 3183,3093 3228,3093 3243,3093"/>
                <TextEquiv>
                    <Unicode>Fischer,Verlag,</Unicode>
                </TextEquiv>
            </TextLine>
        </TextRegion>
    </Page>
</PcGts>
