4433 3992
463 1141 716 1242 zschuld x
354 1158 1962 1278 meine Schuld, dass mir die Valuten nicht gleich
358 1231 2040 1330 im Original berechnet und ausgezahlt worden sind.
352 1292 1949 1387 Es wäre wahrhaftig die höchste Zeit, dass diese
354 1356 1987 1434 Angelegenheit endlich erledigt wird. Damit, dass
360 1400 1960 1492 Sie bereit sind mir auch auf diese verspäteten
364 1450 1953 1543 valutazahlungen eine Akontozahlung zu leisten,
364 1507 1899 1604 ist mir nicht gedient. Mir kommt es vor allem
358 1543 1991 1665 auf die ziffermässige endgültige Erledigung an.
368 1604 1989 1692 voh konstatiere, dass mir an weiteren Vorauszah-
366 1663 1897 1756 lungen seit Oktober am 6.11. 400 Milliar den
366 1701 2025 1806 am 6.11. 21 Milliarden, 9.11.10 Billionen, am 20.
373 1764 1968 1865 11.38,3 Billionen (zusammen also etwa 50 Cold-
373 1787 2008 1913 mark ) und am 15.12. 750 Goldmark überwiesen wor
375 1859 1979 1945 den sind, so dass die Gesammtsumme, die ich bis
370 1918 1966 2019 her vom verlag Fischer im ganzen Jahr 1923 er-
373 1962 1892 2067 halten habe für Bücher noch keine 2000 Gold-
373 2004 1989 2111 mark beträgt. Es kommen dazu nur einige Millio-
375 2063 1905 2156 nen österreichischer Kronen. Ich ersuche also
385 2092 1979 2217 1. um Klarstellung und Erledigung unserer Ab-
373 2147 2010 2271 rechnungen mit besonderer Berücksichtigung xxx
381 2210 2006 2309 der auf mich entfallenden Valuten, ferner um ei-
389 2257 2008 2370 ne den tatsächlichen Verkaufsverhältnissen sich
389 2320 2038 2406 irgendwie annähernden Akontozahlung für Deutseh-
387 2364 2059 2475 land und Oesterreich und zwar Ihrem Vorschlag ge¬
385 2423 2019 2528 mäss in österreichischen Kronen für Oesterreich
387 2492 1568 2585 und in Markscheck für Deutschland.
728 2541 2012 2663 Warum Sie nicht unseren Vertrag xxx
383 2614 1945 2739 soweit er sich auf meine bisherigen Werke be-
394 2667 1949 2781 zieht, erneuern wollen, ist mir nicht ganz ver-
392 2692 1979 2831 ständlich. Sie sagen eine Neuf ormulierung wäre
394 2770 1981 2882 nicht notwendig,es würde genügen die von Ihnen
385 2827 1918 2939 notierten Punkte als Nachträge hinzu unserem
398 2861 1951 2979 Vortrag hinzuzufügen. Aber von diesem Vertrag
360 2926 1953 3033 bsteht ja in Wirklichkeit nicht mehr ein xxx
389 2970 2017 3092 Parograph zurecht. Die Perzente waren in diesen
396 3025 1964 3149 Vertrag auf 25% festgesetzt. Diese 25% haben
389 3080 1964 3202 sich im Laufe der Zeit auf 20, auf 15. auf noch
358 3126 1901 3259 weniger verringert. In diesem Vertrag heisst
791 3162 1993 3305 Honorar für alle gedruckten Aufla-
385 3225 733 3332 es, dass de
3907 836 4153 951 12/1 24
2473 1015 4084 1149 gen bar vorauszuzahlen ist. Wie lange Zeit das
2467 1120 3938 1185 schon nicht geschieht, wissen Sie selbst am
2467 1164 4138 1236 besten, lieber Freund. Nach § 5 würden diese Ver-
2509 1225 4164 1290 tragsbestimmungen unter Aufhebung aller bisheri-
2467 1255 3987 1360 gen Verträge auch für alle zukünftigen Werke
2465 1335 3968 1434 gelten, die ich dem Verlag Fischer übertragen
2454 1368 2709 1442 sollte.
2732 1463 4101 1577 Sie sagen, dass ich mit den Abänderungen
2454 1526 4061 1602 die Sie mir im Laufe der Jahre (stee zu meinen
2450 1585 4018 1671 Ungunsten) vorschlugen, mich stets einverstan-
2461 1627 4088 1716 den erklärt hätte. Sehr richtig, Aber was hättte
2454 1680 4027 1760 ich tun sollen? Sie verhehlten mir keineswegs
2452 1735 4052 1793 dass Sie zu diesen Abänderungen durch die Ver-
2444 1789 4117 1863 hältnisse gezwungen seien, dass Sie einfach nicht
2450 1846 4111 1928 inder Lage wären meine Werke weiter zu drucken.
2450 1899 4018 1962 wenn ich die Abänderungen,die Herabsetzungen
2442 1953 4000 2031 meiner Autorenhonorare.nicht gut hiesse
2450 1987 4069 2057 Ich will nicht davon sprechen,wie oft : selbst
2465 2044 4069 2124 serständlich unter der Foree majeure - gewisse
2440 2101 4094 2202 ungeschriebene, sich von selbst verstehende Para¬
2442 2145 3943 2227 graphen unseres Vertrags durch sie verletzt
2438 2204 3966 2271 wurden, wie häufig viele meiner Werke auf den
2440 2248 4071 2334 Büchermarkte fehlten,wie mangelhaft organisiert
2461 2299 3987 2374 (nicht nur unter dem pruck der force majeure
2438 2353 4071 2438 der Vertrieb meiner (und nicht nur meiner) Werke
2440 2414 4111 2488 sich gestaltet hat,nicht davon, dass sogar
2431 2467 3981 2530 meine Gesamtausgabe nicht zu beschaffen war
2431 2507 4079 2587 und dass gerade zur Zeit meines 60.Geburtstages
2431 2551 4105 2646 dieser Vertrieb, jaxsogxxxdicxxxxxkungsdaxx
2395 2583 3943 2680 xxx alles zu wünschen übri¬
2431 2661 4073 2762 liess, ja dass die neue Gesammtausgabe durch den
2425 2703 4027 2791 Streik (mit dessen Möglichkeit man wohl hätte
2423 2755 4096 2848 bis zu einem gewissen Grade rechnen können) nicht
2423 2808 4069 2913 fertig gestellt war. Ja, Sie hatten mit grossen
2429 2873 4096 2964 Schwierigkeiten zu kämpfen. Aber es geht deswegen
2425 2926 4082 3040 doch nient an, dass die notgedrungene Nachgiebig
2419 2974 3968 3059 keit Ihrer Autoren, die Ihre Verfügungen, wenn
2425 3031 3688 3118 auch nicht immer ruhig, so doch, zum xxx
3736 3042 3821 3126 do
2425 3080 3682 3168 was mich anbelangt, ohne jeden Versu
3738 3094 3957 3168 einer
2414 3109 4105 3252 Gegenmasenahme ohne sich ihrerseits für eventuel-
3139 3252 3770 3330 sehr ergebener
