4398 3976
331 909 1841 1051 Ein holländischer Schriftsteller, Charles van
333 982 1839 1104 Jersel, bittet mich ein Manuscript, das er zur
323 1015 1900 1151 Lektüre vor Monaten an mich gesandt hat, direkt
323 1078 1861 1200 an sie weiterzuleiten. Es handelt sich um ein
309 1126 1748 1246 Stück „Tristan und Isolde.das er in deut-
309 1181 1886 1303 schen Versen geschrieben hat. Er nimmt an, dass
309 1224 1843 1348 er auf das Interesse eines deutschen Verlages
306 1268 1837 1404 rechnen kann, weil im Laufe der nächsten Zeit,
288 1329 1752 1449 wie er mir schreibt, vier Bücher von ihm in
292 1364 1857 1508 Holland ers heinen werden. Er wird sich natür-
290 1429 1664 1536 lich auch noch persönlich an Sie wenden.
2427 260 2628 382 P. I.
2235 796 2683 942 de Ml
3302 838 3720 936 27.10.1924.
2576 907 2744 980 G.C.H.
2332 1009 3105 1151 Verehrter Herr Doktor.
2677 1175 3911 1287 Beiliegend das letzte Schreiben von
2324 1244 3797 1329 How & Raggio. Wollen Sie die Angelegenheit
2324 1279 3899 1388 weiter Tühren? Die Leute sind bereit Garantie
2332 1337 3895 1447 zu zahlen. Es müsste natürlich ein Termin be-
2291 1406 3743 1467 stimmt werden, zu dem die Autorisation wie-
2285 1457 3783 1549 der an uns zurückfällt, wenn H.& R. nicht zum
2279 1482 2738 1597 Ziele kommen
2657 1571 3866 1678 Die freundlichst gesandten peferate
2302 1628 3877 1743 folgen demnächst zurück. Ist in Wochenschrif¬
2314 1701 3874 1821 ten etc. (Weltbühne und dergleichen) kein Be-
2306 1745 2882 1827 richt gestanden?
2649 1827 3915 1967 Sie fragten neulich wegen einer Vor¬
2300 1885 3883 1999 lesung in Stuttgart an. Da sich nun eine deut-
2298 1965 3818 2054 sche Agentur wegen einer Tournée in Deutsch-
2297 2021 3797 2095 land (die ich übrigens nicht zu unternehmen
2324 2066 3828 2155 gedenke) an mich gesandt hat, möchte ich Sie
2285 2127 3765 2224 die Sache gerne bald ins Reine bringen,und
2285 2164 3580 2273 wäre für baldige Nachricht verbunden.
2651 2229 3611 2364 Mit verbindlichsten Grüssen
2900 2324 3024 2409 Ihr
2385 2431 3895 2535 „Zwischenspiel“ ist übrigens vom Grafen Nani
2360 2460 3913 2584 ins Italienische übersetzt,in der Nuova Anto-
2352 2529 3858 2645 logia erschienen und 1907 in Turin gespielt
2350 2584 3117 2703 worden (1 Mal,öfters?)
2216 2774 3377 2925 Herrn Dr. Maril, S.Fischer,Verlag,
2220 2868 2478 2957 Berlin
