4433 3992
466 1060 1740 1174 Wegen peklam haben Sie mir noch immer
193 1143 1800 1222 nicht geantwortet. Eben gestern erhielt ich wie-
197 1205 1678 1276 der ein Schriben von ihm, an dessen ende es
197 1257 1750 1332 heisst: „An den Schluss des Bändchens kommt ja
193 1297 1684 1386 sowieso noch eine Anzeige Ihrer sämmtlichen
203 1342 1715 1433 Werke, so dass der Verlag Fischer hoffentlich
193 1396 1843 1491 mit den Pboben aus Ihren Novellenbänden nur ein-
197 1458 1750 1533 verstanden sein kann. Feklam möchte folgende
199 1500 1810 1589 Novellen drucken: Die Frau des Weisen, Das neue
203 1560 1721 1634 Lied, sie dreifache Warnung, Blumen. Ich bin
197 1614 1804 1690 mit der Zusammensellung nicht ganz einverstan¬
199 1661 1680 1750 den und werde ihm statt „Das neue Lied“ und
209 1717 1748 1831 „Blumen", „ren blinden Geronimo vorschlagen.
514 1769 1694 1887 Direktor Feilchenfeld schreibt mir
199 1827 1858 1932 dass nun ausländische Valuten ohneweiters in der
205 1906 1719 1995 Bank deponiert werden können. Ich bitte also
199 1924 1862 2069 die polnischen vark, Danziger Gulden etc. dorthin
199 2034 706 2133 zu überweisen.
638 2092 1363 2225 Mit herzlichem Gruss
868 2181 973 2262 Ihr
203 2929 1013 3041 Herrn S.Fischer,Verlag,
236 3010 487 3090 Berl in.
1444 3326 1524 3422 D
3304 874 3645 996 5.2.1924.
2349 905 2865 1058 v. 3 chex
2804 1009 3072 1127 G.C.H.F
2399 1096 2910 1234 Lieber Freund.
2697 1208 3962 1344 Ihre Briefe vom 30. und 31. Jänuar d.
2384 1324 3979 1411 J. will ich heute nur in aller Kürze beantwor¬
2432 1365 3933 1450 ten. Für die genauen Abrechnungen danke ich
2423 1392 3962 1502 bestens. Die 277 Goldmark habe ich durch die
2417 1462 3993 1570 Bank für a:H. bereits angewiesen erhalten, die
2430 1527 3898 1609 40 Danziger Gulden und 16 Millionen p.Mark
2425 1570 3962 1671 folgen wohl bald. Die Bodenkreditanstalt hat
2425 1630 3923 1709 mir die österreichen 4(4 wil ionen) und die
2434 1680 3904 1765 czechischen (375) schon best ätigt. sie 2412
2438 1732 3848 1814 Francs bitte ich an mein Konto in Zürich.
2434 1754 3948 1870 Eidgenössische Bank, zu überweisen. Sie brau
2436 1808 4039 1928 chen also in diesem Falle keinen Brief für das
2432 1897 3105 1972 Berlliner Finanzamt.
2749 1978 3964 2086 Die Stelle in Ihrem Brief vom 30.1.
3177 2036 3842 2100 er Franken, die etwa
2440 2051 3101 2119 über die 1424 schwe¬
3171 2086 3295 2131 G.H.F.P.
2446 2092 3869 2179 17; Millionen österr. Kr.ausmachen, ist mir
2440 2123 3975 2222 noch nicht ganz klar geworden. Ich werde sie
2436 2193 3971 2285 erst nach genauer Durchsicht der Abrechnung
2444 2243 3937 2326 verstehen. "orläufig nehme ich an, dass die
2444 2297 3911 2394 1424 Franken in den 2412 miteingeschlossen
2446 2347 3979 2430 ein dürften. Ihr neuer Verrechnungsvorschlag
2446 2388 3948 2492 leuchtet mir durchaus ein und so bitte ich,
2450 2446 4027 2529 vor Ihrer Abreise die notwendigen Verfügungen
2446 2498 3923 2591 betreffs Aufstellung und Vorauszahlung der
2452 2529 4012 2664 betreffenden Auflagenteile freundlichst tref-
2446 2622 2941 2724 fen zu wollen.
2792 2682 3989 2800 Die endgültigen Verhandlungen über
2446 2738 4024 2846 die neue Vertragstassung können wir natürlich
2459 2817 3956 2920 bis nach Rückkehr von ihrer Reise aufschie-
2450 2887 2614 2958 ben.
2811 2912 4060 3055 Ihre Zustimmung betreffs Reclam neh-
2444 3020 3449 3138 me ich dankend zur Kenntnis.
3043 3196 3687 3304 Ihr sehr ergebener
