4451 3960
2317 733 2727 889 S. Fischer
3341 817 3695 942 6.10.1927.
2520 1045 3030 1164 Lieber Freund.
3964 1162 4066 1248 ald
2774 1153 3900 1293 Die Sache mit dem Roman wird nun
2540 1237 4070 1350 aktuell, ist es eigentlich schon. Um klar dis¬
2548 1288 3950 1409 ponieren zu können bitte ich Sie also mir
2536 1368 3681 1477 Treundlichst recht bald zu sagen:
2823 1415 4107 1543 1.Ob Sie geneigt sind mir bei Erschei-
2538 1495 4021 1618 nen des Romans in Ihrem Verlage 30 Auflagen
2536 1569 3401 1655 im Vorhinein zu bezahlen.
2528 1600 3435 1737 3 actes de la nouvelle et 2e decembre sont avec le même
2815 1651 3995 1756 2. Um wie viel Auflagen weniger im
2546 1711 3931 1799 Vorhinein Sie glauben bezahlen zu können
2542 1766 3984 1866 falls dieser Roman zuerst in der Ullstein
2548 1827 3650 1942 schen „Illustrierten erschiene.
2845 1880 3284 1946 au moins de nouveau rueux
2827 1893 3949 1999 3. Ob ich mit Sieherheit annehmen
2546 1958 4076 2071 darf, dass bei vorherigen Erscheinen in einem
2557 1981 4126 2112 grösseren Tagesblatt oder irgend einer anderen
2552 2049 4074 2163 Wochenschrift eine Herabsetzung der zwischen
2559 2102 4079 2212 uns zu vereinbarenden Vorauszahlung nicht zu
2548 2175 3425 2282 gewärtigen ist, resp. wäre.
2849 2259 3978 2386 Für heute nur dies und herzliche
2550 2335 2780 2452 Grüsse
2571 2743 3380 2901 Herrn S.Fisch er, Verlag,
2567 2849 2831 2954 Berlin.
