4417 3992
499 997 1941 1119 u.a.Einakter von mir („literatur“ und „Ab-
505 1056 2078 1150 schiedssouper" wenn ich nicht irre) zu spielen
501 1119 1986 1203 gedenke. Ich glaube wohl, dass es dem Verlag
501 1162 2015 1243 nicht allzu schwer fallen kann sich hierüber
507 1227 1917 1296 zu informieren, sei es auch nur durch eine
501 1260 2015 1345 höfliche Anfrage bei Frau Konstantin, die au-
507 1296 2090 1424 genblick in Wien an den Kammerspielen pastiert
495 1369 2059 1449 man weiss in solchen Fällen nie,ob die Direk-
517 1422 2051 1508 tionen der betreffenden ausländischen Theater
507 1451 2080 1551 oder der voranstalter resp. die Veranstalterin
507 1522 2041 1604 des Gastspiels zur Tantiemenzahlung vopflich
517 1559 2006 1644 tet ist und daher wäre es immer gut derglei
515 1616 1990 1726 chen vor Antritt solcher Tourneen zuordnen.
845 1693 2059 1799 Darf ich um Einsendung von Weiteren
517 1756 2033 1850 10 Exemplaren des „Diogramms“ ersuchen. Viel
517 1825 2051 1905 Teicht würde es sich auch empfehlen bei einer
507 1886 2002 1956 nächsten Ankündigung,wie Sie es manchmal zu
517 1917 2023 2000 tun pflegen,eine Anzahl von Pressestimmen zu
511 1968 1952 2055 bringen, bei deren Auswahl ich Ihnen behilf
523 2013 2021 2108 lich sein und die der Verbreitung förderlich
517 2092 969 2190 sein könnten.
891 2147 1569 2275 Wenn, schon, Referate,
1060 2163 2004 2295 vorliegen, so bitte um gele
505 2226 1040 2304 im Morgengrauen
517 2269 1717 2393 gentlfche zeitweilige Ueberlassung.
867 2330 2078 2442 Ob es sich empfiehlt mit einer Neu-
517 2415 1986 2531 ausgabe von „Casanovas Heimfahrt“ zu warten,
1003 2485 1085 2525 Pr.
521 2466 2039 2560 bis die ganzeorflustrierte Ausgabe abgesetzt
535 2513 2065 2609 ist, möchte ich fast bezweifeln. Mir erschiene
527 2576 2008 2651 es nach wie vor sehr münschenswert, wenn das
517 2605 2031 2702 Buch bald wieder in einer anständigen norma-
529 2682 1994 2757 len Ausgabe vorläge. Ich wäre dann gern be-
527 2725 1972 2808 reit auf ein mir aus dem Verkauf resp. der
527 2782 1972 2861 Vorraschung der Kriegsausgabe zustehendes
519 2835 1457 2918 Honorar ganz zu verzichten.
908 2879 2072 3012 Ich lege das Schreiben eines Herrn
570 2949 2041 3058 auh bei, das sich selbst erklärt. Wenn Sie es
529 3036 2033 3130 für richtig halten bitte ich ihm 1 Exempl.d.
527 3091 1457 3197 „W.i.Frä.zugehen zu lassen.
904 3126 1608 3244 Mit herzlichem Gruss
2417 647 2827 840 Fischer
3494 798 3811 899 2. 6. 1927.
2940 826 3854 985 Ld Aufsut aeceu durch
3425 920 3748 1044 Bule
2639 981 3350 1095 Lieber Doktor Maril.
2912 1127 4155 1256 Auf Ihre Frage, wann die letzten Auf-
2641 1197 4163 1290 führungen meiner Stück in Berlin stat lgefuh
2639 1256 4161 1329 den haben, kann ich Ihnen ohne Gewähr für ab-
2635 1323 3982 1404 solute Richtigkeit Folgendes mitteilen.
2916 1380 4037 1492 „Liebelei“, zuletzt gespieltI926,
2639 1427 3730 1561 Staatstheater (Schillertheater),
2918 1514 4052 1601 „Der grüne Kakadu „Lessingtheater
2629 1540 2847 1650 1919?
2910 1583 4082 1711 „Komödie der Worte“, lessingtheater
2625 1632 2824 1746 1917?
2918 1693 4137 1793 „Komtesse Mizi“, Lessingtheater 1918.
2924 1774 4094 1862 „Professor Bernhardi“, Schillerthea“
2627 1785 2920 1901 ter 1y25
2916 1835 4007 1962 "Freiwild", Schillertheater, 1913?
2910 1931 4137 2013 „Zwischenspiel „Lessingtheater 1915.
2906 1970 4188 2045 „Weites kes Land „Lessingtheater 1 925.
2922 2029 4082 2120 „Lebendige Stunden „als Zyklus,Les
2629 2039 3217 2153 singtheater 1908.
2910 2090 3990 2198 „Der einsame Weg“,Tribühne, 1924
2904 2169 3964 2255 „Puppenspieler“, Lessingth. 1906.
2906 2220 3913 2312 „Ruf d.Lebens“,Lessingth.1906.
2898 2269 4155 2365 „Schleier d.Beatrice „Lessingth. 1903.
2900 2334 4127 2413 „Der junge Medardus „Lessingth. 1914.
2894 2371 3909 2440 „Vermachtnis“, Schillerth. 1911
2894 2428 4161 2509 „Finf u.Fliederbusch, Lessingth. 1917.
2888 2493 4174 2593 Noch nicht gespielt.Der grosse Wurstl
2629 2568 4151 2674 (aus dem Zyklus „Marionetten, dem auch „Pup-
2623 2633 3885 2709 penspieler“ und „Cassian“ angehören).
2892 2666 4163 2755 „Die Schwestern oder Casanova in Spa“
2615 2723 4170 2786 von diesem Stück fanden schon Proben im deut-
2615 2784 4168 2865 sohen Theater statt, die aus xxxxxxx
2617 2837 4082 2932 nicht ganz durchsichtigen Gründen unterbro-
2633 2879 3172 2969 oh en wurden und
2896 2900 4068 3046 „Gang zum Weiher“ und „Komödie der
2599 2949 3034 3073 Verführung.
