4393 3993
3139 250 3226 353 .1'
2298 699 3040 891 Fischer-Maul
3525 850 3888 967 2.12.1926.
2522 1019 3228 1105 Lieber Doktor Maril.
2840 1147 4092 1262 Es handelt sich natürlöch um unauto-
2543 1239 4055 1308 risierte Vorstellungen, worüber mir schon von
2570 1297 4063 1345 Curtis Brown berichtet worden ist. Der lni-
2568 1332 4084 1411 tiator namens Spachner hat überdies die Kühn
2526 1388 3954 1456 heit Curtis Brown zu erklären, dass er von
2559 1435 3921 1504 mir eine Autorisation zur Veranstaltung
2526 1489 3921 1557 dieser Aufführungen erhalten habe und an
2522 1551 3980 1613 mich direkt Tantiemen zahle. Beide Angaben
2526 1590 4032 1658 natürlich erlogen.Es werden chritte einge¬
2526 1642 4059 1722 leitet, doch glaube ich nicht an einen Erfolg
2555 1691 4048 1759 umso weniger als ein gesetzlicher Schutz ge
2526 1739 3989 1798 rade in diesem Falle kaum vorliegen dürfte
2522 1780 4038 1869 Besten Dank in jedem Fall für Ihre freundli-
2555 1842 3186 1928 che Verständigung.
2865 1943 3999 2021 Von Barnowsky habe ich nichts ge-
2520 1988 4022 2062 hört. Bitte um Mitteilung, ob er Ihnen viel
2520 2056 4026 2122 leicht in Angelegenheit der "Comtesse Mizi"
2526 2112 3976 2182 geantwortet hat oder ob am Ende gar in den
2522 2153 4082 2236 Zeitungen von einer bevorstehenden Aufführung
2559 2205 3217 2293 etwas zu lesen ist.
2859 2271 4048 2390 Die Korrekturen des Diogramms sind
2549 2353 4055 2425 angelangt, doch noch ohne Tite blatt. In we¬
2520 2403 4038 2483 nigen Tagen erhalten Sie die Korrekturen zu-
2547 2462 2733 2547 rück.
2883 2547 3574 2640 Herzlichst grüssend
2549 2840 3316 2951 Herrn Dr Konrad Maril,
2619 2908 3147 2995 Fischer,Verlag,
2508 2962 2792 3054 Berlin.
