<?xml version="1.0" encoding="UTF-8" standalone="yes"?>
<PcGts xmlns="http://schema.primaresearch.org/PAGE/gts/pagecontent/2013-07-15" xmlns:xsi="http://www.w3.org/2001/XMLSchema-instance" xsi:schemaLocation="http://schema.primaresearch.org/PAGE/gts/pagecontent/2013-07-15 http://schema.primaresearch.org/PAGE/gts/pagecontent/2013-07-15/pagecontent.xsd">
    <Metadata>
        <Creator>prov=READ-COOP:name=TrHtr:version=2.1.0:model_id=51170:date=26_07_2023_10:15</Creator>
        <Created>2023-05-02T07:58:14.363+02:00</Created>
        <LastChange>2023-07-26T10:15:12.020+02:00</LastChange>
        <TranskribusMetadata docId="1416740" pageId="54952594" pageNr="70" tsid="130928367" status="IN_PROGRESS" userId="64420" imgUrl="https://files.transkribus.eu/Get?id=SHOUGWKNHSOTWNTIOYBKVGSE&amp;fileType=view" xmlUrl="https://files.transkribus.eu/Get?id=VKXPJQKEVJRFFTNHNRQHTVJK" imageId="44456320"/>
    </Metadata>
    <Page imageFilename="1416740_0070.jpg" imageWidth="4443" imageHeight="3960">
        <ReadingOrder>
            <OrderedGroup id="ro_1711827789258" caption="Regions reading order">
                <RegionRefIndexed index="0" regionRef="tr_3"/>
                <RegionRefIndexed index="1" regionRef="tr_2"/>
                <RegionRefIndexed index="2" regionRef="tr_1"/>
            </OrderedGroup>
        </ReadingOrder>
        <TextRegion id="tr_3" custom="readingOrder {index:0;}">
            <Coords points="468,956 2087,956 2087,1888 468,1888"/>
            <TextLine id="tr_3_tl_1" custom="readingOrder {index:0;}">
                <Coords points="479,1023 1978,1023 1978,969 1916,939 1636,975 1350,935 961,975 479,941"/>
                <Baseline points="489,1006 534,1006 579,1009 624,1009 668,1009 713,1009 758,1009 803,1012 848,1009 892,1009 937,1009 982,1009 1027,1009 1072,1009 1116,1006 1161,1009 1206,1009 1251,1009 1296,1009 1340,1009 1385,1009 1430,1009 1475,1009 1520,1009 1564,1012 1609,1009 1654,1012 1699,1009 1744,1009 1788,1009 1833,1009 1878,1009 1923,1009 1968,1012 1982,1009"/>
                <TextEquiv>
                    <Unicode>Betrügen, Veruntreuen auf geistigen „Sakkaax</Unicode>
                </TextEquiv>
            </TextLine>
            <TextLine id="tr_3_tl_2" custom="readingOrder {index:1;}">
                <Coords points="485,1065 1960,1069 1960,1021 1912,1013 485,1025"/>
                <Baseline points="495,1060 540,1060 585,1063 630,1063 674,1063 719,1060 764,1063 809,1063 854,1060 898,1060 943,1060 988,1060 1033,1060 1078,1060 1122,1060 1167,1060 1212,1060 1257,1060 1302,1060 1346,1060 1391,1057 1436,1060 1481,1060 1526,1060 1570,1060 1615,1060 1660,1060 1705,1060 1750,1060 1794,1060 1839,1060 1884,1060 1929,1060 1965,1060"/>
                <TextEquiv>
                    <Unicode>resp. auf geschäftlich-literarischem Gebiete</Unicode>
                </TextEquiv>
            </TextLine>
            <TextLine id="tr_3_tl_3" custom="readingOrder {index:2;}">
                <Coords points="485,1121 2037,1125 2037,1067 1986,1049 485,1067"/>
                <Baseline points="495,1110 540,1110 585,1113 630,1110 674,1110 719,1110 764,1110 809,1107 854,1107 898,1107 943,1107 988,1110 1033,1107 1078,1110 1122,1110 1167,1110 1212,1110 1257,1113 1302,1113 1346,1113 1391,1110 1436,1110 1481,1110 1526,1110 1570,1110 1615,1110 1660,1110 1705,1110 1750,1113 1794,1113 1839,1113 1884,1113 1929,1113 1974,1110 2018,1110 2042,1113"/>
                <TextEquiv>
                    <Unicode>in gleicher Weise strafrechtlich verfolgt und</Unicode>
                </TextEquiv>
            </TextLine>
            <TextLine id="tr_3_tl_4" custom="readingOrder {index:3;}">
                <Coords points="475,1187 1900,1179 2041,1171 2041,1121 475,1127"/>
                <Baseline points="486,1167 522,1161 567,1164 612,1164 657,1161 701,1161 746,1161 791,1161 836,1158 880,1158 925,1161 970,1158 1015,1161 1060,1161 1104,1161 1149,1164 1194,1161 1239,1161 1284,1161 1328,1161 1373,1161 1418,1155 1463,1158 1508,1161 1552,1158 1597,1161 1642,1158 1687,1158 1732,1158 1776,1158 1821,1161 1866,1161 1911,1161 1956,1161 2000,1161 2045,1161"/>
                <TextEquiv>
                    <Unicode>geahnt werden wird, als es - zuweilen -</Unicode>
                </TextEquiv>
            </TextLine>
            <TextLine id="tr_3_tl_5" custom="readingOrder {index:4;}">
                <Coords points="509,1230 1720,1250 2035,1220 2035,1165 509,1171"/>
                <Baseline points="519,1209 564,1209 609,1209 654,1209 698,1209 743,1212 788,1212 833,1212 878,1212 922,1215 967,1215 1012,1215 1057,1215 1101,1215 1146,1215 1191,1215 1236,1212 1281,1212 1325,1209 1370,1209 1415,1212 1460,1212 1505,1212 1549,1212 1594,1212 1639,1212 1684,1212 1729,1212 1773,1212 1818,1209 1863,1212 1908,1212 1953,1212 1997,1209 2039,1209"/>
                <TextEquiv>
                    <Unicode>bei Verletzungen anderer Eigentumsrechte der</Unicode>
                </TextEquiv>
            </TextLine>
            <TextLine id="tr_3_tl_6" custom="readingOrder {index:5;}">
                <Coords points="477,1310 577,1276 629,1302 677,1292 761,1298 795,1284 793,1250 771,1252 739,1220 693,1214 649,1234 613,1218 551,1218 517,1230 489,1208 475,1210"/>
                <Baseline points="486,1263 531,1266 576,1269 621,1269 665,1269 710,1269 755,1272 797,1269"/>
                <TextEquiv>
                    <Unicode>all ist.</Unicode>
                </TextEquiv>
            </TextLine>
            <TextLine id="tr_3_tl_7" custom="readingOrder {index:6;}">
                <Coords points="1488,1384 1546,1360 1612,1374 1656,1362 1708,1384 1744,1362 1840,1356 1880,1374 2041,1372 2083,1362 2085,1288 2007,1284 1920,1312 1882,1290 1780,1310 1680,1292 1632,1294 1600,1318 1490,1308"/>
                <Baseline points="1499,1371 1546,1361 1591,1361 1636,1361 1681,1358 1726,1358 1770,1358 1815,1361 1860,1361 1905,1361 1950,1358 1994,1358 2039,1355 2084,1352 2087,1352"/>
                <TextEquiv>
                    <Unicode>ühnen habe ich ei¬</Unicode>
                </TextEquiv>
            </TextLine>
            <TextLine id="tr_3_tl_8" custom="readingOrder {index:7;}">
                <Coords points="813,1390 851,1376 907,1378 937,1362 963,1360 1007,1380 1069,1358 1159,1368 1183,1356 1181,1280 1163,1274 1129,1298 1117,1290 1089,1318 1015,1280 993,1300 967,1282 945,1298 913,1288 893,1300 869,1280 811,1298"/>
                <Baseline points="824,1358 827,1358 872,1361 916,1361 961,1361 1006,1361 1051,1364 1096,1364 1140,1364 1188,1368"/>
                <TextEquiv>
                    <Unicode>Von den Sa:</Unicode>
                </TextEquiv>
            </TextLine>
            <TextLine id="tr_3_tl_9" custom="readingOrder {index:8;}">
                <Coords points="1278,1372 1340,1360 1346,1366 1368,1370 1376,1362 1386,1366 1398,1362 1412,1374 1422,1374 1420,1306 1404,1302 1392,1314 1372,1300 1366,1308 1338,1286 1316,1302 1308,1298 1276,1306"/>
                <Baseline points="1289,1365 1334,1361 1379,1364 1426,1368"/>
                <TextEquiv>
                    <Unicode>iburg</Unicode>
                </TextEquiv>
            </TextLine>
            <TextLine id="tr_3_tl_10" custom="readingOrder {index:9;}">
                <Coords points="469,1422 1556,1448 2053,1422 2053,1372 1654,1360 1566,1416 1436,1352 469,1382"/>
                <Baseline points="480,1415 525,1415 570,1418 615,1418 660,1415 704,1415 749,1412 794,1412 839,1415 883,1415 928,1415 973,1412 1018,1415 1063,1412 1107,1412 1152,1412 1197,1412 1242,1412 1287,1418 1331,1415 1376,1418 1421,1421 1466,1424 1511,1427 1555,1433 1561,1430 1570,1406 1615,1412 1660,1415 1705,1412 1750,1412 1794,1412 1839,1412 1884,1412 1929,1412 1974,1409 2018,1409 2057,1409"/>
                <TextEquiv>
                    <Unicode>ne Anfrage wegen meines neuen Rücks erhalten.</Unicode>
                </TextEquiv>
            </TextLine>
            <TextLine id="tr_3_tl_11" custom="readingOrder {index:10;}">
                <Coords points="469,1474 2073,1472 2029,1412 1416,1450 469,1422"/>
                <Baseline points="480,1472 510,1472 555,1469 600,1469 645,1466 689,1466 734,1466 779,1466 824,1466 869,1463 913,1466 958,1466 1003,1463 1048,1463 1093,1463 1137,1466 1182,1466 1227,1466 1272,1466 1317,1466 1361,1466 1406,1466 1451,1463 1496,1463 1540,1463 1585,1463 1630,1460 1675,1463 1720,1463 1764,1463 1809,1463 1854,1463 1899,1463 1944,1463 1988,1463 2033,1460 2078,1460"/>
                <TextEquiv>
                    <Unicode>Ich habe geantwortet.dass ein eigentlicher Büh-</Unicode>
                </TextEquiv>
            </TextLine>
            <TextLine id="tr_3_tl_12" custom="readingOrder {index:11;}">
                <Coords points="469,1538 2055,1526 2071,1472 469,1480"/>
                <Baseline points="480,1517 507,1520 552,1520 597,1517 642,1517 686,1514 731,1514 776,1514 821,1514 866,1514 910,1517 955,1517 1000,1517 1045,1520 1090,1517 1134,1517 1179,1517 1224,1517 1269,1517 1314,1514 1358,1514 1403,1514 1448,1514 1493,1514 1538,1511 1582,1511 1627,1514 1672,1517 1717,1514 1761,1514 1806,1514 1851,1511 1896,1514 1941,1517 1985,1514 2030,1514 2075,1511"/>
                <TextEquiv>
                    <Unicode>nenvertrieb im Augenblick nicht vorge ehen ist,</Unicode>
                </TextEquiv>
            </TextLine>
            <TextLine id="tr_3_tl_13" custom="readingOrder {index:12;}">
                <Coords points="469,1586 2047,1582 2079,1526 469,1538"/>
                <Baseline points="480,1573 513,1570 558,1570 603,1567 648,1567 692,1567 737,1564 782,1567 827,1567 872,1567 916,1567 961,1567 1006,1567 1051,1564 1096,1564 1140,1564 1185,1567 1230,1567 1275,1567 1320,1564 1364,1567 1409,1567 1454,1567 1499,1567 1543,1564 1588,1564 1633,1564 1678,1567 1723,1567 1767,1567 1812,1564 1857,1561 1902,1564 1947,1564 1991,1564 2036,1561 2081,1561"/>
                <TextEquiv>
                    <Unicode>und ich vorläufig für eine Aufführung überhaupt</Unicode>
                </TextEquiv>
            </TextLine>
            <TextLine id="tr_3_tl_14" custom="readingOrder {index:13;}">
                <Coords points="463,1618 1926,1634 2002,1622 2002,1568 463,1590"/>
                <Baseline points="474,1618 483,1618 528,1618 573,1621 618,1624 662,1618 707,1615 752,1615 797,1615 842,1615 886,1618 931,1618 976,1618 1021,1618 1066,1615 1110,1618 1155,1618 1200,1615 1245,1615 1290,1615 1334,1615 1379,1615 1424,1615 1469,1615 1514,1615 1558,1615 1603,1615 1648,1615 1693,1615 1738,1615 1782,1618 1827,1618 1872,1615 1917,1612 1962,1612 2006,1612"/>
                <TextEquiv>
                    <Unicode>wenig Interesse habe.Somit bin ich auch ganz</Unicode>
                </TextEquiv>
            </TextLine>
            <TextLine id="tr_3_tl_15" custom="readingOrder {index:14;}">
                <Coords points="457,1688 1896,1674 1896,1630 1830,1614 1426,1648 1378,1614 457,1628"/>
                <Baseline points="468,1672 510,1669 555,1672 600,1672 645,1669 689,1669 734,1666 779,1666 824,1669 869,1669 913,1669 958,1669 1003,1669 1048,1669 1093,1666 1137,1669 1182,1669 1227,1669 1272,1669 1317,1669 1361,1666 1406,1666 1451,1663 1496,1663 1540,1663 1585,1663 1630,1663 1675,1663 1720,1663 1764,1663 1809,1663 1854,1660 1899,1663"/>
                <TextEquiv>
                    <Unicode>mit Ihrer Absicht einverstanden</Unicode>
                </TextEquiv>
            </TextLine>
            <TextLine id="tr_3_tl_16" custom="readingOrder {index:15;}">
                <Coords points="461,1738 1976,1718 1920,1658 463,1692"/>
                <Baseline points="474,1723 504,1723 549,1723 594,1720 639,1720 683,1720 728,1720 773,1720 818,1720 863,1720 907,1720 952,1720 997,1720 1042,1720 1087,1720 1131,1717 1176,1720 1221,1720 1266,1720 1311,1720 1355,1723 1400,1720 1445,1717 1490,1717 1535,1717 1579,1717 1624,1717 1669,1717 1714,1714 1759,1714 1803,1717 1848,1714 1893,1711 1938,1711 1982,1705"/>
                <TextEquiv>
                    <Unicode>auf direktoriale Anfragen ganz kurz zu erwi-</Unicode>
                </TextEquiv>
            </TextLine>
            <TextLine id="tr_3_tl_17" custom="readingOrder {index:16;}">
                <Coords points="461,1790 1960,1780 1960,1720 461,1740"/>
                <Baseline points="471,1773 486,1773 531,1770 576,1770 621,1773 665,1773 710,1773 755,1773 800,1770 845,1770 889,1770 934,1770 979,1767 1024,1770 1069,1770 1113,1767 1158,1767 1203,1767 1248,1767 1293,1767 1337,1764 1382,1767 1427,1767 1472,1767 1517,1767 1561,1767 1606,1767 1651,1767 1696,1764 1741,1764 1785,1764 1830,1764 1875,1764 1920,1761 1965,1756"/>
                <TextEquiv>
                    <Unicode>dern, dass das Prama nächstens im Buchhandel</Unicode>
                </TextEquiv>
            </TextLine>
            <TextLine id="tr_3_tl_18" custom="readingOrder {index:17;}">
                <Coords points="457,1828 1151,1818 1450,1860 1628,1816 1786,1868 2007,1840 2007,1766 457,1792"/>
                <Baseline points="468,1821 489,1821 534,1824 579,1821 624,1821 668,1821 713,1821 758,1821 803,1821 848,1821 892,1821 937,1818 982,1818 1027,1821 1072,1821 1116,1821 1161,1818 1206,1821 1251,1821 1296,1818 1340,1821 1385,1818 1430,1821 1475,1818 1520,1818 1564,1818 1609,1818 1654,1815 1699,1815 1744,1818 1788,1818 1833,1818 1878,1818 1923,1815 1968,1812 2012,1809"/>
                <TextEquiv>
                    <Unicode>erscheint und dass Ansichtsendung von Bühnen</Unicode>
                </TextEquiv>
            </TextLine>
            <TextLine id="tr_3_tl_19" custom="readingOrder {index:18;}">
                <Coords points="463,1916 587,1896 1232,1916 1372,1880 1350,1840 1151,1818 1091,1842 947,1820 463,1838"/>
                <Baseline points="474,1878 480,1875 525,1875 570,1875 615,1875 660,1875 704,1875 749,1872 794,1872 839,1872 883,1872 928,1872 973,1872 1018,1872 1063,1872 1107,1872 1152,1869 1197,1869 1242,1869 1287,1872 1331,1872 1376,1875"/>
                <TextEquiv>
                    <Unicode>exemplaren nicht erfolgen.</Unicode>
                </TextEquiv>
            </TextLine>
        </TextRegion>
        <TextRegion id="tr_2" custom="readingOrder {index:1;}">
            <Coords points="456,1915 2066,1915 2066,3145 456,3145"/>
            <TextLine id="tr_2_tl_1" custom="readingOrder {index:0;}">
                <Coords points="807,1990 1480,1958 1570,1992 1966,1984 1986,1894 807,1914"/>
                <Baseline points="818,1971 827,1974 872,1974 916,1974 961,1971 1006,1971 1051,1971 1096,1971 1140,1974 1185,1974 1230,1971 1275,1971 1320,1971 1364,1971 1409,1971 1454,1971 1499,1968 1543,1971 1588,1974 1633,1974 1678,1971 1723,1971 1767,1971 1812,1968 1857,1965 1902,1968 1947,1968 1991,1968"/>
                <TextEquiv>
                    <Unicode>Ich werde Ihnen die Korrektur bald</Unicode>
                </TextEquiv>
            </TextLine>
            <TextLine id="tr_2_tl_2" custom="readingOrder {index:1;}">
                <Coords points="463,2039 1718,2055 1948,2015 1826,1964 463,1966"/>
                <Baseline points="474,2030 519,2027 564,2027 609,2027 654,2027 698,2024 743,2024 788,2024 833,2024 878,2024 922,2024 967,2024 1012,2024 1057,2024 1101,2024 1146,2024 1191,2024 1236,2024 1281,2024 1325,2021 1370,2024 1415,2021 1460,2021 1505,2024 1549,2024 1594,2027 1639,2027 1684,2027 1729,2024 1773,2021 1818,2018 1863,2015 1908,2015 1953,2009"/>
                <TextEquiv>
                    <Unicode>zuschicken,werde dann noch um Zusendung ei-</Unicode>
                </TextEquiv>
            </TextLine>
            <TextLine id="tr_2_tl_3" custom="readingOrder {index:2;}">
                <Coords points="461,2083 1974,2103 1974,2029 1922,2017 1720,2053 461,2041"/>
                <Baseline points="471,2078 501,2078 546,2078 591,2081 636,2081 680,2078 725,2075 770,2075 815,2075 860,2075 904,2075 949,2075 994,2075 1039,2075 1084,2075 1128,2072 1173,2075 1218,2075 1263,2075 1308,2075 1352,2072 1397,2075 1442,2072 1487,2072 1532,2072 1576,2072 1621,2075 1666,2069 1711,2066 1756,2069 1800,2069 1845,2069 1890,2069 1935,2069 1980,2069"/>
                <TextEquiv>
                    <Unicode>ner Korre-tur im Embruch ersuchen; wie lange</Unicode>
                </TextEquiv>
            </TextLine>
            <TextLine id="tr_2_tl_4" custom="readingOrder {index:3;}">
                <Coords points="457,2135 1620,2149 1918,2137 1918,2085 457,2089"/>
                <Baseline points="468,2129 489,2129 534,2129 579,2126 624,2126 668,2126 713,2129 758,2126 803,2126 848,2126 892,2126 937,2126 982,2126 1027,2126 1072,2126 1116,2123 1161,2123 1206,2123 1251,2123 1296,2123 1340,2123 1385,2123 1430,2123 1475,2123 1520,2123 1564,2123 1609,2123 1654,2120 1699,2120 1744,2120 1788,2120 1833,2120 1878,2120 1923,2120"/>
                <TextEquiv>
                    <Unicode>dauert es dann noch von meinem endgültigen</Unicode>
                </TextEquiv>
            </TextLine>
            <TextLine id="tr_2_tl_5" custom="readingOrder {index:4;}">
                <Coords points="461,2185 1892,2189 2007,2179 2007,2097 1626,2151 461,2137"/>
                <Baseline points="471,2183 489,2183 534,2183 579,2180 624,2180 668,2177 713,2177 758,2177 803,2174 848,2174 892,2174 937,2177 982,2177 1027,2177 1072,2174 1116,2174 1161,2174 1206,2174 1251,2177 1296,2180 1340,2177 1385,2177 1430,2177 1475,2177 1520,2177 1564,2177 1609,2174 1654,2174 1699,2171 1744,2171 1788,2171 1833,2171 1878,2171 1923,2171 1968,2171 2012,2171"/>
                <TextEquiv>
                    <Unicode>Imprimatur bis zur Fertigstellung des Buches?</Unicode>
                </TextEquiv>
            </TextLine>
            <TextLine id="tr_2_tl_6" custom="readingOrder {index:5;}">
                <Coords points="455,2239 2055,2235 2055,2187 1822,2173 455,2183"/>
                <Baseline points="465,2230 489,2230 534,2230 579,2230 624,2230 668,2230 713,2227 758,2227 803,2230 848,2230 892,2227 937,2227 982,2230 1027,2233 1072,2230 1116,2227 1161,2227 1206,2227 1251,2230 1296,2230 1340,2230 1385,2230 1430,2230 1475,2233 1520,2233 1564,2230 1609,2224 1654,2224 1699,2221 1744,2221 1788,2221 1833,2221 1878,2224 1923,2221 1968,2221 2012,2221 2057,2218"/>
                <TextEquiv>
                    <Unicode>Es hat nun fünf Aufzüge, nicht drei, die Cäsuren</Unicode>
                </TextEquiv>
            </TextLine>
            <TextLine id="tr_2_tl_7" custom="readingOrder {index:6;}">
                <Coords points="455,2287 1832,2293 1918,2275 1918,2231 455,2239"/>
                <Baseline points="465,2281 489,2284 534,2281 579,2281 624,2284 668,2281 713,2281 758,2281 803,2281 848,2281 892,2278 937,2278 982,2278 1027,2278 1072,2278 1116,2275 1161,2275 1206,2275 1251,2275 1296,2275 1340,2278 1385,2278 1430,2275 1475,2275 1520,2275 1564,2272 1609,2272 1654,2272 1699,2272 1744,2272 1788,2272 1833,2272 1878,2269 1923,2266"/>
                <TextEquiv>
                    <Unicode>nach denen der Trüher erste und der früher</Unicode>
                </TextEquiv>
            </TextLine>
            <TextLine id="tr_2_tl_8" custom="readingOrder {index:7;}">
                <Coords points="463,2339 1916,2345 1992,2329 1992,2257 1832,2293 463,2291"/>
                <Baseline points="474,2332 519,2335 564,2332 609,2332 654,2332 698,2332 743,2332 788,2332 833,2332 878,2332 922,2332 967,2329 1012,2329 1057,2329 1101,2329 1146,2329 1191,2326 1236,2326 1281,2329 1325,2329 1370,2329 1415,2329 1460,2329 1505,2326 1549,2326 1594,2326 1639,2326 1684,2326 1729,2326 1773,2323 1818,2323 1863,2323 1908,2323 1953,2323 1997,2323"/>
                <TextEquiv>
                    <Unicode>dritte Akt in je zwei Teile zerfällt, standen</Unicode>
                </TextEquiv>
            </TextLine>
            <TextLine id="tr_2_tl_9" custom="readingOrder {index:8;}">
                <Coords points="457,2389 2057,2391 2059,2325 457,2345"/>
                <Baseline points="468,2386 492,2383 537,2383 582,2386 627,2383 671,2383 716,2386 761,2383 806,2383 851,2386 895,2383 940,2383 985,2383 1030,2383 1075,2380 1119,2380 1164,2380 1209,2383 1254,2380 1299,2380 1343,2380 1388,2380 1433,2380 1478,2380 1523,2380 1567,2374 1612,2377 1657,2377 1702,2377 1747,2377 1791,2377 1836,2374 1881,2374 1926,2374 1971,2374 2015,2374 2060,2374"/>
                <TextEquiv>
                    <Unicode>mir eigentlich schon lange fest; wir haben nun</Unicode>
                </TextEquiv>
            </TextLine>
            <TextLine id="tr_2_tl_10" custom="readingOrder {index:9;}">
                <Coords points="457,2445 1748,2427 1994,2465 2047,2385 457,2389"/>
                <Baseline points="468,2436 483,2436 528,2436 573,2436 618,2436 662,2436 707,2436 752,2433 797,2433 842,2436 886,2430 931,2433 976,2433 1021,2433 1066,2433 1110,2433 1155,2433 1200,2436 1245,2433 1290,2433 1334,2433 1379,2433 1424,2430 1469,2427 1514,2427 1558,2427 1603,2427 1648,2427 1693,2427 1738,2427 1782,2427 1827,2427 1872,2427 1917,2427 1962,2424 2006,2427 2051,2427"/>
                <TextEquiv>
                    <Unicode>fünf knappe, beinahe ganz gleich lange Akte, was</Unicode>
                </TextEquiv>
            </TextLine>
            <TextLine id="tr_2_tl_11" custom="readingOrder {index:10;}">
                <Coords points="457,2487 1966,2507 1966,2451 1872,2429 457,2441"/>
                <Baseline points="468,2484 492,2487 537,2487 582,2487 627,2484 671,2487 716,2487 761,2490 806,2487 851,2487 895,2484 940,2481 985,2484 1030,2484 1075,2484 1119,2484 1164,2487 1209,2484 1254,2487 1299,2484 1343,2484 1388,2484 1433,2484 1478,2481 1523,2481 1567,2478 1612,2481 1657,2478 1702,2478 1747,2478 1791,2478 1836,2478 1881,2478 1926,2481 1971,2478"/>
                <TextEquiv>
                    <Unicode>dem Stil und, wie ich glaube, der Wirkung des</Unicode>
                </TextEquiv>
            </TextLine>
            <TextLine id="tr_2_tl_12" custom="readingOrder {index:11;}">
                <Coords points="455,2547 1900,2549 1900,2491 1842,2479 455,2485"/>
                <Baseline points="465,2538 471,2541 516,2538 561,2538 606,2538 651,2535 695,2538 740,2538 785,2538 830,2538 875,2538 919,2538 964,2535 1009,2535 1054,2535 1099,2535 1143,2535 1188,2535 1233,2535 1278,2532 1322,2532 1367,2535 1412,2535 1457,2532 1502,2529 1546,2532 1591,2532 1636,2529 1681,2532 1726,2532 1770,2529 1815,2532 1860,2532 1905,2529"/>
                <TextEquiv>
                    <Unicode>Stückes zustatten kommen dürfte. Vorläufig</Unicode>
                </TextEquiv>
            </TextLine>
            <TextLine id="tr_2_tl_13" custom="readingOrder {index:12;}">
                <Coords points="451,2601 1892,2593 1982,2587 1982,2523 451,2545"/>
                <Baseline points="462,2586 465,2589 510,2589 555,2589 600,2586 645,2586 689,2586 734,2592 779,2589 824,2586 869,2586 913,2586 958,2586 1003,2586 1048,2586 1093,2586 1137,2586 1182,2586 1227,2586 1272,2586 1317,2583 1361,2586 1406,2586 1451,2586 1496,2586 1540,2583 1585,2583 1630,2583 1675,2583 1720,2583 1764,2583 1809,2583 1854,2583 1899,2583 1944,2580 1988,2580"/>
                <TextEquiv>
                    <Unicode>bei der Lektüre. Wenn das stück gespielt wird</Unicode>
                </TextEquiv>
            </TextLine>
            <TextLine id="tr_2_tl_14" custom="readingOrder {index:13;}">
                <Coords points="461,2645 1944,2649 2053,2639 2053,2583 461,2603"/>
                <Baseline points="471,2640 489,2640 534,2640 579,2637 624,2640 668,2642 713,2642 758,2640 803,2640 848,2640 892,2640 937,2637 982,2637 1027,2634 1072,2637 1116,2637 1161,2637 1206,2637 1251,2637 1296,2637 1340,2637 1385,2634 1430,2634 1475,2634 1520,2634 1564,2634 1609,2634 1654,2634 1699,2634 1744,2634 1788,2631 1833,2631 1878,2631 1923,2634 1968,2634 2012,2628 2057,2631"/>
                <TextEquiv>
                    <Unicode>werden jene zwei neue Cäsuren nur durch Fallen</Unicode>
                </TextEquiv>
            </TextLine>
            <TextLine id="tr_2_tl_15" custom="readingOrder {index:14;}">
                <Coords points="455,2707 1808,2723 2061,2691 2061,2645 455,2659"/>
                <Baseline points="465,2690 498,2693 543,2690 588,2693 633,2693 677,2693 722,2690 767,2690 812,2690 857,2690 901,2687 946,2690 991,2690 1036,2690 1081,2690 1125,2690 1170,2690 1215,2690 1260,2690 1305,2690 1349,2687 1394,2687 1439,2687 1484,2687 1529,2687 1573,2687 1618,2687 1663,2687 1708,2684 1753,2687 1797,2687 1842,2687 1887,2687 1932,2687 1977,2684 2021,2681 2066,2678"/>
                <TextEquiv>
                    <Unicode>und sofortiges Wiederauf ziehen des Vorhangs be-</Unicode>
                </TextEquiv>
            </TextLine>
            <TextLine id="tr_2_tl_16" custom="readingOrder {index:15;}">
                <Coords points="449,2765 641,2765 683,2745 801,2777 841,2759 977,2773 1017,2759 1017,2707 903,2693 875,2707 777,2693 751,2709 719,2693 699,2707 671,2691 637,2711 597,2691 573,2709 547,2697 449,2713"/>
                <Baseline points="459,2747 483,2744 528,2744 573,2744 618,2744 662,2741 707,2741 752,2741 797,2741 842,2744 886,2744 931,2741 976,2744 1021,2744"/>
                <TextEquiv>
                    <Unicode>zeichnet werden.</Unicode>
                </TextEquiv>
            </TextLine>
            <TextLine id="tr_2_tl_17" custom="readingOrder {index:16;}">
                <Coords points="771,2844 1826,2864 2061,2842 2063,2767 773,2765"/>
                <Baseline points="782,2837 812,2837 857,2840 901,2843 946,2843 991,2840 1036,2840 1081,2840 1125,2843 1170,2843 1215,2843 1260,2843 1305,2840 1349,2840 1394,2840 1439,2840 1484,2840 1529,2840 1573,2840 1618,2840 1663,2840 1708,2840 1753,2837 1797,2837 1842,2840 1887,2840 1932,2840 1977,2837 2021,2834 2066,2834"/>
                <TextEquiv>
                    <Unicode>Von Barnowsky habe ich auch weiterhin</Unicode>
                </TextEquiv>
            </TextLine>
            <TextLine id="tr_2_tl_18" custom="readingOrder {index:17;}">
                <Coords points="449,2910 2019,2918 2019,2836 1342,2872 757,2860 613,2812 449,2842"/>
                <Baseline points="459,2896 498,2899 543,2896 588,2896 633,2896 677,2899 722,2899 767,2896 812,2896 857,2896 901,2896 946,2896 991,2893 1036,2893 1081,2896 1125,2893 1170,2896 1215,2893 1260,2893 1305,2893 1349,2893 1394,2893 1439,2893 1484,2890 1529,2890 1573,2893 1618,2890 1663,2893 1708,2890 1753,2896 1797,2893 1842,2899 1887,2899 1932,2896 1977,2896 2023,2897"/>
                <TextEquiv>
                    <Unicode>nichts gehört, auch nichts bezüglich der</Unicode>
                </TextEquiv>
            </TextLine>
            <TextLine id="tr_2_tl_19" custom="readingOrder {index:18;}">
                <Coords points="469,2990 511,2990 519,2980 539,2988 563,2976 619,2976 627,2968 651,2974 659,2966 673,2966 671,2916 653,2918 629,2938 591,2908 581,2912 553,2902 545,2912 485,2900 465,2906"/>
                <Baseline points="477,2947 522,2950 567,2950 612,2959 657,2953 677,2956"/>
                <TextEquiv>
                    <Unicode>tern.</Unicode>
                </TextEquiv>
            </TextLine>
            <TextLine id="tr_2_tl_20" custom="readingOrder {index:19;}">
                <Coords points="753,3014 2007,2998 2007,2934 1928,2920 1378,2914 1264,2956 1109,2908 753,2914"/>
                <Baseline points="764,2995 803,2995 848,2995 892,2995 937,2995 982,2995 1027,2995 1072,2995 1116,2995 1161,2995 1206,2995 1251,2995 1296,2992 1340,2995 1385,2992 1430,2992 1475,2992 1520,2989 1564,2992 1609,2992 1654,2995 1699,2992 1744,2992 1788,2989 1833,2989 1878,2992 1923,2989 1968,2989 2012,2989"/>
                <TextEquiv>
                    <Unicode>Mit herzlichen Weihnachtsgrüssen und</Unicode>
                </TextEquiv>
            </TextLine>
            <TextLine id="tr_2_tl_21" custom="readingOrder {index:20;}">
                <Coords points="445,3066 2000,3094 2021,2994 771,3024 677,2962 445,3010"/>
                <Baseline points="456,3049 501,3049 546,3046 591,3046 636,3046 680,3046 725,3046 770,3049 815,3049 860,3052 904,3052 949,3049 994,3052 1039,3049 1084,3049 1128,3049 1173,3049 1218,3052 1263,3049 1308,3049 1352,3046 1397,3046 1442,3046 1487,3046 1532,3043 1576,3043 1621,3043 1666,3043 1711,3046 1756,3046 1800,3046 1845,3043 1890,3043 1935,3040 1980,3037 2024,3040"/>
                <TextEquiv>
                    <Unicode>der Bitte solche auch an Herrn Fischer zu be-</Unicode>
                </TextEquiv>
            </TextLine>
            <TextLine id="tr_2_tl_22" custom="readingOrder {index:21;}">
                <Coords points="451,3136 487,3140 533,3106 575,3120 617,3114 631,3124 665,3110 723,3116 723,3062 695,3054 671,3062 643,3048 607,3056 579,3048 559,3060 523,3048 467,3072 451,3066"/>
                <Baseline points="462,3108 504,3102 549,3099 594,3099 639,3102 683,3102 728,3105"/>
                <TextEquiv>
                    <Unicode>stellen</Unicode>
                </TextEquiv>
            </TextLine>
            <TextLine id="tr_2_tl_23" custom="readingOrder {index:22;}">
                <Coords points="869,3138 945,3134 981,3156 1031,3136 1099,3174 1278,3142 1340,3156 1498,3138 1498,3106 1456,3112 1360,3080 1294,3078 1266,3100 1195,3084 1145,3110 1059,3088 983,3104 947,3078 869,3092"/>
                <Baseline points="880,3129 925,3129 970,3132 1015,3132 1060,3132 1104,3132 1149,3135 1194,3132 1239,3132 1284,3132 1328,3132 1373,3132 1418,3132 1463,3129 1502,3129"/>
                <TextEquiv>
                    <Unicode>Ihm auch u aassa hauen</Unicode>
                </TextEquiv>
            </TextLine>
        </TextRegion>
        <TextRegion id="tr_1" custom="readingOrder {index:2;}">
            <Coords points="2320,618 4145,618 4145,3029 2320,3029"/>
            <TextLine id="tr_1_tl_1" custom="readingOrder {index:0;}">
                <Coords points="3697,677 3709,675 3725,685 3735,679 3743,685 3753,681 3765,689 3785,685 3803,697 3813,689 3829,689 3819,615 3787,615 3771,623 3737,617 3731,623 3723,619 3713,625 3703,617 3699,623 3689,623"/>
                <Baseline points="3706,668 3750,677 3795,683 3834,686"/>
                <TextEquiv>
                    <Unicode>G.F.P</Unicode>
                </TextEquiv>
            </TextLine>
            <TextLine id="tr_1_tl_2" custom="readingOrder {index:1;}">
                <Coords points="2309,803 2375,811 2397,825 2477,797 2507,813 2545,807 2575,817 2603,805 2635,815 2661,807 2661,731 2621,721 2575,743 2539,717 2463,701 2427,675 2413,689 2359,673 2307,683"/>
                <Baseline points="2320,794 2365,800 2410,797 2454,797 2499,797 2544,800 2589,800 2634,800 2666,800"/>
                <TextEquiv>
                    <Unicode>Fischer</Unicode>
                </TextEquiv>
            </TextLine>
            <TextLine id="tr_1_tl_3" custom="readingOrder {index:2;}">
                <Coords points="3468,911 3570,889 3609,891 3635,907 3679,899 3721,901 3743,915 3793,911 3795,825 3731,819 3689,797 3675,807 3562,795 3520,805 3488,831 3470,829"/>
                <Baseline points="3479,880 3523,883 3568,883 3613,883 3658,880 3703,880 3747,880 3792,878 3798,880"/>
                <TextEquiv>
                    <Unicode>4.1.1926.</Unicode>
                </TextEquiv>
            </TextLine>
            <TextLine id="tr_1_tl_4" custom="readingOrder {index:3;}">
                <Coords points="2599,1105 2872,1073 2986,1103 3030,1069 3356,1077 3368,989 3284,1013 3254,985 3020,985 2932,1015 2737,1023 2599,1001"/>
                <Baseline points="2610,1078 2654,1075 2699,1072 2744,1069 2789,1066 2834,1066 2878,1066 2923,1066 2968,1066 3013,1066 3058,1066 3102,1069 3147,1069 3192,1066 3237,1063 3282,1063 3326,1063 3371,1063"/>
                <TextEquiv>
                    <Unicode>Lieber Herr Dr.Maril,</Unicode>
                </TextEquiv>
            </TextLine>
            <TextLine id="tr_1_tl_5" custom="readingOrder {index:4;}">
                <Coords points="3288,1133 3308,1137 3320,1131 3326,1137 3338,1139 3366,1131 3376,1137 3392,1135 3394,1067 3374,1067 3356,1075 3346,1067 3330,1075 3314,1067 3302,1075 3290,1073"/>
                <Baseline points="3300,1101 3308,1101 3353,1099 3398,1099"/>
                <TextEquiv>
                    <Unicode>m</Unicode>
                </TextEquiv>
            </TextLine>
            <TextLine id="tr_1_tl_6" custom="readingOrder {index:5;}">
                <Coords points="3837,1234 3863,1234 3903,1210 3951,1222 4009,1197 4029,1216 4139,1224 4139,1145 4109,1151 4083,1131 4049,1147 4013,1135 3983,1151 3937,1129 3923,1137 3891,1129 3837,1137"/>
                <Baseline points="3847,1214 3894,1206 3939,1206 3983,1206 4028,1209 4073,1206 4118,1209 4145,1209"/>
                <TextEquiv>
                    <Unicode>f bei mir,</Unicode>
                </TextEquiv>
            </TextLine>
            <TextLine id="tr_1_tl_7" custom="readingOrder {index:6;}">
                <Coords points="2848,1236 3308,1208 3777,1244 3779,1155 3544,1127 3388,1131 3326,1163 3244,1129 3196,1155 3142,1129 2850,1147"/>
                <Baseline points="2858,1218 2884,1215 2929,1215 2974,1218 3019,1215 3064,1215 3108,1218 3153,1215 3198,1215 3243,1215 3288,1212 3332,1215 3377,1215 3422,1215 3467,1215 3512,1212 3556,1212 3601,1212 3646,1215 3691,1212 3736,1206 3782,1216"/>
                <TextEquiv>
                    <Unicode>Eben war Herr Stefano Richt</Unicode>
                </TextEquiv>
            </TextLine>
            <TextLine id="tr_1_tl_8" custom="readingOrder {index:7;}">
                <Coords points="2595,1286 4139,1292 4139,1222 4019,1206 2900,1242 2810,1193 2595,1195"/>
                <Baseline points="2607,1272 2651,1272 2696,1275 2741,1275 2786,1272 2831,1269 2875,1269 2920,1269 2965,1269 3010,1269 3055,1272 3099,1269 3144,1269 3189,1266 3234,1266 3279,1266 3323,1266 3368,1266 3413,1263 3458,1266 3503,1266 3547,1263 3592,1266 3637,1263 3682,1260 3727,1260 3771,1260 3816,1257 3861,1260 3906,1266 3951,1266 3995,1266 4040,1263 4085,1266 4130,1269 4145,1272"/>
                <TextEquiv>
                    <Unicode>der gern einiges für meine sachen in Italien</Unicode>
                </TextEquiv>
            </TextLine>
            <TextLine id="tr_1_tl_9" custom="readingOrder {index:8;}">
                <Coords points="2611,1330 4061,1322 4061,1278 3871,1264 2611,1278"/>
                <Baseline points="2622,1322 2631,1322 2675,1322 2720,1322 2765,1322 2810,1322 2855,1322 2899,1322 2944,1322 2989,1322 3034,1320 3079,1320 3123,1320 3168,1320 3213,1320 3258,1320 3302,1317 3347,1317 3392,1317 3437,1317 3482,1317 3526,1317 3571,1317 3616,1314 3661,1314 3706,1317 3750,1314 3795,1314 3840,1311 3885,1311 3930,1314 3974,1311 4019,1311 4064,1308"/>
                <TextEquiv>
                    <Unicode>tun möchte; insbesondere interessieren Ihn</Unicode>
                </TextEquiv>
            </TextLine>
            <TextLine id="tr_1_tl_10" custom="readingOrder {index:9;}">
                <Coords points="3881,1378 3903,1378 3927,1366 3941,1370 3955,1366 3999,1398 4021,1398 4023,1318 3999,1314 3983,1328 3945,1314 3937,1322 3933,1318 3925,1322 3913,1334 3905,1332 3893,1344 3883,1344"/>
                <Baseline points="3894,1364 3939,1361 3983,1358 4028,1364"/>
                <TextEquiv>
                    <Unicode>und</Unicode>
                </TextEquiv>
            </TextLine>
            <TextLine id="tr_1_tl_11" custom="readingOrder {index:10;}">
                <Coords points="2605,1392 2747,1372 2828,1408 3060,1408 3172,1374 3260,1410 3342,1372 3454,1396 3629,1372 3631,1328 3450,1344 3342,1320 3266,1360 3198,1322 2607,1328"/>
                <Baseline points="2616,1376 2645,1376 2690,1376 2735,1373 2780,1373 2825,1376 2869,1385 2914,1385 2959,1382 3004,1382 3049,1379 3093,1373 3138,1373 3183,1370 3228,1373 3273,1373 3317,1373 3362,1370 3407,1370 3452,1367 3497,1367 3541,1370 3586,1367 3633,1365"/>
                <TextEquiv>
                    <Unicode>„Lebend 1### Stunden“, „Der einsa</Unicode>
                </TextEquiv>
            </TextLine>
            <TextLine id="tr_1_tl_12" custom="readingOrder {index:11;}">
                <Coords points="2605,1432 4091,1436 4139,1424 4139,1356 3901,1372 3789,1328 3302,1406 2607,1392"/>
                <Baseline points="2616,1427 2628,1427 2672,1424 2717,1424 2762,1418 2807,1430 2852,1433 2896,1436 2941,1436 2986,1433 3031,1430 3076,1424 3120,1418 3165,1421 3210,1418 3255,1418 3270,1415 3294,1418 3338,1421 3383,1421 3428,1421 3473,1418 3518,1418 3562,1418 3607,1418 3652,1418 3697,1418 3741,1415 3786,1415 3831,1412 3876,1409 3921,1412 3965,1412 4010,1412 4055,1412 4100,1409 4145,1409"/>
                <TextEquiv>
                    <Unicode>„Komödle der Worte. Ich weiss nicht, wie weit</Unicode>
                </TextEquiv>
            </TextLine>
            <TextLine id="tr_1_tl_13" custom="readingOrder {index:12;}">
                <Coords points="2601,1486 3993,1486 4083,1466 4085,1428 2601,1428"/>
                <Baseline points="2613,1481 2654,1478 2699,1481 2744,1478 2789,1478 2834,1478 2878,1475 2923,1475 2968,1475 3013,1475 3058,1475 3102,1472 3147,1472 3192,1472 3237,1472 3282,1469 3326,1472 3371,1472 3416,1472 3461,1469 3506,1469 3550,1469 3595,1469 3640,1469 3685,1466 3730,1466 3774,1466 3819,1466 3864,1463 3909,1463 3954,1463 3998,1460 4043,1457 4088,1454"/>
                <TextEquiv>
                    <Unicode>Sie schon im Ihren Verhandlungen mit Ompte-</Unicode>
                </TextEquiv>
            </TextLine>
            <TextLine id="tr_1_tl_14" custom="readingOrder {index:13;}">
                <Coords points="2599,1540 4115,1538 4115,1462 2599,1484"/>
                <Baseline points="2610,1529 2642,1532 2687,1532 2732,1529 2777,1529 2822,1526 2866,1529 2911,1529 2956,1526 3001,1526 3046,1526 3090,1526 3135,1526 3180,1526 3225,1526 3270,1526 3314,1523 3359,1523 3404,1526 3449,1523 3494,1523 3538,1523 3583,1523 3628,1523 3673,1520 3718,1520 3762,1517 3807,1514 3852,1514 3897,1517 3942,1514 3986,1514 4031,1514 4076,1514 4121,1514"/>
                <TextEquiv>
                    <Unicode>da fortgeschritten sind. Jedefalls möchte ich</Unicode>
                </TextEquiv>
            </TextLine>
            <TextLine id="tr_1_tl_15" custom="readingOrder {index:14;}">
                <Coords points="2601,1584 4021,1582 4043,1524 2603,1536"/>
                <Baseline points="2613,1582 2616,1579 2660,1579 2705,1582 2750,1579 2795,1579 2840,1576 2884,1576 2929,1576 2974,1576 3019,1576 3064,1576 3108,1576 3153,1576 3198,1576 3243,1576 3288,1576 3332,1576 3377,1576 3422,1576 3467,1573 3512,1573 3556,1570 3601,1570 3646,1567 3691,1567 3736,1564 3780,1564 3825,1564 3870,1564 3915,1567 3960,1567 4004,1564 4049,1561"/>
                <TextEquiv>
                    <Unicode>nicht verschweigen, dass mir Herr Professor</Unicode>
                </TextEquiv>
            </TextLine>
            <TextLine id="tr_1_tl_16" custom="readingOrder {index:15;}">
                <Coords points="2601,1642 4067,1636 4121,1628 4121,1558 2601,1584"/>
                <Baseline points="2613,1633 2648,1630 2693,1630 2738,1630 2783,1627 2828,1627 2872,1627 2917,1627 2962,1630 3007,1627 3052,1627 3096,1627 3141,1627 3186,1627 3231,1627 3276,1624 3320,1624 3365,1624 3410,1624 3455,1627 3500,1624 3544,1621 3589,1621 3634,1621 3679,1618 3724,1618 3768,1618 3813,1621 3858,1618 3903,1618 3948,1615 3992,1618 4037,1618 4082,1615 4127,1618"/>
                <TextEquiv>
                    <Unicode>Richter persönlich einen sehr guten Eindruck</Unicode>
                </TextEquiv>
            </TextLine>
            <TextLine id="tr_1_tl_17" custom="readingOrder {index:16;}">
                <Coords points="2605,1698 4039,1694 4053,1624 2607,1646"/>
                <Baseline points="2616,1687 2660,1684 2705,1684 2750,1681 2795,1681 2840,1681 2884,1678 2929,1678 2974,1678 3019,1678 3064,1678 3108,1678 3153,1678 3198,1678 3243,1678 3288,1678 3332,1675 3377,1675 3422,1675 3467,1675 3512,1675 3556,1672 3601,1672 3646,1672 3691,1669 3736,1666 3780,1666 3825,1669 3870,1669 3915,1669 3960,1669 4004,1669 4049,1672 4058,1672"/>
                <TextEquiv>
                    <Unicode>gemacht hat und da bereits eine Verbindung</Unicode>
                </TextEquiv>
            </TextLine>
            <TextLine id="tr_1_tl_18" custom="readingOrder {index:17;}">
                <Coords points="2599,1748 3861,1746 4049,1734 4049,1694 2599,1698"/>
                <Baseline points="2610,1735 2619,1735 2663,1732 2708,1735 2753,1732 2798,1735 2843,1732 2887,1732 2932,1729 2977,1729 3022,1729 3067,1729 3111,1729 3156,1726 3201,1726 3246,1726 3291,1729 3335,1729 3380,1729 3425,1726 3470,1726 3515,1723 3559,1723 3604,1723 3649,1720 3694,1720 3739,1720 3783,1720 3828,1717 3873,1720 3918,1720 3962,1717 4007,1720 4052,1726"/>
                <TextEquiv>
                    <Unicode>zwischen ihm und Ihnen, lieber vorr Doktor,</Unicode>
                </TextEquiv>
            </TextLine>
            <TextLine id="tr_1_tl_19" custom="readingOrder {index:18;}">
                <Coords points="2605,1788 3965,1794 4047,1736 2605,1744"/>
                <Baseline points="2616,1782 2619,1782 2663,1782 2708,1779 2753,1782 2798,1782 2843,1782 2887,1782 2932,1779 2977,1779 3022,1782 3067,1782 3111,1782 3156,1776 3201,1779 3246,1779 3291,1779 3335,1776 3380,1779 3425,1776 3470,1776 3515,1776 3559,1776 3604,1776 3649,1773 3694,1770 3739,1770 3783,1770 3828,1770 3873,1773 3918,1773 3962,1773 4007,1764 4052,1759"/>
                <TextEquiv>
                    <Unicode>resp. dem Verlag Fischer nach seiner Anga-</Unicode>
                </TextEquiv>
            </TextLine>
            <TextLine id="tr_1_tl_20" custom="readingOrder {index:19;}">
                <Coords points="2595,1840 3923,1842 4079,1830 4079,1762 3140,1808 2595,1780"/>
                <Baseline points="2607,1836 2651,1833 2696,1833 2741,1833 2786,1830 2831,1830 2875,1833 2920,1833 2965,1833 3010,1833 3055,1830 3099,1830 3144,1833 3189,1830 3234,1830 3279,1827 3323,1827 3368,1830 3413,1830 3458,1827 3503,1827 3547,1824 3592,1824 3637,1824 3682,1824 3727,1824 3771,1821 3816,1821 3861,1821 3906,1821 3951,1821 3995,1818 4040,1818 4085,1818"/>
                <TextEquiv>
                    <Unicode>be besteht, habe ich ihn gebeten sich an Sie</Unicode>
                </TextEquiv>
            </TextLine>
            <TextLine id="tr_1_tl_21" custom="readingOrder {index:20;}">
                <Coords points="2593,1888 3845,1896 4049,1868 4049,1828 2593,1840"/>
                <Baseline points="2604,1887 2622,1887 2666,1884 2711,1884 2756,1884 2801,1884 2846,1884 2890,1884 2935,1884 2980,1881 3025,1881 3070,1878 3114,1878 3159,1878 3204,1878 3249,1878 3294,1878 3338,1878 3383,1878 3428,1878 3473,1878 3518,1881 3562,1878 3607,1878 3652,1875 3697,1875 3741,1875 3786,1875 3831,1875 3876,1872 3921,1872 3965,1872 4010,1866 4055,1860"/>
                <TextEquiv>
                    <Unicode>zu wenden und würde Sie zu eventuellen Ab-</Unicode>
                </TextEquiv>
            </TextLine>
            <TextLine id="tr_1_tl_22" custom="readingOrder {index:21;}">
                <Coords points="2601,1942 4033,1928 4005,1874 2603,1892"/>
                <Baseline points="2613,1941 2648,1935 2693,1935 2738,1935 2783,1935 2828,1935 2872,1935 2917,1935 2962,1932 3007,1932 3052,1932 3096,1932 3141,1932 3186,1929 3231,1929 3276,1932 3320,1929 3365,1929 3410,1929 3455,1926 3500,1926 3544,1929 3589,1932 3634,1926 3679,1929 3724,1932 3768,1929 3813,1926 3858,1929 3903,1926 3948,1923 3992,1920 4037,1920"/>
                <TextEquiv>
                    <Unicode>schlüssen mit ihm gerne autoris kran, sowie</Unicode>
                </TextEquiv>
            </TextLine>
            <TextLine id="tr_1_tl_23" custom="readingOrder {index:22;}">
                <Coords points="2601,1992 3979,2007 4021,1994 4021,1924 2601,1942"/>
                <Baseline points="2613,1985 2637,1985 2681,1985 2726,1985 2771,1985 2816,1985 2860,1985 2905,1985 2950,1985 2995,1982 3040,1985 3084,1985 3129,1982 3174,1982 3219,1982 3264,1982 3308,1982 3353,1980 3398,1980 3443,1977 3488,1977 3532,1977 3577,1980 3622,1982 3667,1980 3712,1980 3756,1977 3801,1977 3846,1977 3891,1977 3936,1974 3980,1971 4025,1968"/>
                <TextEquiv>
                    <Unicode>Ihnen das Geschäftliche der Angelegenheit</Unicode>
                </TextEquiv>
            </TextLine>
            <TextLine id="tr_1_tl_24" custom="readingOrder {index:23;}">
                <Coords points="2593,2061 2633,2049 2697,2073 2735,2049 2781,2067 2854,2059 2872,2075 2906,2055 2960,2067 2988,2057 2988,2007 2952,2011 2938,1996 2870,1996 2848,1984 2801,2000 2739,1982 2683,2000 2645,1986 2593,1990"/>
                <Baseline points="2604,2039 2634,2036 2678,2036 2723,2036 2768,2036 2813,2036 2858,2036 2902,2036 2947,2036 2992,2036"/>
                <TextEquiv>
                    <Unicode>überlassen.</Unicode>
                </TextEquiv>
            </TextLine>
            <TextLine id="tr_1_tl_25" custom="readingOrder {index:24;}">
                <Coords points="2832,2145 3723,2163 4033,2137 4051,2063 3881,2035 3831,2063 3422,2059 3366,2031 3302,2075 3240,2045 3084,2083 2996,2047 2832,2077"/>
                <Baseline points="2843,2135 2887,2135 2932,2135 2977,2135 3022,2135 3067,2135 3111,2135 3156,2135 3201,2135 3246,2135 3291,2135 3335,2135 3380,2138 3425,2138 3470,2135 3515,2138 3559,2132 3604,2135 3649,2138 3694,2141 3709,2138 3724,2138 3741,2135 3786,2132 3831,2129 3876,2129 3921,2126 3965,2126 4010,2120 4055,2114"/>
                <TextEquiv>
                    <Unicode>Ebenso war Herr Ranschburg, der Ver-</Unicode>
                </TextEquiv>
            </TextLine>
            <TextLine id="tr_1_tl_26" custom="readingOrder {index:25;}">
                <Coords points="3530,2207 3594,2215 3669,2179 3771,2199 3805,2181 3909,2181 3953,2205 3983,2179 4041,2191 4041,2137 3937,2145 3895,2127 3837,2143 3803,2131 3725,2165 3687,2145 3530,2151"/>
                <Baseline points="3541,2183 3553,2183 3598,2180 3643,2177 3688,2180 3733,2186 3777,2177 3822,2177 3867,2177 3912,2180 3957,2180 4001,2177 4046,2177"/>
                <TextEquiv>
                    <Unicode>the ou-verlages</Unicode>
                </TextEquiv>
            </TextLine>
            <TextLine id="tr_1_tl_27" custom="readingOrder {index:26;}">
                <Coords points="2599,2189 2830,2191 2850,2211 2902,2191 2958,2213 2994,2191 3112,2213 3270,2193 3380,2223 3380,2159 3348,2141 3066,2137 2958,2161 2818,2145 2747,2109 2599,2115"/>
                <Baseline points="2610,2186 2654,2186 2699,2189 2744,2189 2789,2189 2834,2189 2878,2189 2923,2189 2968,2189 3013,2189 3058,2189 3102,2195 3147,2195 3192,2195 3237,2192 3282,2195 3326,2192 3371,2189 3386,2189"/>
                <TextEquiv>
                    <Unicode>treter des ungarischen</Unicode>
                </TextEquiv>
            </TextLine>
            <TextLine id="tr_1_tl_28" custom="readingOrder {index:27;}">
                <Coords points="3472,2237 3590,2229 3653,2259 3709,2239 3851,2255 3907,2247 3907,2193 3871,2179 3771,2199 3701,2183 3675,2201 3596,2215 3556,2197 3472,2195"/>
                <Baseline points="3483,2217 3529,2224 3574,2227 3619,2233 3631,2236 3667,2233 3688,2233 3733,2227 3777,2230 3822,2230 3867,2227 3912,2230"/>
                <TextEquiv>
                    <Unicode>"Traumnov"</Unicode>
                </TextEquiv>
            </TextLine>
            <TextLine id="tr_1_tl_29" custom="readingOrder {index:28;}">
                <Coords points="2595,2249 2936,2243 2990,2265 3240,2239 3294,2261 3478,2237 3480,2201 3438,2213 3402,2185 3316,2217 3280,2195 3052,2211 2994,2191 2958,2211 2904,2191 2850,2211 2597,2187"/>
                <Baseline points="2607,2242 2631,2239 2675,2239 2720,2239 2765,2239 2810,2239 2855,2242 2899,2239 2944,2239 2989,2239 3034,2239 3079,2239 3123,2239 3168,2239 3213,2236 3258,2236 3302,2236 3347,2233 3392,2230 3437,2227 3483,2217"/>
                <TextEquiv>
                    <Unicode>bei mir, um das Recht für</Unicode>
                </TextEquiv>
            </TextLine>
            <TextLine id="tr_1_tl_30" custom="readingOrder {index:29;}">
                <Coords points="3971,2289 3983,2287 3991,2291 4005,2277 4017,2277 4031,2287 4037,2283 4045,2287 4065,2283 4057,2185 4043,2189 4025,2187 4015,2193 3999,2179 3983,2179 3973,2189 3963,2189"/>
                <Baseline points="3977,2242 4022,2245 4067,2248"/>
                <TextEquiv>
                    <Unicode>1°</Unicode>
                </TextEquiv>
            </TextLine>
            <TextLine id="tr_1_tl_31" custom="readingOrder {index:30;}">
                <Coords points="2595,2299 3955,2287 3931,2245 3590,2229 3286,2267 2595,2255"/>
                <Baseline points="2607,2293 2616,2290 2660,2290 2705,2290 2750,2290 2795,2290 2840,2290 2884,2290 2929,2290 2974,2290 3019,2290 3064,2290 3108,2287 3153,2287 3198,2287 3243,2284 3288,2287 3332,2287 3377,2287 3422,2284 3467,2284 3512,2284 3556,2284 3601,2284 3646,2284 3691,2281 3736,2281 3780,2284 3825,2281 3870,2281 3915,2278 3960,2281"/>
                <TextEquiv>
                    <Unicode>zu erwerben. Es ist eigentlich etwas</Unicode>
                </TextEquiv>
            </TextLine>
            <TextLine id="tr_1_tl_32" custom="readingOrder {index:31;}">
                <Coords points="2585,2365 3893,2349 3893,2299 3827,2287 2587,2305"/>
                <Baseline points="2598,2344 2642,2341 2687,2341 2732,2341 2777,2338 2822,2341 2866,2341 2911,2341 2956,2341 3001,2341 3046,2341 3090,2338 3135,2338 3180,2338 3225,2338 3270,2338 3314,2338 3359,2335 3404,2335 3449,2335 3494,2338 3538,2335 3583,2332 3628,2335 3673,2335 3718,2335 3762,2335 3807,2335 3852,2332 3897,2332"/>
                <TextEquiv>
                    <Unicode>früht heute schon darüber zu reden,da</Unicode>
                </TextEquiv>
            </TextLine>
            <TextLine id="tr_1_tl_33" custom="readingOrder {index:32;}">
                <Coords points="2571,2419 3937,2401 4025,2393 4027,2309 3384,2371 3312,2339 2573,2359"/>
                <Baseline points="2583,2398 2598,2398 2642,2395 2687,2395 2732,2392 2777,2392 2822,2392 2866,2392 2911,2392 2956,2392 3001,2389 3046,2389 3090,2389 3135,2389 3180,2389 3225,2389 3270,2386 3314,2386 3359,2386 3404,2383 3449,2386 3494,2386 3538,2386 3583,2386 3628,2383 3673,2383 3718,2383 3762,2383 3807,2383 3852,2383 3897,2380 3942,2380 3986,2380 4031,2380"/>
                <TextEquiv>
                    <Unicode>der Druck in der Dame noch nicht zu Ende</Unicode>
                </TextEquiv>
            </TextLine>
            <TextLine id="tr_1_tl_34" custom="readingOrder {index:33;}">
                <Coords points="2599,2459 4051,2449 4083,2393 2599,2407"/>
                <Baseline points="2610,2448 2654,2448 2699,2445 2744,2445 2789,2442 2834,2442 2878,2442 2923,2442 2968,2442 3013,2439 3058,2439 3102,2439 3147,2439 3192,2439 3237,2439 3282,2439 3326,2439 3371,2436 3416,2436 3461,2436 3506,2436 3550,2436 3595,2436 3640,2436 3685,2433 3730,2433 3774,2433 3819,2433 3864,2433 3909,2433 3954,2433 3998,2433 4043,2436 4088,2445"/>
                <TextEquiv>
                    <Unicode>gediehen ist und xxxxdtsxakka der Verlag</Unicode>
                </TextEquiv>
            </TextLine>
            <TextLine id="tr_1_tl_35" custom="readingOrder {index:34;}">
                <Coords points="2607,2501 3927,2503 3929,2437 2609,2453"/>
                <Baseline points="2619,2493 2631,2496 2675,2499 2720,2496 2765,2496 2810,2496 2855,2496 2899,2499 2944,2496 2989,2493 3034,2493 3079,2490 3123,2490 3168,2490 3213,2490 3258,2493 3302,2493 3347,2490 3392,2490 3437,2490 3482,2487 3526,2487 3571,2487 3616,2487 3661,2487 3706,2487 3750,2484 3795,2484 3840,2484 3885,2484 3930,2484"/>
                <TextEquiv>
                    <Unicode>Wischer eigenblicklich noch nicht einmal</Unicode>
                </TextEquiv>
            </TextLine>
            <TextLine id="tr_1_tl_36" custom="readingOrder {index:35;}">
                <Coords points="2587,2549 4059,2555 4059,2507 3985,2479 2587,2495"/>
                <Baseline points="2598,2547 2631,2547 2675,2547 2720,2547 2765,2547 2810,2547 2855,2547 2899,2547 2944,2547 2989,2544 3034,2544 3079,2544 3123,2544 3168,2541 3213,2541 3258,2541 3302,2541 3347,2544 3392,2541 3437,2538 3482,2538 3526,2538 3571,2538 3616,2538 3661,2535 3706,2535 3750,2535 3795,2535 3840,2535 3885,2535 3930,2532 3974,2532 4019,2535 4064,2535"/>
                <TextEquiv>
                    <Unicode>ber ein Recht besitzt. Immerhin möchte ich</Unicode>
                </TextEquiv>
            </TextLine>
            <TextLine id="tr_1_tl_37" custom="readingOrder {index:36;}">
                <Coords points="2595,2607 4069,2605 4069,2537 2595,2551"/>
                <Baseline points="2607,2598 2640,2598 2684,2598 2729,2601 2774,2598 2819,2601 2863,2601 2908,2598 2953,2601 2998,2598 3043,2598 3087,2595 3132,2595 3177,2592 3222,2592 3267,2592 3311,2592 3356,2589 3401,2589 3446,2589 3491,2592 3535,2592 3580,2592 3625,2589 3670,2589 3715,2589 3759,2589 3804,2589 3849,2589 3894,2589 3939,2589 3983,2589 4028,2589 4075,2588"/>
                <TextEquiv>
                    <Unicode>Sie fragen, ob Ihnen die von Herrn Ranschburg</Unicode>
                </TextEquiv>
            </TextLine>
            <TextLine id="tr_1_tl_38" custom="readingOrder {index:37;}">
                <Coords points="2595,2657 4011,2657 4067,2647 4067,2603 2595,2607"/>
                <Baseline points="2607,2651 2640,2651 2684,2651 2729,2651 2774,2651 2819,2651 2863,2651 2908,2651 2953,2651 2998,2648 3043,2648 3087,2648 3132,2645 3177,2645 3222,2645 3267,2645 3311,2645 3356,2645 3401,2642 3446,2645 3491,2642 3535,2642 3580,2642 3625,2640 3670,2637 3715,2640 3759,2637 3804,2640 3849,2642 3894,2640 3939,2640 3983,2640 4028,2637 4073,2631"/>
                <TextEquiv>
                    <Unicode>vorgeschlagenen Bedingungen (7½) vom Laden-</Unicode>
                </TextEquiv>
            </TextLine>
            <TextLine id="tr_1_tl_39" custom="readingOrder {index:38;}">
                <Coords points="2595,2713 3817,2723 4041,2705 4043,2653 2832,2651 2721,2689 2597,2657"/>
                <Baseline points="2607,2708 2616,2705 2660,2702 2705,2702 2750,2702 2795,2702 2840,2699 2884,2699 2929,2702 2974,2702 3019,2699 3064,2699 3108,2696 3153,2699 3198,2696 3243,2696 3288,2696 3332,2696 3377,2696 3422,2693 3467,2693 3512,2696 3556,2696 3601,2693 3646,2693 3691,2693 3736,2693 3780,2690 3825,2693 3870,2693 3915,2690 3960,2690 4004,2693 4049,2687"/>
                <TextEquiv>
                    <Unicode>preis des broschierten Exemplare, Vorschuss</Unicode>
                </TextEquiv>
            </TextLine>
            <TextLine id="tr_1_tl_40" custom="readingOrder {index:39;}">
                <Coords points="2599,2755 3961,2759 4019,2703 2599,2713"/>
                <Baseline points="2610,2750 2637,2753 2681,2753 2726,2753 2771,2753 2816,2750 2860,2753 2905,2756 2950,2756 2995,2753 3040,2753 3084,2750 3129,2750 3174,2750 3219,2750 3264,2750 3308,2747 3353,2747 3398,2747 3443,2747 3488,2744 3532,2744 3577,2744 3622,2744 3667,2744 3712,2744 3756,2744 3801,2744 3846,2741 3891,2741 3936,2738 3980,2732 4025,2732"/>
                <TextEquiv>
                    <Unicode>von 400 S., Teilung des Honorars bei even-</Unicode>
                </TextEquiv>
            </TextLine>
            <TextLine id="tr_1_tl_41" custom="readingOrder {index:40;}">
                <Coords points="2601,2810 3805,2795 3957,2834 4115,2814 4115,2749 4057,2717 3959,2761 2601,2755"/>
                <Baseline points="2613,2807 2642,2807 2687,2807 2732,2807 2777,2804 2822,2804 2866,2804 2911,2801 2956,2804 3001,2801 3046,2801 3090,2801 3135,2798 3180,2801 3225,2801 3270,2798 3314,2798 3359,2798 3404,2798 3449,2798 3494,2798 3538,2798 3583,2798 3628,2798 3673,2798 3718,2795 3762,2795 3807,2792 3852,2792 3897,2792 3942,2792 3986,2792 4031,2792 4076,2792 4121,2780"/>
                <TextEquiv>
                    <Unicode>tuellem Vorabdruck in einer ungarischen Zei-</Unicode>
                </TextEquiv>
            </TextLine>
            <TextLine id="tr_1_tl_42" custom="readingOrder {index:41;}">
                <Coords points="2599,2862 3913,2858 3915,2793 2601,2810"/>
                <Baseline points="2610,2858 2619,2858 2663,2858 2708,2858 2753,2855 2798,2858 2843,2858 2887,2855 2932,2858 2977,2855 3022,2855 3067,2855 3111,2852 3156,2852 3201,2852 3246,2849 3291,2852 3335,2849 3380,2849 3425,2846 3470,2846 3515,2846 3559,2846 3604,2846 3649,2846 3694,2849 3739,2846 3783,2846 3828,2846 3873,2843 3918,2840"/>
                <TextEquiv>
                    <Unicode>tung) akzeptabel erscheinen. Ranschburg</Unicode>
                </TextEquiv>
            </TextLine>
            <TextLine id="tr_1_tl_43" custom="readingOrder {index:42;}">
                <Coords points="2587,2916 4011,2900 4011,2854 3951,2846 2587,2854"/>
                <Baseline points="2598,2908 2628,2908 2672,2908 2717,2908 2762,2905 2807,2905 2852,2905 2896,2905 2941,2908 2986,2908 3031,2902 3076,2902 3120,2905 3165,2902 3210,2902 3255,2902 3300,2899 3344,2899 3389,2899 3434,2899 3479,2896 3523,2896 3568,2896 3613,2896 3658,2896 3703,2899 3747,2896 3792,2893 3837,2896 3882,2896 3927,2896 3971,2893 4016,2893"/>
                <TextEquiv>
                    <Unicode>möchte gern zwei meiner kürzeren Novellen</Unicode>
                </TextEquiv>
            </TextLine>
            <TextLine id="tr_1_tl_44" custom="readingOrder {index:43;}">
                <Coords points="2593,2972 4137,2982 4139,2892 2595,2916"/>
                <Baseline points="2604,2962 2619,2959 2663,2962 2708,2959 2753,2962 2798,2962 2843,2959 2887,2959 2932,2959 2977,2959 3022,2959 3067,2959 3111,2953 3156,2953 3201,2953 3246,2956 3291,2953 3335,2953 3380,2953 3425,2953 3470,2950 3515,2950 3559,2950 3604,2947 3649,2950 3694,2950 3739,2947 3783,2947 3828,2947 3873,2947 3918,2950 3962,2953 4007,2950 4052,2947 4097,2947 4142,2941"/>
                <TextEquiv>
                    <Unicode>im gleichen Band publizieren. Ranschburg hatte</Unicode>
                </TextEquiv>
            </TextLine>
            <TextLine id="tr_1_tl_45" custom="readingOrder {index:44;}">
                <Coords points="2599,3038 3883,3024 3919,3018 3921,2964 2601,2976"/>
                <Baseline points="2610,3019 2625,3016 2669,3016 2714,3016 2759,3016 2804,3016 2849,3016 2893,3013 2938,3013 2983,3016 3028,3013 3073,3010 3117,3013 3162,3013 3207,3010 3252,3007 3297,3007 3341,3004 3386,3010 3431,3010 3476,3007 3520,3004 3565,3007 3610,3007 3655,3007 3700,3004 3744,3004 3789,3001 3834,2998 3879,2995 3924,2995"/>
                <TextEquiv>
                    <Unicode>sich zuerst an Ullstein gewandt, der abe</Unicode>
                </TextEquiv>
            </TextLine>
        </TextRegion>
    </Page>
</PcGts>
