4433 3992
454 1049 1757 1168 Wegen geklam haben Sie mir noch immer
191 1120 1824 1214 nicht geantwortet. Eben gestern erhielt ich wie-
188 1181 1679 1271 der ein Schreiben von ihm, an dessen Ende es
188 1221 1763 1325 heisst: „An den Schluss des Bändchens kommt ja
193 1283 1688 1374 sowieso noch eine Anzeige Ihrer sämmtlichen
197 1323 1729 1417 Werke, so dass der Verlag Fischer hoffentlich
188 1355 1838 1491 mit den Pöoben aus Ihren Novellenbänden nur ein
199 1430 1755 1522 verstanden sein kann. Reklam möchte folgende
205 1484 1819 1577 Novellen drucken: Die Frau des Weisen, Das neue
209 1533 1734 1635 Lied, nie dreifache Narnung, Blumen. Ich bin
193 1560 1813 1677 mit der Zusammene tellung-nicht ganz einverstan¬
197 1637 1688 1729 den und werde ihm statt „Das neue Lied“ und
209 1675 1771 1794 „Blumen", „Den blinden Geronimo vorschlagen.
1189 1771 1694 1882 d schreibt mir
505 1788 1124 1899 Direktor Feilchen:
201 1840 1868 1924 dass nun ausländische Valuten ohneweiters in der
197 1889 1734 1991 Bank deponiert werden können. Ich bitte also
205 1939 1886 2071 die polnischen vark,Danziger Gulden etc. dorthin
203 2027 706 2125 zu überweisen.
643 2096 1369 2211 Mit herzlichem Gruss
877 2165 974 2238 Ihr
216 2917 1024 3057 Herrn S.Fischer,Verlag,
241 3007 498 3080 Berl in.
2236 821 2481 965 (Copie)
3522 921 3903 1045 26.1.1924.
2533 1091 3034 1214 Lieber Freund
2780 1256 3989 1392 Um Ihnen und mir die Korrespondenz.
2510 1304 3993 1443 wenigstens teilweise zu ersparen, hatte ich
2502 1386 4049 1487 Herrn Jacob um persönliche Vermittlung gebe-
2510 1447 3976 1537 ten. Es war doch auch alles schon erledigt
2500 1491 4010 1591 und auch meine mehrstündige Unterredung mit
2492 1547 4039 1648 Herrn Greiner sollte nach meiner und wie ich
2500 1595 3974 1704 dachte auch nach Ihrer Meinung und Absicht
2489 1644 4003 1750 die Erledigung unserer Angelegenheiten för¬
2489 1692 4064 1807 dern. Sie mussten also gar keinen Brief mehr
2492 1757 4060 1847 von mir abwarten, insbesondere in der Valuten-
2489 1807 4097 1895 sache. Nach Hans Jacobs Mitteilungen war übri-
2479 1876 3882 1953 gens diese Ausrechnung (deren ungeheuere
2479 1920 4106 2023 Schwierigkeit ich niemals ganz begreifen werde)
2471 1949 3980 2044 schon vor 6 oder 8 ochen sehr weit vorge¬
2477 2000 4051 2115 schritten,man liess ihn ja damals Einsicht in
2477 2071 4024 2161 die betreffenden Aufschreibungen nehmen. Nun
2469 2115 4037 2219 auf die paar Tage kommts ja nicht mehr an und
2471 2157 4024 2282 ich sehe der Einsendung der Aufstellung gern
2462 2209 2783 2293 entgegen.
2764 2312 4043 2418 Des Ferneren handelt es sich noch um
2456 2364 4070 2466 Folgendesjerstens um den neuen Vertrag. worüber
2462 2416 4079 2544 ich Ihnen ja neulich ausführlich genug geschik
2448 2466 4003 2573 ben habe. Ich rekapituliere, die wegentlisten
2456 2512 4064 2617 Punkte sind: 20% vom Ladenpreis des broschier-
2456 2569 4081 2693 ten Exemplars, natürlich unter der Voraussetzung
2450 2626 4016 2722 dass kein Autoo höhere Perzente bezieht; eine
2443 2672 3995 2778 Höchstspannung von 40, zwischen broschiertem
2441 2728 4039 2824 und gebundenem Exemplar; Verpflichtung zu Neu
2466 2774 3867 2885 druck jedes Buches so bald nicht mehr als
2443 2843 4022 2929 1500 Exemplare übrig sind; allmonatliche ent-
2433 2875 3957 2982 sprechende Akontozahlungen,ich schlage vor
2477 2946 4083 3053 12 österr. Millionen; seit der letzten Dezember-
2473 3025 3949 3107 zahlung von 750 Goldmark ist keine an mich
2477 3086 3605 3176 gelangt); halbjährige Abrechnung.
3086 3189 3739 3316 Ihr sehr ergebener
