4420 3992
2283 793 3262 986 hipper (T. S. hei)
3491 861 3863 996 12.4.1926.
2243 965 2786 1071 ouvert avec les mêmes
2585 1068 3339 1204 Verehrter Herr Eipper.
3309 1153 3402 1242 ###
2958 1197 4107 1343 Besten Dank für Ihre freundlichen
2579 1282 4102 1413 Nachrichten. Da ich zur Zeit des Erscheinens
2579 1358 3927 1460 der „TraumnoveIle“ voraussichtlich noch
2585 1399 4043 1504 nicht in Wien sein werde, bitte ich Sie nur
2585 1454 4088 1561 für die Versendung der Freiexemplare diesel-
2581 1513 4028 1606 be Liste zu benützen, die ich Ihnen anläss-
2588 1559 3994 1652 lich des „Weiher“ gesandt habe. Doch lege
2594 1597 4030 1699 ich noch einige Adressen bei, andio ich Sie
2588 1674 3975 1775 bitte gleichfalls Exenplare zu schicken.
3009 1750 4039 1856 Die Maidache Zeichnung gefällt
2594 1813 3933 1910 mir wohl und ich wünschte sehr, dass wir
2600 1860 4014 1959 eine illustrierte Ausgabe unter Mitwirkung
2590 1917 3986 2040 dieses Künstlers bald in Betracht ziehen
2588 1995 2884 2071 könnten
3007 2046 4003 2162 Das restliche Honorar für die
3550 2107 3923 2198 raumnoxelle,
2594 2099 3440 2211 weiteren 15 Auflagen der
2594 2156 3939 2270 bitte ich gleich nach dem Ersche inen an
2598 2209 4050 2327 ne in Konto der Bank für auswärtigen Handel
2594 2300 3337 2391 überweisen zu wollen.
3783 2353 4048 2431 anbe-
2979 2353 3671 2469 Was den „Gang zum Ha—
2600 2378 3920 2516 langt - dies gilt eigentlich für Herrn
2602 2467 4094 2560 Doktor Maril - bitte die eventuel len Bewer-
2602 2531 4105 2640 ber.also auch Kiel, vorläufig dilatorisch zu
2609 2604 2960 2696 behandeln.
3036 2638 4157 2769 Vielen Dank für Ihre freundlichen
2605 2740 4011 2846 Wünsche anlässlich meiner bevorstehenden
2615 2818 2842 2909 Reise.
3021 2842 4075 2979 Eine Nachricht würde mich traf
1028 2846 1555 2964 tuin tar ils ob.
3569 2930 3910 3002 Pta Washin!
2632 2892 3525 3032 Con am 19. April: Dampfer Ma
2645 3002 3910 3095 agentur der Linie Cosulich, Neapel,via
2624 3062 2903 3146 pretis 8
