4428 3992
418 1062 1949 1194 glaube es liegt zum Teil auch daran, dass man
374 1112 1957 1261 niemals gegen die Willkürlichkeiten und Ueber-
386 1192 1874 1299 griffe der Direktoren wirklich Ennst macht.
380 1232 1847 1358 Ist es überhaupt möglich in solchen Fällen
386 1265 1916 1407 einer unberechtigten Aufführung unverzüglich
386 1332 1969 1453 einen Gerichtsbeschluss zu erwirken, stehen Ih-
382 1380 1951 1506 nen die geset zlichen Mittel, zur Verfügung, die
426 1439 1862 1557 Aufführungen augenblicklich zu inhibieren
390 1478 1914 1616 Wenn das nicht der Fall ist, wenn wir am Ende
392 1525 1995 1652 erst im Prozesswege unser gutes Recht beweisen
388 1575 2000 1701 müssen, dann steht die Sache, insbesondere bei
400 1626 1998 1768 dem Schneckengang der Gerichte und der Gleich-
398 1689 1951 1823 gültigkeit der massgebende Stellen gegenüber
406 1734 1947 1872 allem, was geistiges Eigentum heisst, schlimm
660 1807 2014 1947 Ich hoffe nach wie vor, dass mein Stück
408 1855 605 1949 genug.
1015 1888 1939 2012 gtheater herauskommen wird.
412 1924 972 2034 im Oktober im Bu
404 1920 1985 2079 Solte sich aber die Graufführung verschieben,
418 1989 1993 2127 so müssen wir auch mit der Ausgabe des Buches
420 2032 2052 2160 ein wonig zuwarten.Es kann ja Indess vollkommen
418 2127 1226 2249 fertig gestellt werden.
907 2178 1736 2326 Mit herzlichen Grüs sen
1196 2276 1313 2361 Ihr
483 2822 1305 2992 Herrn S.Fischer,Verlag,
453 2927 717 3029 Berlin.
3443 834 3794 936 2.8.1924.
2312 818 2860 1045 Fischer
2537 1084 3057 1206 Lieber Freund.
2793 1186 4088 1311 Mir persönlich ist es ziemlich gleich
2513 1271 4092 1389 gültig,ob die Novelle im Oktober- oder Im-Me¬
2527 1317 4054 1421 vembarheft erscheht. Ich musste mir nur je¬
2519 1384 4070 1486 desfalls ausbedingen,wie sie ja schon wissen,
2548 1423 4028 1520 dass das Buch anfangs Dezember hier heraus¬
2515 1508 2946 1614 kommen kann.
2805 1531 4074 1663 Den vereinbarten petrag von 1500 G.M.
2519 1614 4058 1748 würde ich bitten an mein Konto, Bank für Aus x
2560 1679 3885 1805 wärtigen Handel, Berlin, Budapesterstr. 2
2554 1762 3051 1868 zu überwelsen.
2812 1782 3965 1912 Von Wottioky bekam ich wieder ein
2527 1870 4097 1991 Schreiben, in dem er mir von seinen Bemühungen
3705 1918 4062 2010 Lands und Her¬
2572 1941 3670 2036 in der Angelegenheit des „Weiten
2535 1977 4066 2089 neuen Hoffnungen Mitteilung macht. Auf sein
2568 2024 4086 2136 Ersuchen habe ich ihm die Option wieder vor-
2566 2095 3991 2207 läufig bis zum 31. Jänner 1925 verlängert.
2911 2203 3626 2302 Mit herzlichem Gruss
3173 2259 3287 2345 Ihr
2779 2862 3354 2992 S.wischer,Verlag,
2586 2907 2862 3039 Berlin.
