4454 3993
587 1042 1733 1144 3. In welcher Weise wird das Copy-
287 1128 1695 1204 nt besortt? Genügt es, wenn das Buch nach
244 1164 1727 1248 Fertigstellung in Washington deponiert wird
246 1212 1751 1296 oder ist es sicherer, wenn schon ein Fahnena
250 1274 1731 1341 zug hinge andt wird. Für dieses Stück haben
254 1328 1727 1417 die United Plays ein Optionsrecht hinsicht-
252 1383 944 1449 lich der Aufführung.
591 1431 1743 1537 4. Wie halten nie es jetzt im All
1577 1523 1729 1579 nnen?
944 1525 1553 1587 sendung für die Bü
1575 1545 1671 1599 3.
254 1537 950 1597 gemeinen mit der Ver
940 1569 1052 1617 G.S.
250 1573 1731 1655 Erhalten Bühnen Exemplare auch zur Einsicht
250 1629 1695 1697 ohne das Buch bezahlen zu müssen. Kleinere
250 1675 1803 1751 Bühnen kommen für das stück a priori nicht in
254 1737 567 1817 Betracht.
691 1783 1829 1928 Bühnenexemplare alssolche zu dru-
254 1880 1737 1952 cken besteht in diesem Falle überhaupt kein
373 1942 1745 2004 hd. kan kann ja den Bühnen Exemplare zum
266 1994 1220 2062 Buchhändlerpreis überlassen.
695 2066 1861 2166 Würde es sich nicht empfehlen, wenn
250 2086 1725 2228 der übliche Sicherheitsvormerk in der Buch-
1222 2176 1843 2262 rechte insbesondere
1146 2190 1228 2248 R
254 2194 1154 2282 ausgabe lauten würde: Alle
1146 2216 1230 2268 F.
256 2236 1761 2314 der Uebersetzung und Verfilmung behält sich.
256 2292 1771 2362 der Autor vor. Den Bühnen und Vereinen gegen-
266 2322 1805 2415 über Manuscript.Aufführungsrecht für Deutsch-
262 2409 1565 2511 land und Oesterreich s.Fischer Verlag.
737 2483 1781 2567 Wie viele Exemplare (als redak
262 2553 1805 2629 tionsfreie Verlagsexemplare) drucken Sie über
260 2609 986 2705 die üblichen Tausend?
563 2709 1262 2787 Mit herzlichem Gruss
695 2755 1337 2843 Ihr sehr ergebener
254 2968 874 3044 Herrn Leo Creiner,
256 3024 846 3108 3.Fischer Verlag,
248 3082 503 3178 Berlin.
2152 930 2330 998 tome,
2557 926 2793 1078 1
3350 1022 3723 1114 31.3.1924.
2304 1200 2803 1298 Lieber Freund.
2619 1365 3805 1489 Auf Ihr Schreiben aus S. Margwarita
2306 1435 3739 1533 vom 19. März antworte ich Ihnen erst heute
2308 1487 3176 1607 nach reiflicher Erwägung.
2601 1599 3827 1679 Es handelt sich natürlich im Grunde
2304 1643 3837 1735 gar nicht um die 27 mehr oder weniger,es han
2294 1705 3829 1777 delt sich um eine prinzipielle Frage. Wie Sie
2290 1747 3845 1853 wissen war ich stets mit den von Ihnen vorge¬
2292 1793 3795 1882 schlagenen Honorarbedingungen einverstanden
2290 1847 3825 1926 unter der einen immer wiederholten Vorausse-
2292 1894 3827 1982 tzung, dass ich darin hinter keinem Ihrer Au-
2292 1944 3819 2030 toren zurückzustehen hätte.. Hierauf glaubte
2286 1986 3849 2090 ich ein Recht zu haben, nachdem zwischen 25-30
2278 2038 3783 2138 Bücher,sowie meine Gesammtausgebe bei Ihnen
2284 2102 3843 2184 und das Meiste mit nicht geringem buchhändle-
2280 2154 3841 2266 rerischem Erfolge erschienen waren. Auf diese
2276 2208 3743 2288 meine Forderung erwiderten Sie mir anfangs
2284 2254 3843 2354 gar nicht und berücksichtigten sie auch nicht
2278 2308 3805 2398 Im geringsten. Späber gestanden sie zu, dass
2266 2348 3877 2465 einer Ihrer Autoren andere,bessere Bedingungen
2262 2415 3797 2495 hätte als ich, doch dass er Ihnen hiefür eine
2266 2457 3877 2551 Kompensation gewähre. Worin diese kompensation
2266 2499 3841 2609 bestünde, sagten sie anfangs nicht. Sie teilen
2258 2567 3859 2655 mir nun heute mit, dass dieser Autor Ihnen seine
2254 2621 3853 2717 Gesammtproduktion für alle Zukunft zugesichert
2254 2651 3825 2767 habe, was sie als Komponsation emtfänden, weil
2256 2719 3697 2825 neue Verhandlungen deakx von Fall zu Fall
2254 2771 3677 2893 doch auf nie Dauer auf die Nerven gehen
2601 2871 3823 2952 Ich erlaube mir vor allem zu bemer-
2242 2897 3793 3024 ken, dass neue Verhandlungen von Fall zu Fall
2248 2978 3853 3084 überhaupt zwischen uns nicht notwendig gewesen
2244 3028 3813 3112 wären, wenn Sie eben von vornherein meine For¬
2244 3086 3807 3158 derung nach kontraktlihh-maerieller Gleich-
2238 3134 3781 3212 stellung (die wohl überall völlig selbstver-
2242 3186 3717 3282 ständlich erscheinen musste, ausgenommen im
2388 3242 2617 3324 son...
