4398 3976
458 901 1885 1002 gern eine Szene aus den „Schwestern" abge-
484 952 1845 1038 rückt und habe xxx bei dieser Gelegen-
452 1020 1811 1079 helt mit einigem Bedauern vermerkt,dass
446 1063 1815 1129 auch dieses Stück in Berlin bisher noch
446 1103 1744 1173 keine Stätte gefunden hat,aber auch da
440 1151 1770 1238 lässt sich selbstverständlich vorläufig
440 1204 815 1300 nichts tun.
796 1276 1873 1409 Mit den verbindlichsten Grüssen
1119 1367 1742 1456 Ihr, sehr ergebener
520 2595 639 2694 ren
411 2678 1228 2784 S.Fischer,Verlag,Berlin.
2319 800 3113 946 Maril-Fiche
3278 843 3635 938 8.12.1924.
2815 917 3147 996 .Mais elle nʼavoit eu une seule
2514 1038 3278 1151 Verehrter Herr Doktor.
2819 1180 4049 1280 Der „Grüne Kakadu" ist zusammen mit
2514 1270 4022 1349 „Anatol“ als Buch bei Calpe erschienen 1922
2510 1323 4107 1395 übersetzt von Graa und Araquistann. Ich glaube
2514 1359 4131 1446 die sache war damals durch S.Fischer vermittelt
2504 1434 4035 1496 Jedesfalls bitte nachzusehen,ob eine Auffüh-
2508 1466 4045 1575 rungsbewilligung erteilt worden war. Das Buch
2504 1528 3069 1623 wurde honoriert.
2813 1605 4095 1698 Die angeblich am 18. November abgegan-
2510 1673 3970 1758 genen Exemplare der „Komödie der Verführung
2510 1734 4089 1829 sind unbegreiflicher weise noch immer nicht in
2504 1784 2996 1881 meinem Besitz.
2813 1865 4041 1958 Einzahlung für im Laufe der letzten
2504 1938 4006 2006 Monate stattgehabten Aufführungen wären mir
2502 1990 3936 2087 höchst willkommen. Haben How & Raggio noch
2508 2034 3528 2143 nichts von sich hören lassen?
2907 2121 3803 2236 Mit verbindlichen Grüssen
2534 2730 3702 2853 Herrn Dr. Maril, S.Fischer,verlag,
2502 2799 2756 2907 Berlin.
