4428 3992
3421 888 3803 1022 17.9.1924.
2332 861 2882 1081 Fischen
2433 1063 2550 1126 G.C.F.
2714 1056 2927 1132 que la fois de ses autres.
2498 1116 3005 1243 Lieber Freund.
2829 1227 4090 1364 Dr.Buxbaum,Dramaturg des Wiesbadenen
2544 1315 3953 1428 Staatstheater“,schreibt mir, dass er die
2492 1383 4047 1485 aufführung der „K.d.V. erworben hat und das
2505 1432 3992 1522 stück am 11. Oktober zur Auff ihrung bringen
2794 1454 4035 1563 Nun hat doch Hartung, Cöln, die Urauf-
2513 1510 2656 1575 will
2531 1524 4043 1616 führung für Deutschland erworben und demnach
2515 1588 4082 1676 dürfte Wiesbaden wohl nicht früher herauskom-
2507 1596 2601 1639 an
2517 1635 4035 1719 men, und das Datum der Cölner Erstaufführung
2519 1688 4049 1778 ist mir nicht bekannt. Irre ich nicht,so war
2517 1727 4080 1830 von einem späteren Termin die Rede. Ich mache
2507 1803 3666 1912 für alle wälle darauf aufmerksam.
2851 1883 4057 1965 Dass Breslau nach seinem Telegramm
3003 1938 3981 2016 Garantie noch immer nach 2-3
2511 1938 2915 2047 die 1000 Ma
2513 1977 4016 2078 Wochen nicht bezahlt hat, ist auffallend. Das
2519 2051 3986 2135 bisherige zögernde Verhalten dieser Direk-
2517 2074 4051 2178 tion mahnt zur Vorsicht. Die Aufführung darf
2525 2152 3979 2240 absolut nicht vor Einzahlung des Vorschus-
2515 2213 3079 2318 ses stattfinden.
2872 2261 4000 2400 Im.Geistigen Arbeiter» lese ich
2525 2324 4035 2435 dass der Verband Deutsch.Bühnenschriftst.
2529 2396 3990 2494 Komp. sich an die begierung gewandt hat mi
2525 2462 3998 2558 dem Hinweis auf einen Parograph der spani-
2531 2500 4045 2601 schen Gesetzgebung vom 3. Sept. 1880: Die Auf-
2529 2560 4082 2642 führungsgebühren der dramatischen und musika-
2527 2607 3988 2701 lischen werke werden als ein Gut beträhtet
2533 2644 4066 2761 das den Theatern und öffentlichen echauspiel
2539 2716 4066 2798 unternehmungen anvertraut ist, welche dissel-
2539 2763 3926 2855 ben täglich zur Verfügung der Eigentümer
2537 2788 4025 2907 oder ihrer Vertreter halten soll.Wie lange
2533 2851 4090 2952 wird eine solche eigentlich selbstverständli-
2533 2917 4008 3009 che Auffassung der deutschen Regierung den
2542 2960 4029 3054 deutschen Direktoren, dem deutscher Publikum
2548 2997 4082 3126 (und leider auch den meisten deutschen Verle
2533 3075 3598 3204 gern) noch spanisch vorkommen?
