4457 3960
538 839 2001 1012 Ich merke eben, dass ich Ihre Anfrage wegen
554 923 2113 1043 Doktor Graesler noch nicht beantwortet habe,
548 985 2108 1092 Pauschalbeträge sind meiner Ansicht nach über
540 1033 2047 1156 haupt abzulehnen, Bedingungen wären, wenn Sie
550 1084 2030 1195 damit einverstanden sind, 10% vom Ladenpreis
556 1107 2078 1255 jedes Exemplare, garantiert bei Abschluss des
554 1166 2102 1292 verttages mit mindestens 5000 o.K. Vielleicht
550 1232 2102 1360 haben sie die Freundlichkeit in diesem Sinn e
548 1300 2028 1441 an den Verlag "Pritel knihy" zu schreiben.
2393 756 2844 878 si l'ischer
3378 796 3780 913 27.10.1927.
3026 868 3465 981 Kervi
3316 950 3419 1014 G.C.F.P.
2700 971 2817 1039 G.H.F.P.
2597 1008 3473 1150 Lieber Herr Doktor Maril.
3524 1037 3728 1125 G.C.H.F.F:S.
2879 1132 3922 1278 Rotters haben neuerdings wegen
2609 1191 4048 1329 „Reigen“ bei mir angefragt. Was ich geant-
2611 1272 4056 1381 wortet lege ich zur gefälligen Information
2611 1329 3996 1416 bei. Ich denke, Sie teilen meine Antächt
2613 1338 4114 1467 Im Laufe dieses Sommers sprach ich mit Herrn
2611 1430 4147 1517 Fischer einmal über die Frage neuer.Reigen“-
2603 1482 4035 1564 Aufführung. Er stand der Angelegenheit, wie
2609 1535 4120 1616 mir schien, optimistischer gegenüber als ich.
2603 1570 4112 1667 Im Zusammenhange damit besprach ich auch mit
2603 1620 4122 1742 Herrn Fischer die Frage einer Neuausgabe des
2642 1674 4083 1768 Reigen im Fisch er-Verlage (ich habe heute
2609 1727 4089 1822 das alleinige Verfügungsrecht).Ich gab auch
2617 1783 4064 1865 zur Erwägung bei Gelegenheit einer solchen
2611 1808 4101 1919 Neuausgabe allerlei Dokumentarisches dem Bu-
2605 1875 4097 1966 che beizufägen, nicht etwa zu meiner Reoht-
2605 1902 4124 2016 fertigung, sondern grösstenteils als kulturge
2611 1983 4035 2065 schichtliche Kuriosa. Das beste Kriterium
2609 2020 4058 2121 für das ungewöhnliche Ausmass von Dummheit
2611 2082 4122 2158 Gemeinheit und Verlogenheit das bei Gelegen-
2611 2106 4147 2213 heit der.Reigen"-Hetze am Werke war, gibt mei
2611 2174 4089 2265 nes Erachtens das Buch über den Reigen-Pro-
2617 2228 4060 2308 zess, das Wolfgang Heine vor einigen Jahren
2615 2242 4108 2360 herausgab und das auch von der liberal-demo
2611 2331 4037 2415 kratischen Presse kaum je mit einem Worte
2615 2364 4132 2459 erwähnt worden ist. Vor einigen Wochen liess
2617 2432 4077 2514 ich ein Exemplar dieses Buches an Herrn Fi-
2615 2467 4085 2576 scher absenden. Ich hoffe, es ist angelangt,
2622 2529 4071 2609 und ich rate auch Ihnen, lieber Herr Doktor
2617 2572 4091 2665 Maril, es gelegentlich zu lesen, wäre es auch
2615 2640 4007 2745 nur, um sich takrat aufs Lehrreichste zu
2609 2706 2978 2789 amüsieren.
2920 2745 4058 2861 Wäre es vielleicht möglich von Zim-
2661 2830 3963 2941 unverbindlich einen Besetzungsvorso
1274 2848 1593 2978 h dreiik
2646 2892 3302 2968 einsichtlich des G.
2626 2939 4075 3056 ten? Er soll ja einige sehr gute Kräfte ha
