4417 3992
2932 285 3046 373 1.°
2449 689 3115 896 Maril, Fischer
3470 821 3794 925 2. 5.1927.
2997 874 3154 933 G.C.H.F.M
3209 878 3639 1009 Reyebitt
2610 1017 3346 1143 Lieber Herr Dr.Maril.
3207 1106 3366 1174 ouvrage.
3058 1163 4150 1259 Eine Aufführung des „Reigen“ an
2620 1227 4108 1318 einem Theater das Westen die uns Herr Stras
2626 1298 4065 1363 sow vorschlägt,dürfte wohl in keinem Sinne
2626 1341 4067 1422 Vorteile bieten,die eventuellen Nachteilen
2622 1379 4136 1469 die Wage zu halten imstande sein könntnn udd
2620 1447 4042 1563 so bitte ich in meinem Namen vorkäufig ab
2614 1508 3370 1567 schläghg zu antworten.
3219 1557 3368 1614 arvoan
3050 1565 3136 1616 faire
2730 1559 2918 1616 m m
3062 1579 4138 1697 Der Verlag Jespersen hatte sich
3537 1642 4152 1712 an Zsolnay
2614 1648 3543 1740 schon vorher wegen „rauler
2620 1701 4136 1769 gewendet mit einem gleichfalls indiskutabeln
2622 1754 4108 1838 Honorar Vorschlag; es ist natürlich,dass von
2620 1795 4108 1870 Herausgabe von „Traumnovelle“ mit „Fräulein
2614 1846 4132 1940 else“ in einem Band überhaupt nicht die Rede
2620 1897 4067 1968 sein kann. Für „Traumnovelle“ allein bitte
2598 1942 4126 2027 sunter 10% Tantième vom Ladenpreis, garantiert
2614 1993 4220 2074 mit 600 dänischen Kronen bei Abschluss des Ver-
2620 2066 3549 2137 trags nicht abzuschliessen.
3091 2105 4171 2211 Die Idee des Pilaner. Redakteurs
2620 2166 4171 2253 auf dem „Blinden Geronimo einen Oierntext zu
2612 2225 4146 2298 machen, ist zum mindesten originell. Wie glau
2622 2266 4124 2349 ben Sie hätte man sich dieser Anfrage gegen
2620 2337 3252 2435 über zu verhalten?
3091 2398 4093 2496 Haben Sie von Frau Kins, resp.
2622 2469 4065 2577 vom Deutschen Theater, resp. von Saltenburg
2626 2539 3315 2628 irgend etwas gehört?
3099 2590 4152 2690 Gestern bin ich von Venedig in
2618 2669 4171 2767 Wien wieder angekommen und habe die Exemplare
2622 2728 4140 2800 von „Spiel, im Lorgengrägen“ vorgefunden. Das
2614 2767 4250 2883 Buch mit der besonders gelungenen Umschlagze ihm
2614 2836 3861 2912 nung von Meid sieht sehr hübsch aus.
3097 2901 4181 3020 Von dem Sprechfilm, über den Sie
