<?xml version="1.0" encoding="UTF-8" standalone="yes"?>
<PcGts xmlns="http://schema.primaresearch.org/PAGE/gts/pagecontent/2013-07-15" xmlns:xsi="http://www.w3.org/2001/XMLSchema-instance" xsi:schemaLocation="http://schema.primaresearch.org/PAGE/gts/pagecontent/2013-07-15 http://schema.primaresearch.org/PAGE/gts/pagecontent/2013-07-15/pagecontent.xsd">
    <Metadata>
        <Creator>prov=READ-COOP:name=TrHtr:version=2.1.0:model_id=51170:date=26_07_2023_10:15</Creator>
        <Created>2023-05-02T07:58:15.510+02:00</Created>
        <LastChange>2023-07-26T10:15:27.930+02:00</LastChange>
        <TranskribusMetadata docId="1416740" pageId="54952649" pageNr="80" tsid="130928429" status="IN_PROGRESS" userId="64420" imgUrl="https://files.transkribus.eu/Get?id=SALATKOMGJOXNHSSEFKPHDVZ&amp;fileType=view" xmlUrl="https://files.transkribus.eu/Get?id=SDKQIBXFGRALJUQGAHDTRWHK" imageId="44456375"/>
    </Metadata>
    <Page imageFilename="1416740_0080.jpg" imageWidth="4420" imageHeight="3992">
        <ReadingOrder>
            <OrderedGroup id="ro_1711827796784" caption="Regions reading order">
                <RegionRefIndexed index="0" regionRef="tr_2"/>
                <RegionRefIndexed index="1" regionRef="tr_1"/>
            </OrderedGroup>
        </ReadingOrder>
        <TextRegion id="tr_2" custom="readingOrder {index:0;}">
            <Coords points="2371,848 4135,848 4135,1627 2371,1627"/>
            <TextLine id="tr_2_tl_1" custom="readingOrder {index:0;}">
                <Coords points="2354,947 2372,947 2384,935 2400,933 2435,912 2461,910 2467,917 2483,919 2491,858 2481,856 2473,862 2459,848 2439,856 2422,848 2414,852 2406,844 2396,854 2390,846 2368,844"/>
                <Baseline points="2371,915 2401,909 2446,904 2491,898"/>
                <TextEquiv>
                    <Unicode>7 mai</Unicode>
                </TextEquiv>
            </TextLine>
            <TextLine id="tr_2_tl_2" custom="readingOrder {index:1;}">
                <Coords points="2406,967 2416,969 2422,963 2439,979 2445,973 2459,977 2463,983 2485,969 2497,969 2505,917 2495,914 2481,923 2477,917 2465,914 2455,921 2451,914 2447,917 2439,910 2427,919 2414,914"/>
                <Baseline points="2419,945 2464,942 2509,930"/>
                <TextEquiv>
                    <Unicode>me.</Unicode>
                </TextEquiv>
            </TextLine>
            <TextLine id="tr_2_tl_3" custom="readingOrder {index:2;}">
                <Coords points="3454,979 3515,987 3533,1007 3589,995 3690,1007 3712,993 3759,1017 3787,1009 3789,933 3769,939 3745,912 3727,914 3708,898 3688,908 3658,900 3614,923 3571,908 3523,933 3490,900 3456,900"/>
                <Baseline points="3466,972 3481,972 3526,972 3571,972 3616,969 3660,969 3705,969 3750,966 3795,963"/>
                <TextEquiv>
                    <Unicode>8.8.1926.</Unicode>
                </TextEquiv>
            </TextLine>
            <TextLine id="tr_2_tl_4" custom="readingOrder {index:3;}">
                <Coords points="2451,1034 2560,1038 2574,1050 2634,1021 2723,1046 2739,1030 2756,1038 2812,1019 2873,1052 2905,1040 2907,957 2834,937 2788,953 2699,935 2677,947 2661,931 2548,957 2521,941 2453,989"/>
                <Baseline points="2461,1023 2464,1023 2509,1026 2553,1023 2598,1020 2643,1020 2688,1017 2732,1017 2777,1014 2822,1014 2867,1017 2911,1017"/>
                <TextEquiv>
                    <Unicode>l'schev</Unicode>
                </TextEquiv>
            </TextLine>
            <TextLine id="tr_2_tl_5" custom="readingOrder {index:4;}">
                <Coords points="2501,1244 2701,1213 3480,1195 3482,1139 3295,1092 2505,1130"/>
                <Baseline points="2512,1208 2544,1208 2589,1208 2634,1208 2679,1205 2723,1202 2768,1202 2813,1199 2858,1199 2903,1199 2947,1196 2992,1196 3037,1196 3082,1190 3126,1190 3171,1187 3216,1187 3261,1187 3305,1184 3350,1181 3395,1178 3440,1178 3484,1178"/>
                <TextEquiv>
                    <Unicode>Verehrter Herr Doktor Maril,</Unicode>
                </TextEquiv>
            </TextLine>
            <TextLine id="tr_2_tl_6" custom="readingOrder {index:5;}">
                <Coords points="3422,1242 3432,1242 3434,1237 3446,1240 3446,1235 3456,1242 3462,1235 3472,1240 3478,1233 3503,1242 3507,1235 3519,1233 3517,1175 3505,1177 3476,1193 3468,1189 3462,1193 3452,1191 3440,1199 3430,1191 3418,1193"/>
                <Baseline points="3431,1226 3475,1226 3520,1232 3523,1232"/>
                <TextEquiv>
                    <Unicode>G. A.</Unicode>
                </TextEquiv>
            </TextLine>
            <TextLine id="tr_2_tl_7" custom="readingOrder {index:6;}">
                <Coords points="2877,1353 4086,1322 4122,1272 3297,1302 3200,1300 3121,1248 2881,1262"/>
                <Baseline points="2888,1348 2917,1348 2962,1345 3007,1345 3052,1342 3096,1342 3141,1339 3186,1339 3231,1336 3275,1336 3320,1333 3365,1333 3410,1330 3454,1330 3499,1327 3544,1327 3589,1324 3633,1324 3678,1321 3723,1321 3768,1318 3812,1318 3857,1315 3902,1312 3947,1309 3992,1309 4036,1303 4081,1300 4126,1303"/>
                <TextEquiv>
                    <Unicode>Herrn Franz v. Budzynski, der persön-</Unicode>
                </TextEquiv>
            </TextLine>
            <TextLine id="tr_2_tl_8" custom="readingOrder {index:7;}">
                <Coords points="2509,1411 3852,1371 4128,1407 4132,1302 2959,1375 2681,1316 2513,1336"/>
                <Baseline points="2521,1411 2524,1411 2568,1411 2613,1411 2658,1408 2703,1405 2747,1405 2792,1402 2837,1402 2882,1402 2926,1399 2971,1399 3016,1399 3061,1399 3105,1393 3150,1390 3195,1390 3240,1390 3284,1387 3329,1387 3374,1384 3419,1384 3463,1381 3508,1381 3553,1381 3598,1381 3642,1375 3687,1372 3732,1369 3777,1369 3821,1369 3866,1369 3911,1369 3956,1363 4000,1360 4045,1357 4090,1354 4135,1354"/>
                <TextEquiv>
                    <Unicode>lich bei mir war, habe ich bedingte Autorisatim</Unicode>
                </TextEquiv>
            </TextLine>
            <TextLine id="tr_2_tl_9" custom="readingOrder {index:8;}">
                <Coords points="2513,1466 2709,1498 2832,1451 3398,1466 4040,1415 4042,1363 2515,1431"/>
                <Baseline points="2524,1464 2550,1464 2595,1461 2640,1461 2685,1455 2729,1455 2774,1452 2819,1452 2864,1452 2911,1456 2911,1456 2923,1452 2968,1450 3013,1447 3058,1450 3102,1450 3147,1444 3192,1444 3237,1441 3281,1438 3326,1438 3371,1435 3416,1432 3460,1432 3505,1429 3550,1426 3595,1426 3639,1426 3684,1423 3729,1420 3774,1420 3818,1414 3863,1414 3908,1408 3953,1411 3997,1408 4042,1399"/>
                <TextEquiv>
                    <Unicode>zur Jebersetzung von „Liebelei“ „Komödie der</Unicode>
                </TextEquiv>
            </TextLine>
            <TextLine id="tr_2_tl_10" custom="readingOrder {index:9;}">
                <Coords points="2521,1520 3961,1484 4037,1478 4042,1415 2523,1470"/>
                <Baseline points="2533,1515 2568,1512 2613,1509 2658,1509 2703,1509 2747,1506 2792,1506 2837,1503 2882,1503 2926,1500 2971,1497 3016,1497 3061,1494 3105,1491 3150,1488 3195,1488 3240,1488 3284,1488 3329,1488 3374,1485 3419,1485 3463,1482 3508,1479 3553,1479 3598,1476 3642,1476 3687,1473 3732,1470 3777,1470 3821,1470 3866,1464 3911,1461 3956,1458 4000,1458 4045,1455"/>
                <TextEquiv>
                    <Unicode>Worte und -Kofgen nur zu Aufführungswecken</Unicode>
                </TextEquiv>
            </TextLine>
            <TextLine id="tr_2_tl_11" custom="readingOrder {index:10;}">
                <Coords points="2507,1585 3299,1552 3361,1591 3759,1528 4040,1595 4044,1476 3123,1494 2945,1538 2509,1516"/>
                <Baseline points="2521,1563 2527,1560 2571,1563 2616,1560 2661,1560 2706,1560 2750,1560 2795,1557 2840,1554 2885,1554 2929,1554 2974,1551 3019,1548 3064,1548 3108,1545 3153,1545 3198,1545 3243,1542 3287,1542 3332,1539 3377,1536 3422,1533 3466,1533 3511,1533 3556,1530 3601,1530 3645,1530 3690,1524 3735,1524 3780,1524 3824,1521 3869,1521 3914,1518 3959,1515 4003,1515 4048,1512"/>
                <TextEquiv>
                    <Unicode>erteilt, was Ton freundlichst zur Kenntnis zu</Unicode>
                </TextEquiv>
            </TextLine>
            <TextLine id="tr_2_tl_12" custom="readingOrder {index:11;}">
                <Coords points="2515,1621 2554,1639 2586,1627 2620,1645 2663,1645 2683,1627 2703,1643 2743,1623 2861,1629 2897,1615 2970,1639 2972,1581 2919,1567 2818,1560 2800,1577 2766,1565 2748,1579 2665,1583 2606,1567 2552,1583 2517,1571"/>
                <Baseline points="2527,1617 2571,1617 2616,1614 2661,1614 2706,1611 2750,1611 2795,1608 2840,1605 2885,1602 2929,1605 2974,1605"/>
                <TextEquiv>
                    <Unicode>nehmen bitte.</Unicode>
                </TextEquiv>
            </TextLine>
        </TextRegion>
        <TextRegion id="tr_1" custom="readingOrder {index:1;}">
            <Coords points="2497,1599 4126,1599 4126,3112 2497,3112"/>
            <TextLine id="tr_1_tl_1" custom="readingOrder {index:0;}">
                <Coords points="2889,1706 3755,1708 4052,1682 4102,1661 4104,1605 3761,1639 3474,1607 3250,1659 2891,1641"/>
                <Baseline points="2900,1703 2911,1703 2956,1703 3001,1703 3046,1703 3090,1700 3135,1700 3180,1694 3225,1694 3269,1694 3314,1697 3359,1700 3404,1694 3448,1694 3493,1688 3538,1688 3583,1685 3628,1685 3672,1682 3717,1685 3762,1688 3807,1682 3807,1682 3851,1676 3896,1673 3941,1670 3986,1667 4030,1664 4075,1658 4108,1649"/>
                <TextEquiv>
                    <Unicode>Der Brief von Ompteda folgt hie-</Unicode>
                </TextEquiv>
            </TextLine>
            <TextLine id="tr_1_tl_2" custom="readingOrder {index:1;}">
                <Coords points="2513,1793 3529,1732 3918,1754 4046,1678 2515,1730"/>
                <Baseline points="2524,1772 2527,1772 2571,1769 2616,1766 2661,1766 2706,1763 2750,1763 2795,1763 2840,1760 2885,1757 2929,1757 2974,1757 3019,1754 3064,1751 3108,1748 3153,1751 3198,1751 3243,1745 3287,1742 3332,1742 3377,1742 3422,1742 3466,1736 3511,1733 3556,1730 3601,1733 3645,1730 3690,1730 3735,1730 3780,1727 3824,1721 3869,1721 3914,1718 3959,1715 4003,1712 4048,1703"/>
                <TextEquiv>
                    <Unicode>mit den kend zurück. Haben gle wegen der pro-</Unicode>
                </TextEquiv>
            </TextLine>
            <TextLine id="tr_1_tl_3" custom="readingOrder {index:2;}">
                <Coords points="2542,1829 3991,1789 4031,1722 2544,1776"/>
                <Baseline points="2553,1822 2559,1822 2604,1819 2649,1816 2694,1816 2738,1814 2783,1814 2828,1814 2873,1814 2917,1811 2962,1808 3007,1805 3052,1805 3096,1802 3141,1799 3186,1802 3231,1799 3275,1796 3320,1793 3365,1790 3410,1790 3454,1787 3499,1787 3544,1787 3589,1784 3633,1781 3678,1778 3723,1778 3768,1778 3812,1775 3857,1775 3902,1772 3947,1769 3992,1769 4036,1766"/>
                <TextEquiv>
                    <Unicode>jektierten Auffhrung des „Reigen in Italien</Unicode>
                </TextEquiv>
            </TextLine>
            <TextLine id="tr_1_tl_4" custom="readingOrder {index:3;}">
                <Coords points="2552,1904 4046,1847 4118,1835 4120,1764 2554,1835"/>
                <Baseline points="2562,1873 2601,1870 2646,1870 2691,1867 2735,1867 2780,1864 2825,1864 2870,1861 2914,1858 2959,1858 3004,1858 3049,1852 3093,1852 3138,1852 3183,1852 3228,1849 3272,1846 3317,1846 3362,1843 3407,1840 3451,1840 3496,1840 3541,1837 3586,1837 3630,1834 3675,1828 3720,1828 3765,1828 3810,1828 3854,1828 3899,1825 3944,1822 3989,1819 4033,1814 4078,1808 4123,1805"/>
                <TextEquiv>
                    <Unicode>gegen die ich protestieren will) etwas in Er-</Unicode>
                </TextEquiv>
            </TextLine>
            <TextLine id="tr_1_tl_5" custom="readingOrder {index:4;}">
                <Coords points="2519,1940 2610,1932 2661,1956 2715,1940 2756,1958 2798,1940 2899,1950 2923,1926 2986,1920 3119,1938 3123,1859 3042,1875 3022,1853 2972,1877 2891,1857 2798,1894 2760,1869 2683,1888 2521,1881"/>
                <Baseline points="2530,1924 2544,1924 2589,1921 2634,1921 2679,1921 2723,1924 2768,1921 2813,1921 2858,1915 2903,1912 2947,1912 2992,1909 3037,1906 3082,1903 3126,1903"/>
                <TextEquiv>
                    <Unicode>fahrung gebracht?</Unicode>
                </TextEquiv>
            </TextLine>
            <TextLine id="tr_1_tl_6" custom="readingOrder {index:5;}">
                <Coords points="2905,2025 4086,1980 4114,1912 2909,1930"/>
                <Baseline points="2917,2010 2953,2010 2998,2010 3043,2010 3087,2007 3132,2007 3177,2004 3222,2001 3266,1998 3311,1998 3356,1998 3401,1996 3446,1996 3490,1990 3535,1990 3580,1990 3625,1987 3669,1987 3714,1984 3759,1981 3804,1981 3848,1978 3893,1975 3938,1978 3983,1978 4027,1975 4072,1972 4117,1963"/>
                <TextEquiv>
                    <Unicode>Beifolgend eine irrtümlich an Zsol-</Unicode>
                </TextEquiv>
            </TextLine>
            <TextLine id="tr_1_tl_7" custom="readingOrder {index:6;}">
                <Coords points="2519,2079 3947,2053 4088,2029 4090,1982 2521,2039"/>
                <Baseline points="2530,2070 2571,2076 2616,2079 2661,2079 2706,2073 2750,2073 2795,2070 2840,2070 2885,2064 2929,2064 2974,2067 3019,2067 3064,2064 3108,2061 3153,2058 3198,2055 3243,2052 3287,2052 3332,2049 3377,2046 3422,2046 3466,2043 3511,2043 3556,2043 3601,2040 3645,2037 3690,2037 3735,2034 3780,2034 3824,2031 3869,2028 3914,2025 3959,2025 4003,2025 4048,2019 4093,2010"/>
                <TextEquiv>
                    <Unicode>nay gelangte Kartades Schauspielhauses Frank-</Unicode>
                </TextEquiv>
            </TextLine>
            <TextLine id="tr_1_tl_8" custom="readingOrder {index:7;}">
                <Coords points="2521,2130 3690,2083 4015,2130 4033,2041 2521,2079"/>
                <Baseline points="2533,2124 2559,2127 2604,2124 2649,2121 2694,2121 2738,2121 2783,2118 2828,2115 2873,2115 2917,2112 2962,2115 3007,2112 3052,2112 3096,2109 3141,2106 3186,2103 3231,2103 3275,2100 3320,2100 3365,2100 3410,2097 3454,2097 3499,2094 3544,2091 3589,2088 3633,2088 3678,2085 3723,2085 3768,2082 3812,2082 3857,2079 3902,2079 3947,2079 3992,2076 4036,2073"/>
                <TextEquiv>
                    <Unicode>furt a.M. Sie haben wohl die Güte in der zu</Unicode>
                </TextEquiv>
            </TextLine>
            <TextLine id="tr_1_tl_9" custom="readingOrder {index:8;}">
                <Coords points="2517,2200 2733,2180 2838,2225 2911,2184 3698,2150 3888,2182 3951,2168 3953,2095 2519,2152"/>
                <Baseline points="2530,2180 2568,2180 2613,2180 2658,2177 2703,2175 2747,2175 2792,2172 2837,2169 2882,2169 2926,2166 2971,2166 3016,2163 3061,2166 3105,2163 3150,2160 3195,2160 3240,2157 3284,2157 3329,2154 3374,2154 3419,2154 3463,2151 3508,2148 3553,2145 3598,2145 3642,2142 3687,2139 3732,2139 3777,2136 3821,2133 3866,2130 3911,2130 3956,2130"/>
                <TextEquiv>
                    <Unicode>schen uns abgemachten Weise zu antworten.</Unicode>
                </TextEquiv>
            </TextLine>
            <TextLine id="tr_1_tl_10" custom="readingOrder {index:9;}">
                <Coords points="2941,2281 3131,2259 3192,2301 3428,2247 4025,2239 4027,2180 3821,2158 3178,2219 3101,2176 2943,2188"/>
                <Baseline points="2953,2267 2956,2264 3001,2264 3046,2261 3090,2261 3135,2258 3180,2258 3225,2258 3269,2258 3314,2255 3359,2252 3404,2249 3448,2246 3493,2246 3538,2246 3583,2243 3628,2243 3672,2240 3717,2240 3762,2237 3807,2237 3851,2231 3896,2231 3941,2231 3986,2228 4030,2222"/>
                <TextEquiv>
                    <Unicode>Die Korrektur der.Traumnovelle</Unicode>
                </TextEquiv>
            </TextLine>
            <TextLine id="tr_1_tl_11" custom="readingOrder {index:10;}">
                <Coords points="3757,2277 3846,2273 3868,2283 3906,2271 3914,2279 3939,2275 3953,2287 3975,2275 4011,2279 4031,2271 4031,2237 3971,2243 3918,2237 3910,2245 3888,2235 3842,2245 3757,2245"/>
                <Baseline points="3768,2264 3812,2264 3857,2267 3902,2264 3947,2264 3992,2264 4036,2261"/>
                <TextEquiv>
                    <Unicode>de la nouvelle 2e</Unicode>
                </TextEquiv>
            </TextLine>
            <TextLine id="tr_1_tl_12" custom="readingOrder {index:11;}">
                <Coords points="2525,2350 2588,2374 2719,2330 2840,2354 3095,2320 3236,2350 3517,2313 3636,2338 3723,2277 3430,2247 3190,2293 2907,2251 2865,2281 2713,2255 2527,2289"/>
                <Baseline points="2536,2333 2562,2330 2607,2330 2652,2330 2697,2327 2741,2327 2786,2324 2831,2321 2876,2321 2920,2318 2965,2318 3010,2318 3055,2315 3099,2312 3144,2312 3189,2309 3234,2306 3278,2306 3323,2306 3368,2306 3413,2303 3457,2300 3502,2300 3547,2297 3592,2294 3636,2294 3681,2294 3726,2288"/>
                <TextEquiv>
                    <Unicode>werde ich Ende der Woche absenden.</Unicode>
                </TextEquiv>
            </TextLine>
            <TextLine id="tr_1_tl_13" custom="readingOrder {index:12;}">
                <Coords points="3492,2406 3729,2410 3840,2384 3892,2404 3983,2384 4120,2398 4122,2330 4094,2313 4040,2342 3916,2313 3813,2330 3773,2305 3737,2330 3678,2309 3642,2336 3563,2336 3496,2309"/>
                <Baseline points="3505,2398 3544,2398 3589,2395 3633,2389 3678,2392 3723,2392 3768,2389 3812,2386 3857,2383 3902,2383 3947,2383 3992,2383 4036,2380 4081,2377 4126,2371"/>
                <TextEquiv>
                    <Unicode>itl' denke ich kei¬</Unicode>
                </TextEquiv>
            </TextLine>
            <TextLine id="tr_1_tl_14" custom="readingOrder {index:13;}">
                <Coords points="2935,2429 2992,2441 3032,2422 3111,2429 3232,2408 3266,2435 3359,2422 3416,2445 3448,2433 3448,2350 3379,2364 3331,2332 3274,2332 3230,2356 3196,2332 3157,2344 3040,2334 2935,2380"/>
                <Baseline points="2947,2419 2959,2419 3004,2419 3049,2419 3093,2416 3138,2413 3183,2413 3228,2410 3272,2410 3317,2410 3362,2416 3407,2419 3451,2437"/>
                <TextEquiv>
                    <Unicode>Am „Leutnant G</Unicode>
                </TextEquiv>
            </TextLine>
            <TextLine id="tr_1_tl_15" custom="readingOrder {index:14;}">
                <Coords points="3438,2469 3482,2455 3517,2471 3543,2449 3605,2465 3640,2451 3658,2469 3791,2443 3900,2457 3937,2437 4005,2455 4076,2441 4076,2398 4048,2388 3941,2404 3836,2384 3646,2412 3585,2394 3543,2410 3440,2366"/>
                <Baseline points="3451,2437 3496,2437 3541,2446 3586,2446 3630,2446 3675,2443 3720,2443 3765,2443 3810,2443 3854,2437 3899,2437 3944,2434 3989,2434 4033,2431 4078,2428 4081,2428"/>
                <TextEquiv>
                    <Unicode>Die Reprodukt ionen</Unicode>
                </TextEquiv>
            </TextLine>
            <TextLine id="tr_1_tl_16" custom="readingOrder {index:15;}">
                <Coords points="2534,2489 3361,2477 3446,2459 3448,2435 3266,2435 3234,2410 2984,2441 2536,2420"/>
                <Baseline points="2544,2482 2556,2482 2601,2482 2646,2482 2691,2479 2735,2479 2780,2476 2825,2476 2870,2473 2914,2473 2959,2470 3004,2470 3049,2467 3093,2467 3138,2467 3183,2464 3228,2461 3272,2458 3317,2458 3362,2458 3407,2455 3451,2437"/>
                <TextEquiv>
                    <Unicode>ne Korrektur vorzunehmen!</Unicode>
                </TextEquiv>
            </TextLine>
            <TextLine id="tr_1_tl_17" custom="readingOrder {index:16;}">
                <Coords points="2532,2546 3763,2527 4098,2497 4100,2433 2534,2491"/>
                <Baseline points="2544,2536 2580,2536 2625,2533 2670,2530 2715,2530 2759,2530 2804,2527 2849,2527 2894,2524 2938,2521 2983,2521 3028,2521 3073,2518 3117,2515 3162,2515 3207,2512 3252,2512 3296,2509 3341,2506 3386,2506 3431,2503 3475,2503 3520,2503 3565,2500 3610,2500 3654,2497 3699,2497 3744,2497 3789,2491 3833,2488 3878,2485 3923,2485 3968,2488 4012,2482 4057,2482 4102,2482"/>
                <TextEquiv>
                    <Unicode>der Bilder scheinen mir nicht alle gleich gut</Unicode>
                </TextEquiv>
            </TextLine>
            <TextLine id="tr_1_tl_18" custom="readingOrder {index:17;}">
                <Coords points="2540,2606 3999,2580 4042,2509 2542,2548"/>
                <Baseline points="2550,2595 2568,2589 2613,2589 2658,2586 2703,2583 2747,2580 2792,2580 2837,2580 2882,2577 2926,2577 2971,2574 3016,2571 3061,2571 3105,2568 3150,2568 3195,2565 3240,2565 3284,2562 3329,2559 3374,2559 3419,2556 3463,2556 3508,2553 3553,2550 3598,2550 3642,2547 3687,2547 3732,2544 3777,2544 3821,2541 3866,2541 3911,2539 3956,2536 4000,2536 4045,2536"/>
                <TextEquiv>
                    <Unicode>gelungen; manche sehr unscharl (z.B.S.28 und</Unicode>
                </TextEquiv>
            </TextLine>
            <TextLine id="tr_1_tl_19" custom="readingOrder {index:18;}">
                <Coords points="2604,2673 2628,2669 2653,2679 2719,2647 2729,2659 2748,2661 2756,2653 2772,2659 2794,2647 2834,2651 2834,2602 2820,2606 2786,2584 2727,2594 2723,2586 2709,2586 2667,2610 2645,2592 2604,2590"/>
                <Baseline points="2616,2640 2661,2634 2706,2631 2750,2631 2795,2634 2840,2634"/>
                <TextEquiv>
                    <Unicode>S.65).</Unicode>
                </TextEquiv>
            </TextLine>
            <TextLine id="tr_1_tl_20" custom="readingOrder {index:19;}">
                <Coords points="2947,2733 4023,2703 4042,2626 3892,2641 3745,2596 3676,2639 3252,2643 3218,2614 2949,2647"/>
                <Baseline points="2959,2723 2971,2723 3016,2721 3061,2721 3105,2715 3150,2718 3195,2715 3240,2715 3284,2715 3329,2715 3374,2712 3419,2709 3463,2709 3508,2706 3553,2706 3598,2703 3642,2700 3687,2697 3732,2697 3777,2697 3821,2694 3866,2694 3911,2694 3956,2688 4000,2688 4045,2685"/>
                <TextEquiv>
                    <Unicode>Der Verlag schreibt mir, dass er</Unicode>
                </TextEquiv>
            </TextLine>
            <TextLine id="tr_1_tl_21" custom="readingOrder {index:20;}">
                <Coords points="2542,2798 3807,2772 4035,2750 4037,2699 2544,2727"/>
                <Baseline points="2553,2786 2562,2789 2607,2786 2652,2786 2697,2783 2741,2786 2786,2783 2831,2786 2876,2780 2920,2780 2965,2777 3010,2774 3055,2774 3099,2771 3144,2768 3189,2765 3234,2765 3278,2765 3323,2762 3368,2762 3413,2762 3457,2759 3502,2756 3547,2753 3592,2753 3636,2750 3681,2747 3726,2750 3771,2750 3815,2747 3860,2744 3905,2741 3950,2741 3994,2738 4039,2732"/>
                <TextEquiv>
                    <Unicode>meine Liatan erhalten und die Exemplare zur</Unicode>
                </TextEquiv>
            </TextLine>
            <TextLine id="tr_1_tl_22" custom="readingOrder {index:21;}">
                <Coords points="2546,2844 3339,2852 3418,2808 3997,2804 4042,2748 2548,2796"/>
                <Baseline points="2556,2843 2565,2843 2610,2843 2655,2840 2700,2840 2744,2837 2789,2831 2834,2831 2879,2828 2923,2828 2968,2828 3013,2825 3058,2822 3102,2819 3147,2816 3192,2816 3237,2816 3281,2813 3326,2813 3371,2810 3416,2807 3460,2807 3505,2804 3550,2801 3595,2801 3639,2801 3684,2801 3729,2798 3774,2798 3818,2798 3863,2792 3908,2792 3953,2789 3997,2786 4042,2783"/>
                <TextEquiv>
                    <Unicode>Post gegeben mit Ausnahme der beiden Adres-</Unicode>
                </TextEquiv>
            </TextLine>
            <TextLine id="tr_1_tl_23" custom="readingOrder {index:22;}">
                <Coords points="2534,2913 4080,2869 4104,2772 3644,2830 2536,2844"/>
                <Baseline points="2544,2897 2586,2891 2631,2891 2676,2891 2721,2888 2765,2885 2810,2882 2855,2882 2900,2882 2944,2879 2989,2876 3034,2873 3079,2873 3123,2873 3168,2870 3213,2867 3258,2867 3302,2861 3347,2855 3392,2855 3437,2858 3481,2858 3526,2855 3571,2855 3616,2849 3660,2852 3705,2849 3750,2846 3795,2846 3839,2846 3884,2843 3929,2840 3974,2840 4018,2843 4063,2840 4108,2843"/>
                <TextEquiv>
                    <Unicode>sen: „Rhein.Schaubühne“,München (?) und Dr.H.</Unicode>
                </TextEquiv>
            </TextLine>
            <TextLine id="tr_1_tl_24" custom="readingOrder {index:23;}">
                <Coords points="2527,2974 3400,2909 4023,2919 4056,2861 2529,2915"/>
                <Baseline points="2541,2938 2580,2944 2625,2941 2670,2938 2715,2938 2759,2935 2804,2935 2849,2935 2894,2932 2938,2929 2983,2926 3028,2926 3073,2923 3117,2923 3162,2920 3207,2917 3252,2917 3296,2917 3341,2914 3386,2911 3431,2908 3475,2908 3520,2908 3565,2908 3610,2905 3654,2903 3699,2903 3744,2897 3789,2897 3833,2897 3878,2897 3923,2897 3968,2891 4012,2891 4057,2891"/>
                <TextEquiv>
                    <Unicode>Hümmeler, Wiesbaden". Ich bemerke, dass diese</Unicode>
                </TextEquiv>
            </TextLine>
            <TextLine id="tr_1_tl_25" custom="readingOrder {index:24;}">
                <Coords points="2540,3020 3977,2959 3981,2899 2542,2951"/>
                <Baseline points="2550,2995 2595,2995 2640,2992 2685,2992 2729,2989 2774,2986 2819,2986 2864,2983 2908,2983 2953,2980 2998,2980 3043,2977 3087,2974 3132,2974 3177,2971 3222,2968 3266,2965 3311,2965 3356,2962 3401,2962 3446,2962 3490,2959 3535,2959 3580,2956 3625,2953 3669,2950 3714,2947 3759,2950 3804,2947 3848,2947 3893,2950 3938,2947 3983,2938"/>
                <TextEquiv>
                    <Unicode>beiden Adressenauf meiner Liste überhaupt</Unicode>
                </TextEquiv>
            </TextLine>
            <TextLine id="tr_1_tl_26" custom="readingOrder {index:25;}">
                <Coords points="2546,3048 3896,3018 4094,2996 4096,2945 2548,3006"/>
                <Baseline points="2556,3046 2580,3043 2625,3046 2670,3043 2715,3040 2759,3037 2804,3037 2849,3034 2894,3034 2938,3031 2983,3031 3028,3028 3073,3025 3117,3025 3162,3022 3207,3022 3252,3019 3296,3016 3341,3019 3386,3013 3431,3010 3475,3007 3520,3007 3565,3007 3610,3007 3654,3004 3699,3001 3744,2998 3789,2998 3833,2995 3878,2995 3923,2995 3968,2995 4012,2995 4057,2992 4102,2986"/>
                <TextEquiv>
                    <Unicode>nicht vorkommen, hier liegt wohl eine Verwechs</Unicode>
                </TextEquiv>
            </TextLine>
            <TextLine id="tr_1_tl_27" custom="readingOrder {index:26;}">
                <Coords points="2485,3119 3018,3087 3151,3143 3297,3081 3636,3056 3749,3107 4088,3068 4090,2998 2487,3066"/>
                <Baseline points="2497,3099 2527,3102 2571,3099 2616,3102 2661,3102 2706,3102 2750,3099 2795,3096 2840,3093 2885,3090 2929,3087 2974,3087 3019,3082 3064,3082 3108,3082 3153,3079 3198,3076 3243,3073 3287,3073 3332,3070 3377,3067 3422,3064 3466,3061 3511,3061 3556,3061 3601,3061 3645,3058 3690,3058 3735,3058 3780,3052 3824,3052 3869,3052 3914,3052 3959,3049 4003,3046 4048,3043 4093,3043"/>
                <TextEquiv>
                    <Unicode>lung mit irgend einer anderen von mir nicht</Unicode>
                </TextEquiv>
            </TextLine>
        </TextRegion>
    </Page>
</PcGts>
