4433 3992
338 1053 1907 1172 le Entschliessungen auf eine Force majeure zu
382 1141 1938 1222 berufen, hingenommen haben, als Beweis für das
347 1174 1804 1269 Weiterbestehen eines Vertragsverhältnisses
380 1249 1835 1313 hinzustellen, das kaum de jurae, aber gewiss
409 1298 1969 1387 de facto gar nicht mehr besteht. Sie sprechen
400 1333 1866 1416 (in einem früheren Brief) von dem Entgegan-
374 1391 1899 1463 kommen, das Sie jederzeit meinen Wünschen ge-
378 1461 1866 1542 genüber gezeigt hätten. Welches waren meine
378 1494 1872 1571 Wünsche und wie war Ihr Entgegenkommen, Ein
415 1550 1967 1630 oderzwei Luxusexemplare meinen Werken sind da
371 1604 1946 1678 und dort erschienen (niemals ohne dass ich zu
374 1655 1895 1717 vor Ihnen freigestellt hätte selbst das be-
369 1705 1868 1769 treffende Werk in Luxusdruck herauszugeben;
367 1760 1895 1831 zwei oder drei Mal haben Sie Ihre Zustimmung
361 1816 1928 1878 dazu erteilt,, dass einzelne Novellen und der-
367 1866 1965 1925 gleichen von mir,die bei Ihnen herausgekommen
365 1921 1958 1977 sind, in irgend welchen Sammlungen nachgedruckt
367 1961 1948 2031 wurden. Dass Ihnen daraus auch nur der gering¬
361 2008 2000 2084 ste Schade entstanden sei, werden Sie wohl nicht
369 2062 1952 2134 behaupten. Auch hier habe ich in jedem einzel-
367 2117 1958 2196 nen Fall Ihre Zustimmung eingeholt. Nun stehen
363 2167 1868 2231 wir vor einem neuen walf. In der Universal-
361 2214 1921 2274 Bibliothek soll eine Novelle von mir erschei-
361 2276 1847 2330 nen. Ich hätte wohl unter der Force majeure
363 2322 1909 2388 Roklam die Einwilligung geben können, ohne Sie
363 2367 1847 2433 zu fragen. Ich habe es nicht getan (bisher
367 2415 726 2493 wenigstens
832 2429 1886 2485 Sie aber, statt die Gelegenheit
357 2483 1888 2551 zu einem Entgegenkommen mit Freude zu ergrei
355 2528 1872 2586 fen, fühlen Sie als unumschränkter Herr eines
357 2582 1909 2648 Urheberrechts, dessen darin eingeschlossene
349 2627 1919 2685 Pflichten Sie (unter dem Druck der Force ma¬
374 2679 1857 2761 jeurs) gewiss zu Ihrem eigenen Bedauern im
355 2730 1808 2794 Laufe der letzten jahre xxx so manches Mal
347 2778 1944 2834 nicht erfüllen konnten und rechnen selbst die-
347 2840 1938 2906 se bescheidene Gefälligkeit, die ich von Ihnen
347 2889 1934 2945 erbitte, nämlich die formelle Freigabe eines
341 2935 1954 3011 meiner Werke, für eine billige Ausgabe, zu dem
307 2982 1909 3061 Komplex von Fragen, über die wir uns erst eini¬
334 3044 1963 3125 gen müssten, ehe sie ein entschiedenes Ja sagen.
338 3083 1864 3158 So sehe ich mich notwendig zu der Auffassung
326 3141 1862 3224 gedrängt, dass Sie das urheberrechtliche Ver-
326 3203 1905 3265 hältnis doch ein bischen zu einseitig, als ein
320 3242 1839 3314 beinahe ausschliesslich zu Gunsten des Ver-
3865 826 4165 951 12/1 2re
2305 889 2398 1013 ti
2510 1034 4167 1150 legers bestehendes betrachten. Und ich möchten
2510 1106 3991 1185 in dieser Auffassung durch Ihre a lehnende
2510 1162 4094 1240 Haltung gegenüber meinem vorschlag den Vetrag
2518 1209 4018 1292 zw schen uns neu zu formulieren, nicht gerne
2516 1242 4090 1368 bestärkt fühlen. Es handelt sich hier um mehr
2510 1331 3634 1440 als um eine rein formelle Frage.
2761 1393 4010 1492 Was Ihre einzelnen Pankte anbelangt,
2522 1461 3967 1556 so widersprechen sie zum Teil den von mir
2516 1507 4024 1608 aufgesetzten, aber ich glaube, dass wir darin
2522 1566 3985 1647 unschwer zu einer Einigung kommen könnten.
2516 1612 4047 1711 Mit den monatlichen vorauszahlungen und end¬
2530 1676 4022 1765 gültigen Abrechnungen zwe mal im Jahre wäre
3009 1721 4031 1806 den. Als Perzentsatz würde ich
2530 1742 2955 1812 ich einverst
2522 1785 4053 1864 statt 25 wie xxx und 18 wie sie vorschlugen,
2524 1831 4064 1907 20 in Vorschlag bringen. Als eine weitere Be¬
2522 1859 4152 1950 dingung sollte in den Vertrag aufgenommen wer-
2520 1921 4101 2016 den, dass die Spannung zwischen gebundenem und
2528 1971 4109 2072 ungebundenen Exemplar 40% nicht überschreiten
2530 2018 4161 2107 darf. Auch die Verpflichtung des Verlages recht
2530 2072 4140 2161 zeitig für Neuauflagen vorzusorgen, müsste ver-
2532 2130 4041 2216 traglich fastgelegt sein; ebenso mein Recht
2520 2177 4111 2260 die auf meinen Anteil entfallenden Valuten in
2524 2231 4107 2330 örig nalvaluta ausgezahlt zu erhalten.Sollten
2532 2254 4173 2380 die Verhältnisse sich tatsächlich stabilisieren
2530 2344 4144 2431 so wird ja diese Frage an Bedadung verlieren.
2856 2394 4002 2512 Ich möchte in diesem Zusammenhang
2528 2462 4066 2567 auch die Frage des Bühnenvertriebs berühren.
2543 2540 4107 2627 Unter der berühmten Force majeure setzten Sie
2545 2600 4014 2673 Ihre provision von 7 auf 12 hinauf mit der
2536 2621 4086 2734 ausdrücklichen Bemerkung,dies sei eine vorü¬
2543 2712 3997 2792 bergehende Wassregel. Wollen wir uns hie¬
2543 2755 3568 2869 nicht wieder auf 10% einigen?
2862 2817 3987 2924 Was meine neuen Bücher anbelangt
2584 2902 4165 2988 so behalte ich mir natürlich freie Entschlies¬
2555 2959 4136 3038 sung vor. Sollte ich mit dem einen oder ande-
2547 3011 4088 3102 ren Werk anderswo erscheinen, so würde das na¬
2557 3052 4161 3147 türlich so wenig einen unfreundlichen Akt Ihrem
2543 3118 4191 3226 Verlag gegenüber zu bedeuten haben, als von
2477 3160 4128 3267 Thomas Wann (mit Felix Krull) oder Wassermann
3122 3224 3795 3339 Ihr sehr ergabener
