4428 3992
543 1126 1856 1258 wenig wie einem Andern. (Dort hat eben
527 1211 1939 1321 Bassermann in der „Komödie der Worte“ ga-
529 1244 1981 1365 stiert.Sind die Tantiemen an sie gelangt?)
533 1321 1882 1416 rat unter anderm Hamburg,Thalia-Theater
531 1353 1896 1465 „Anatol" -Tantiemen bezahlt? Entspricht
531 1416 1888 1519 die Tantiemenhöhe an den Theatern wenig
531 1454 1965 1566 stens einigemassen den einnahmen, die man
537 1521 1997 1623 voraussetzen darf?) An Helmer schreibe ich
583 1568 1991 1673 übrigens auch selbst, insbesondere, dass er
589 1618 1995 1720 ich noch eine weile gedulden möge, bis das
537 1667 1971 1778 such forti gestellt ist. Der Titel steht
539 1724 1898 1839 noch immer nicht ganz fest. „Die ewigen
547 1762 2034 1894 Ströme werden als etwas zu grosstönend em-
535 1862 835 1932 pfunden.
810 1910 1493 2040 Herzlichst grüssend
1031 2001 1153 2074 Ihr
529 2131 2036 2261 In einer der letzten Tantiemenverrechnungen
537 2206 2076 2323 ist ein Abzugsposten von 32 Mark für Stempel.
514 2291 1781 2378 Worauf bezieht sich das eigentlich?
559 2674 1408 2804 Herrn S.Fischer, Verlag,
557 2781 818 2860 Berlin.
3389 871 3770 999 26.6.1924.
2471 889 2976 1033 F.Truby
2650 1179 3148 1292 Lieber Freund
2810 1302 4015 1418 Aus dem eben eingelangten waahnungs
2534 1359 4114 1477 aus zug Mai 1924 ersehe ich, dass meine Befurch-
2540 1394 4130 1535 tungen betreffs der Theaterzahlungen nicht un-
2577 1460 4100 1574 begründet sind die Benachrichtigungen über
2573 1503 4142 1639 die neuen Abschlüsse, die ich zugleich erhalte,
2587 1562 4031 1681 veranlassen mich nun zu dem Ersuchen über-
2587 1612 4098 1752 haupt keinen Abschluss ohne Vorschuss zahlung
2587 1659 4041 1781 zu tätigen. Die Kon diesen 1 strafen stehen
2603 1706 4106 1845 ja doch nur auf dem Papier. pventuelle wich-
2599 1768 4080 1882 tige telgraphische verständigung würde mich
2597 1821 4090 1941 bis Mittwoch 2. Juli Baden-Baden.Herchenbach
2593 1870 3980 1985 strasse 26 erreichen. Dann xxx fahre ich
2603 1910 4033 2032 über Salzburg wieder nach Wien, wO ich den
2601 1993 3529 2117 Juli zu verbringen gedenke.
2937 2119 3944 2283 Mit den herzlichsten Grüssen
3296 2200 3405 2291 Ihr
