4433 3992
3844 874 4162 974 1.4.4
2311 896 2405 1028 R
2534 1028 4251 1169 legers bestehendes betrachten. Und ich möchte me¬
315 1044 1844 1149 le Entschliessun en auf eine Force majeure zu
2530 1135 4014 1231 in dieser Auffassung durch Ihre ablehnende
342 1124 1862 1200 berufen, hingenommen haben, als Beweis für das
315 1178 1737 1254 Weiterbestehen eines Vertragsverhältnisses
2532 1185 4119 1283 Haltung gegenüber meinem vorschlag den Votrag
349 1229 1768 1312 hinzustellen, das kaum de jurde, aber gewiss
2539 1238 4045 1332 zw schen uns neu zu formulieren,nicht gerne
384 1263 1904 1361 de facto gar nicht mehr besteht. Sie sprechen
2532 1272 4115 1381 bestärkt fühlen. Es handelt sich hier um mehr
367 1325 1806 1395 (in einem früheren Brief) von dem Entgegan¬
2532 1359 3665 1446 als um eine rein formelle Frage.
349 1372 1822 1446 kommen, das Sie jederzeit meinen Wünschen ge¬
353 1433 1806 1497 genüber gezeigt hätten. Welches waren meine
2783 1419 4036 1524 Was Ihre einzelnen Punkte anbelangt,
353 1475 1804 1551 Wünsche und wie war Ihr Entgegenkommen, Ein
2541 1502 3985 1578 so widersprechen sie zum Teil den von mir
387 1513 1898 1596 oderzwei inzusamplare meinen Werken sind da
2534 1533 4057 1649 aufgesetzten, aber ich glaube, dass wir darin
351 1578 1891 1643 und dort erschienen (niemals ohne dass ich zu-
2543 1598 4005 1674 unschwer zu einer Einigung kommen künten.
353 1623 1839 1690 vor Ihnen freigestellt hätte selbst das be-
2537 1634 4072 1743 Mit den monatlichen Vorauszahlungen und end
362 1665 1797 1743 treffende Werk in Luxusdruck herauszugeben;
2555 1699 4050 1817 gültigen Abrechnun an zwe mal im Jahre wäre
358 1723 1835 1797 zwei oder drei Mal haben Sie Ihre Zustimmung
2550 1750 4052 1837 ich einverstanden. Als Perzentsatz würde ich
1475 1766 1855 1833 len und der¬
353 1775 1428 1857 dazu erteilt,, dass einzelne Nove
2298 1797 4090 1911 l Usp. statt 25 wie ich und 18 wie sie vorschlagen,
358 1824 1900 1893 gleichen von mir,die bei Ihnen herausgekommen
2546 1862 4079 1931 20 in Vorschlag bringen. Als eine weitere Re¬
159 1842 1913 1942 ### in irgend wochen Sammlungen nachgedruckt
2555 1891 4168 1994 dingung sollte in den Vertrag aufgenommen wer¬
353 1922 1882 2003 wurden. Daß Ihnen daraus auch nur der gering
2555 1947 4135 2049 den, dass die Spannung zwischen gebundenem und
358 1953 1936 2036 ste Schade entstanden sei, werden Sie wohl nich
2559 2003 4137 2090 ungebundenen Exemplar 40% nicht überschreiten
362 2025 1898 2083 behaupten. Auch hier habe ich in jedem einzel-
2559 2020 4202 2143 darf. Auch die Verpflichtung des Verlages recht¬
353 2052 1904 2128 nen Fall Ihre Zustimmung eingeholt. Nun stehen
2548 2108 4171 2210 zeitig für Neuauflagen vorzusorgen,müsste ver¬
358 2121 1801 2181 wir vor einem neuen wall. In der Univeraal-
358 2146 1877 2239 Bibliothek soll eine Nevelle von mir erschei-
2568 2159 4068 2246 traglich festgelegt sein; ebenso mein Recht
2559 2188 4135 2315 die auf meinen Anteil entfallenden Valuten in
360 2219 1808 2286 nen. Ich hätte wohl unter der Force majeure
362 2266 1868 2347 Reklam die Einwilligung geben können, ohne Sie
2561 2266 4137 2365 priginalvaluta ausgezahlt zu erhalten. Sollten
358 2318 1813 2394 zu fragen. Ich habe es nicht getan (bisher
2564 2291 4209 2418 die Verhältnisse sich tatsächlich stabiliaieren,
362 2360 1842 2434 wenigstens). Sie aber, statt die Gelegenheit
2564 2376 4168 2470 so wird ja diese Frage an Bedaadung verlieren.
353 2416 1864 2492 zu einem Entgegenkommen mit Freude zu ergrei-
358 2456 1835 2530 fen,fühlen Sie hals unumschränkter Herr eines
2872 2441 4036 2552 Ich möchte in diesem Zusammenhang
367 2505 1862 2581 Erheberrechts, dessen darin eingeschlossene Ei
2566 2503 4083 2613 auch die Frage des Rühnenvertriebs berühren
360 2566 1868 2637 Pflichten Sie (unter dem Druck der Farce ma¬
2561 2572 4139 2671 Unter der berühmten Corce majeure setzten Sie
378 2602 1781 2698 jeure) gewiss zu Ihrem eigenen Bedauern im
2570 2626 4036 2713 Ihre Provision von 7 auf 12 hinauf mit der
367 2660 1775 2740 Laufe der letzten Jahre xxx so manches Mal
2568 2684 4110 2762 ausdrücklichen Bemerkung,dies sei eine vorü-
360 2671 1893 2796 nicht erfüllen konnten und rechnen selbst die-
2566 2720 4030 2834 bergehende Massregel. Wollen wir uns hier
358 2765 1877 2827 se bescheidene Gefälligkeit, die ich von Ihnen
2577 2789 3594 2899 nicht wieder auf 10% einigen?
362 2809 1898 2892 erbitte, nämlichche die formelle Freigabe eines
351 2859 1855 2930 meiner Werke, für eine billige Ausgabe, zu dem
2890 2859 4012 2964 Was meine neuen Bücher anbelangt
326 2901 1853 2997 Komplex von Fragen, über die wir uns erst eini¬
2604 2921 4202 3026 so behalte ich mir natürlich freie Entschlies-
349 2935 1915 3037 gen müssten, ehe sie ein entschiedenes Ja sagen,
2568 2990 4157 3071 sung vor. Sollte ich mit dem einen oder ande-
353 3015 1846 3095 So sehe ich mich notwendig zu der Auffassung
2577 3044 4119 3127 ren Werk anderswo erscheinen, so würde das na¬
346 3066 1837 3154 gedrängt, dass Sie das urheberrechtliche Ver¬
2588 3069 4188 3178 türlich so wenig einen unfreundlichen Akten Ihrem
346 3100 1882 3178 hältnis doch ein bischen zu einseitig, als ein
351 3163 1815 3256 beinahe ausschliesslich zu Gunsten des Ver-
2577 3165 4231 3265 verlag gegenüber zu bedeuten haben, als wenn
2570 3194 4159 3303 Thomas Mann (mit Felix Krull) oder Wassermann
3585 3292 3732 3346 Gedruckt:
