4444 4008
310 1082 1828 1203 immer alles gefunden, was sie kaufen wollten,
354 1179 1808 1265 er stünde es mit der Auflagenzahl noch um
317 1230 1828 1327 Erhebliches besser. In keinem Falle aber
310 1261 1896 1377 könnte selbst die Tatsache, dass Theaterstücke
290 1331 1899 1441 Weniger gekauft werden als Novellen und Romane
319 1386 1833 1496 als Grund dafür gelten, einem Autor, der viel-
310 1410 1848 1551 zeicht etwas mehr Theaterstücke als Novellen
334 1487 1839 1571 geschrieben hat,einen geringeren Perzentsatz
354 1540 1956 1626 anzubieten, als einem andern Autor, bei dem die¬
359 1593 1910 1674 Verhältnis umgekehrt stünde. Es genügte in
352 1637 1905 1736 Jiosem Fall zur Herstellung des Gleichgewich-
330 1676 1888 1791 tes dass eben bei denjenigen Werken, die einen
334 1736 1929 1852 feringeren Absatz erwarten lassen,eine geringo-
334 1804 1595 1923 de & uflagenzahl vorhergedruckt wird.
1186 1850 1278 1907 G.F.P.
662 1894 1940 1978 Ein Rindung bezüglich neuer Werke ha¬
464 1949 1841 2024 Sie selbst niemals von mir verlangt. Dass
810 1987 1934 2083 t einer Beziehung durch gelegent-
304 1980 438 2061 leen
680 2020 792 2081 uit:
317 2017 689 2108 du Kontin
680 2046 790 2097 G.C.F.P.
310 2055 1943 2165 liche Ausgabe eines Buchs in einem anderen Ver-
374 2090 1811 2196 Les weder praktisch noch ideell geschädigt
306 2130 1910 2262 wird, wird unter andern durch die Fälle Wasser-
310 2198 1841 2306 mund und Thomas Mann zur Genüge bewiesen, die
312 2226 1980 2347 wie vor als Autoren des Verlages S. Fischer
337 2332 574 2435 selten.
702 2396 1841 2484 Ded uroh, dass eine Novella von mir
310 2457 1822 2545 anderswo als bei ihnen erschiene, wedden die
304 2501 1883 2605 Chancen des Verlags Fischer meine vorherigen,
376 2572 1775 2669 hop. Meine späteren abzusetzen, nicht im
458 2622 1168 2726 erntesten tangieren.
702 2693 1866 2803 Dass mir selbst der Gedanke recht
317 2761 1804 2856 fem lag die Kontinuität unserer Verbindung
312 2792 1923 2917 Jurchbrechen, habe ich durch mein bisheriges
297 2869 1923 2983 Verhalten wohl zur Genüge bewiesen. Trotz ver-
337 2915 1890 3034 schedener Anträge von anderer Seite undtrotz
370 2963 1894 3073 so erheblichen Aergers, den ich, insbesondere
378 3018 1863 3113 Zu Laufe der letzten Jahre mit dem Verlag F
352 3062 1995 3164 sider gehabt habe, sowohl was Mängel des Betriebs
194 3117 1965 3216 als Modalitäten der Zahlung anbelangt, hatte ich
238 3179 1932 3300 ### vor kurzem eine auch nur bescheidene und
2977 279 3126 387 1
2405 878 2592 999 Fr. v.
3916 981 4220 1087 3 10/4bre
2506 1060 4110 1168 vorübergehende Unterbrechung unserer geschäft-
3320 1162 4143 1252 nur in Betrachtgezogen.
2510 1144 3247 1241 lichen Beziehungen —
3278 1208 3401 1263 me
2783 1228 4039 1353 Sie wünschen, nun von, mir, joh, möge?*
2493 1302 4046 1393 mein neues Stück doch noch Ihrem Verlag kurz
2739 1340 2972 1382 de la nouvelle sont avec le même
2515 1360 3975 1428 geben und zwar zu den Bedingungen, die ich
2501 1419 4008 1474 von jener anderen Seite bekäme. Sie glauben
2490 1470 4059 1538 hoffentlich nicht, dass ich Anbote eines ande-
2501 1520 4022 1588 deren Verlags in der Weise ausnützen möchte,
2499 1577 4052 1648 um von Ihnen bessere Bedingungen zu erhalten,
2493 1617 4026 1712 als ich sie unter normalen Umständen zu for¬
2499 1672 3993 1747 dern berechtigt wäre. Ich denke nicht daran
2497 1720 4019 1795 Vorauszahlungen von Auflagen in der Höhe von
2490 1769 3984 1855 Ihnen zu beanspruchen,wie sie mir von jener
2486 1824 3914 1890 anderem Seite geboten werden. Ich wünsche
2486 1877 4013 1956 nicht, dass Sie irgend ein Risiko übernehmen.
2482 1923 3984 1987 Ich muss nur die sicherheit haben, dass neue
2482 1960 4044 2042 Auflagen,wenn es nötig,sofort wieder gedruckt
2477 2020 4008 2092 werden, also bevor das Buch vegriffen ist. Ich
2475 2083 4079 2165 würde mich also auch in dem Falle meines neuen
2468 2121 4000 2191 Stückos mit einer Vorauszahlung von nur drei
2473 2182 4026 2266 Auffagen begnügen. Hingegen würde ich wie na¬
2484 2231 4002 2330 türlich auf 20% vom Ladenpreis und zwar auch
2479 2275 4077 2354 20% vom gebundenen Exemplar bestehen. xxxdix
2479 2339 3901 2405 Feber diese Perzentzahlung vom gebundenen
2468 2367 4019 2442 Exemplar haben wir, wie Sie wissen, schon sei-
2468 2427 4028 2488 nerzeit verhandelt, es war auch schon ein Nor-
2462 2473 3960 2552 malvertrag in diesem Sinn vom Schutzverband
2468 2534 4105 2642 oder einer ähnlichen Vereinigung zur Diskussion
2460 2585 3025 2666 gestellt worden.
2807 2666 3967 2765 Oeber die hier behandelten Punkte
2486 2732 3980 2818 möchte ich so hald wie möglich Ihre Meinung
2497 2790 3560 2869 hören, da ich nicht mehr lange m
2499 2796 4030 2917 Togung des Buches zögern kann. Wie ich schon
2493 2889 3958 2959 seinerzeit schrieb, müsste der Satz längere
2497 2952 3960 3027 Zeit stehen bleiben, so dass ich zuerst nur
2530 2999 3916 3069 ahnenmanuscripte zur Verfügung hätte, wie
2508 3054 4092 3126 z. m. bel. „Bernhardi" der Fall war, die endgül-
2493 3106 3953 3190 tige Fertigstellung des Buches sollte etwa
2497 3150 4061 3216 im September erfolgen, so dass es vor der Ur¬
2497 3203 4002 3269 aufführung jedenfalls zur Versendung bereit
2523 3260 2614 3302 _
2675 3256 2807 3315 ...
