4393 3993
3322 757 4147 923 25.11.1926. Berlin
2293 730 3091 937 Maril Fischer
2428 912 3157 1015 1 1/2 1/3
2475 1015 3236 1131 Verehrter Herr Doktor.
2819 1160 3912 1275 Nicht weil ich mich an das Burg
2614 1246 4044 1315 nter,zum mindesten an seine derzeitige Di-
2479 1246 2619 1344 the
2610 1303 2682 1354 4.
2479 1297 3965 1373 rekulöm irgendwie äusserlich oder innerlich
2496 1348 3932 1422 gebunden erachte, habe ich bisher gezögert
2475 1391 3934 1469 das Uraufführungsrecht, insbesondere ein Al
2481 1450 4034 1549 leiniges Uraufführungsrecht für den.Gang zum
2465 1497 3868 1587 „Weihar“ einer anderen deutschen Bühne zu
2486 1549 3828 1637 Überlassen, sondern weil ich nicht recht
2481 1606 3997 1677 sehe an welcher anderen deutschen Bühne eine
2475 1653 3903 1727 solche Graufführung gerade dieses Stückes
2475 1706 3971 1778 mich besonders looken sollte. Die spärlichen
2477 1759 4006 1825 Anträge,die bisher an uns gelangt sind, waren
2479 1806 3957 1892 wohl eher auf das Reklambedürfnis, sagen wir
2486 1855 4030 1933 vielleicht auf den Ehrgeiz eines oder des an-
2477 1903 3969 1976 deren Regisseurs oder Direktors, kaum je auf
2481 1956 3924 2068 ein sachliches Verhältnis zu meinem Werk
2482 2021 3001 2124 zurückzuführen
2860 2072 4044 2181 Im übrigen unterschätzen Sie trotz
2522 2164 4057 2238 seines unzweifelhaften Niederganges das Burg.
2479 2209 4044 2306 theater immer noch allzu sehr, wenn Sie sagen,
2488 2256 4059 2342 dass es an Rang heute kaum mit einem deutschen
2488 2316 3983 2383 Provinztheater zu vergleichen sei. Sogar mit
2486 2369 4038 2441 den meisten Berliner Theatern - so weit ich es
2492 2412 4014 2488 nach den Erfahrungen der letzten Jahre beur-
2492 2467 3901 2529 teilen kann - kann das Burgtheater selbst
2482 2502 4012 2600 in seiner heutigen Gestalt den Vergleich im-
2482 2578 3112 2672 mer noch aufnehmen.
2905 2635 3901 2729 Von Barnowsky habe ich bisher
2486 2705 4046 2801 noch nichts Weiteres gehört. Dieserplötzlichen
2502 2778 3924 2842 -Comtesse Mizi-Idee - mehr plötzlich als
2496 2821 3905 2899 Idse-mess ich umso weniger Bedeutung bei
2492 2870 3991 2952 als ihre eventuelle Ausführung doch nur den
2488 2929 3909 2999 Zweck hätte seine wesentlicheren, freilich
2488 2981 4018 3087 auch schwierigeren Verpflichtungen gegenüber
2486 3028 3224 3140 mir hi nauszusch ieb en.
2829 3054 3547 3189 Mit herzlichem Gruss
