4393 3993
397 1063 1934 1160 Bindfaden befestigt. Bitte mir eine Korrektur
399 1136 1890 1237 in diesem Sinne möglichst bald zu schicken.
834 1210 1822 1323 Mit vorzüglicher Hochachtung
3631 734 3987 836 Beslach
2537 717 2945 886 Töcher
2140 749 2489 901 Paul
3779 823 3989 896 1 1
3269 871 3683 973 28.10.1926.
2460 1079 3225 1202 Verehrter Herr Doktor.
3768 1204 4003 1321 Vassian
2801 1223 3770 1329 Das Singspiel.der tapfere
2462 1296 3964 1377 hat mit dem Ruppenspiel käknankär hinsteht-
2473 1333 3997 1441 lich Bühnenvertrieb nichts zu tun. Es ist auch
2475 1397 3972 1502 gegenüber diesem erheblich verändert, und im
2471 1456 3858 1533 übrigen seit anderthalb Jahrzehnten oder
2468 1504 3856 1585 länger mit der Musik von Oskar straus im
2460 1524 3964 1653 Bühnen###trieb von Bloch, der die Tantiemen###
2464 1628 3304 1709 einzieht und verrechnet.
2807 1670 3916 1788 An wen habe ich mich eigentlich
2483 1759 3931 1845 in Sachen des Disgramms persönlich zu wen¬
2475 1799 3989 1897 den? Die Unterschriften sind selten zu lesen.
2475 1859 3933 1944 Ich möchte heute nur bemerken, dass ich An-
2471 1899 4014 2001 fang der nächsten Woche die Korrektur zurück-
2473 1953 4003 2057 sende, aber da ich sehr erhebliche Veränderun-
2475 2009 3868 2117 gen und Zusätze gemacht habe, nochmals um
2487 2063 3937 2154 eine Fahnenkorrektur benötigen werde. Dann
2475 2082 4001 2194 soll die Sache rasch erledigt werden. Von den
2477 2161 3939 2244 neuen Fassungen der Diogramme scheinen mir
2477 2209 3905 2294 die durch Ihr Bureau besorjten besser als
2481 2279 3656 2364 die meinen,worüber nächstens mehr.
2859 2312 4001 2442 Noch eine Kleinigkeit.Ich erhal-
2493 2402 4016 2494 te wieder zugleich eine Zahlkarte direkt von
2494 2466 3933 2550 der sikkäkühndzina weitbuhne und eine
2489 2512 4012 2612 Rechnung über das von Ihnen gezählte Abonne-
2483 2568 3949 2662 ment für das 3.Quartal.Ich glaube,dass nun
2489 2618 3881 2695 einige Quartale doppekt gezahlt sind.Ich
2493 2652 4035 2764 kann nun die Sach immer ganz leicht von hier
2491 2720 4037 2822 aus durch meine Berliner Bank besorgen lassen
2866 2810 3571 2901 Mit herzlichem Gruss
2872 2887 3508 2966 Ihr sehr ergebener
2521 3032 3009 3128 Herrn Dr.Maril
2508 3069 3095 3186 Fischer-Verlag.
