4443 3993
488 1044 1002 1168 finden dürfte.
768 1096 2074 1234 Hat Ihnen ein Herr Reubeni aus Jerusa-
502 1156 2112 1296 lem schon geschrieben?,der sehr dringend wünsch
516 1232 2066 1348 te einen hebräischen Roman, den er geschrieben
514 1292 1900 1402 und der grossen Erfolg gefunden zu haben
514 1334 2002 1446 scheint, in einer deutschen Uebersetzung bei
514 1372 2036 1494 Fischer erscheinen zu sehen? Er wollte Ihnen
518 1426 1936 1550 eine Inhaltsangabe schicken,mir sandte er
526 1470 2124 1604 Uebersetzungsproben einzelner Stücke,nach dem
518 1550 1930 1686 natürlich ein Urteil nicht zu fällen ist.
830 1630 2044 1746 Bitte grüssen—Sie Herrn Fischer, der
526 1674 2106 1802 wohl schon auf Ferien gegangen ist. Ich bleibe
540 1734 2032 1870 vorläufig noch 4-6 Wochen in Wien. Mein wei-
566 1796 1678 1930 teres Programm steht nicht fest.
840 1902 1524 2034 Mit herzlchem Gruss
848 1992 966 2088 Ihr
570 2590 1334 2730 Herrn Dr.Konrad Maril,
578 2700 1166 2794 S.Fischer,Verlag,
572 2764 836 2860 Berlin.
2392 698 2792 866 L. Ticher
3540 790 3910 894 14.7.1927.
2398 852 2836 954 .... -.. r.. m. r w..
3156 848 3446 1020 Roren
2616 1006 3500 1132 Liebe r Herr Doktor Maril.
3042 1152 4084 1250 Es ist nicht unwahrscheinlich,
2636 1208 4086 1322 dass in etwa 4 Wochen ein Roman von mir so
2640 1232 4124 1366 zziemI Ich abgeschlossen sein wird. Ich bin
2642 1300 4136 1408 vertraglich verpflichtet ihn für einen even-
2642 1350 4086 1458 tuellen Zeitungsabdruck vor allem Ullstein
2640 1380 4148 1518 anzubieten, auch einige andere zeitungsanträ-
2644 1440 4186 1590 ge liegen bereits vor. In Buchform möchte ich
2640 1506 4024 1614 ihn begreiflicherweise jedsfalls xu bei
2640 1544 4154 1676 Fischer erscheinen lassen, überdies liegt mir
2638 1608 4052 1716 d ran das Manuscript resp. Korrekturbogen
2640 1664 4122 1760 schon vor Frscheinen für Russland bereit zu
2640 1724 4034 1828 haben. Es wäre mir daher höchst wertvoll,
2648 1754 4092 1890 wenn ein Druck durch Fischer schon aus der
2646 1776 4196 1914 in etwa 4 Wochen voraussichtlich vorliegenden
3324 1858 4092 1964 könnte und wenn es mög¬
3238 1888 3334 1952 n k
3238 1912 3334 1970 Le Comte de la
2640 1894 3246 1986 Ab schrift erfolge
2646 1912 4160 2026 lich wäre diesen Satz ein paar Monate stehen
2650 1960 4068 2102 zu lassen, so wie auch diesen ersten Druck
3150 2044 3328 2114 dass
2652 2026 4160 2192 auf gutem Papier erfolge schon damit mir die
2646 2108 4176 2220 Möglichkeit grösserer Korrekturen gegeben w
2648 2166 4140 2262 re. Ich bitte sehr mir möglichst bald mitzu
2654 2208 4068 2314 teilen, ob sich all das ohne Schwierigkeit
2652 2272 4048 2366 und ohne erhebliche Kosten für den verlag
2648 2306 4214 2428 machen liesse, ferner wie lange die Drucklegung
2660 2366 4204 2468 einer Maschinenschrift,die im Umfang etwa das
2650 2422 4064 2526 Dreifache der „Traumnovelle“beträgt,in An
2660 2452 4226 2572 spruch nehmen würde. Der Titel des Römans wird
2656 2516 4118 2624 voraussichtlich lauten: „The rese,Chronik ei¬
2652 2596 3286 2708 nes Frauenlebens
3074 2636 4142 2756 Einer baldigen Antwort gern ge-
2656 2740 3622 2864 wärtigt, mit herzlichem Gruss
3080 2782 3712 2870 Ihr sehr ergebener
2698 2990 3400 3072 Herrn Dr. Konrad Mari
2666 3040 3512 3170 S.Fisch er,Verlag,Berlin.
