4428 3992
410 1096 1936 1207 premiere zahlbare Garantie von 2000 Goldmark
416 1183 1910 1254 habe ich mich rinzipiebl zu ausnahmsweiser
420 1221 1936 1310 Erlaubnis bereit erklärt. Die gefahr ist ge-
414 1264 2005 1351 ring, dass Herr Barnay von dieser erlaubnis Ge-
450 1318 1904 1397 brauch macht. Ihrer Meinung,lieber Freund
406 1369 2001 1462 man müsse jederzeit mit den gegebenen Verhält-
416 1419 2003 1502 nissen rechnen schliesse ich mich durchaus an.
406 1494 1938 1550 Aber die Bühnen sollten es doch auch tun. Die
412 1524 1916 1605 Autoren haben zum mindesten das pecht heute
412 1579 1906 1655 nicht nur Vorschuss, sondern auch wöchentli¬
404 1631 1984 1722 che Abrechnung und Zahlung zu verlangen. Die¬
386 1678 2013 1779 se Bedingung zu stellen hat natürlich nur dann
406 1740 1972 1817 einen ginn, wenn sie nicht nur auf dem Papiere
412 1791 1875 1869 steht. Es möste also in allen jenen Fällen
406 1819 2023 1908 wo der Vorschuss nicht vor der Premiere gezahlt
416 1890 1980 1962 ist oder die Abrechnung nicht zum geforderten
410 1940 1974 2021 Termin erfolgt, sofortige gerichtliche Sistie-
416 1974 1982 2071 rung der Vorstellungen eintreten. Dergleichen
430 2035 2017 2118 aber geschieht nie. Die Direktoren gehen auf die
406 2087 1936 2182 Bedingungen ein theoretisch und dann tun sie
442 2146 1972 2233 doch was sie wollen. Es wäre das primitivste
448 2198 1948 2269 Cebot der Gerechtigkeit besonders unter den
448 2237 1886 2330 heutigen Verhältnissen, dass die dem Autor
448 2305 1978 2374 zukommen en 10% der Kinnahme, die ja naturge-
406 2340 1879 2433 mäss am Ebend vorhanden sein müssen, sofort
444 2404 1918 2485 wie es seit Jahrzehnten inn Frankreich ge¬
442 2435 2011 2540 schieht, sichergestellt würden. Der Fall liegt
448 2493 1932 2592 schon technisch ganz anders als in der Be¬
450 2546 2015 2630 ziehung zwischen Sortimenter und verleger, die
444 2602 1676 2715 den Sie zum Vergleiche heranziehen.
757 2677 2009 2770 Wenn es meine Reisedispositionen zu-
450 2743 2015 2834 lassen sollten, so würde ich mich sehr freuen,
450 2808 2021 2887 Sie in Flims zu besuchen. Teilen sie mir doch
456 2850 2011 2935 bald das genaue patum Ihrer Ankunft dort mit.
452 2901 1988 2992 Und würden sie sich nicht auch gern zu einem
450 2970 1900 3036 Ausflug ins höhere Eugadin entschliessen?
448 2992 2025 3091 Wir könnten dann endlich unser Rendezvous von
448 3066 1976 3143 1914 nachholen. Für den 1.August war ich da
436 3111 1821 3222 mals von Ihnen nach Sils Maria geladen.
717 3178 1601 3274 Mit herzlichsten Grüssen
1052 3228 1157 3317 Ihr
3632 943 4011 1042 21.7.1984.
2326 977 2766 1096 d'Ocher.
2558 1074 2639 1120 G.H.
2677 1070 2778 1126 G.C.
2602 1161 3111 1300 Lieber Freund.
2903 1278 4106 1411 Ich sende Ihnen heute sowohl die No
3928 1357 4249 1451 Korrektur¬
2620 1365 3935 1458 velle für die Neue Bundschau. als die K
2628 1421 4151 1512 bogen des 5 rückes ein. Die Adresse,an welche
2624 1484 4163 1569 Ich bitten werde die umbrochene Korrektur zu
2620 1526 4084 1625 senden werde ich rechtzeitig mitteilen. Ich
2620 1575 4157 1659 würde vorschlagen vorerst statt der üblichen
2618 1619 4195 1728 Bühne nexemplare eine Anzahl solcher umbroche
2626 1680 4027 1766 ner Korrekturen xx behufs Versendung von
2622 1720 4197 1821 Fall zu Fall vorrätig zu halten. Für mich bit-
2628 1787 4122 1890 te jedesfalls mindestens 6 solche Exemplare
2620 1859 3147 1930 zu reservieren.
2897 1900 4027 2021 Bezüglich der Novelle bitte sich
2626 1982 4193 2075 freundlichst bald zu entscheiden und im Falle
2626 2041 4167 2130 der Annahme das Honorar an die Bank für Aus-
2624 2083 4195 2186 wärtigen Handel zu überweisen. Ich hoffe, dass
2634 2140 4193 2237 in diesem Fall die Neue Rundschau die Novelle
3519 2186 4120 2273 er bringen könnte.
2639 2202 3480 2293 jedesfalls schon im Okto
2663 2243 4106 2372 Korrekturfahren werde ich in 6 Exemplaren
2634 2307 3006 2410 erbitten.
2943 2380 4106 2477 Direktor Barnay telegraphiert und
2695 2443 4171 2525 schreibt von den anormen Kosten, die er schon
2645 2489 4203 2590 auf die Vorbereitungen der „Reigen-Aufführung
2639 2558 4169 2651 aufgewendet, aber gerade für einen rantlemen -
2639 2606 4167 2707 vorschuss, den ich schon auf tausend herabge¬
2639 2659 4169 2750 setzt habe, hat er absolut kein Geld. So habe
2645 2697 4219 2788 ich die Aufführung (die mir in diesem Augen -
2651 2748 4223 2852 blick an sich inopportun erschienen wäre), end-
2645 2806 4183 2903 giltig verboten. Es bleibt dabei, dass ohne
2651 2830 4229 2962 Yorschuss Tür meine Stücke, so lange die gegen
2647 2895 4096 3008 wärtigen Verhältnisse fortdauern, Aufführung
2647 2955 4155 3060 erlaubnis nicht erteilt werde. Die Theater-
2651 2992 4082 3095 vertriebe sollten in dieser Frage mit den
2653 3058 4088 3212 Autoren durchaus konform vorgehen.- In der
