<?xml version="1.0" encoding="UTF-8" standalone="yes"?>
<PcGts xmlns="http://schema.primaresearch.org/PAGE/gts/pagecontent/2013-07-15" xmlns:xsi="http://www.w3.org/2001/XMLSchema-instance" xsi:schemaLocation="http://schema.primaresearch.org/PAGE/gts/pagecontent/2013-07-15 http://schema.primaresearch.org/PAGE/gts/pagecontent/2013-07-15/pagecontent.xsd">
    <Metadata>
        <Creator>prov=READ-COOP:name=TrHtr:version=2.1.0:model_id=51170:date=26_07_2023_10:15</Creator>
        <Created>2023-05-02T07:58:15.279+02:00</Created>
        <LastChange>2023-07-26T10:15:27.319+02:00</LastChange>
        <TranskribusMetadata docId="1416740" pageId="54952636" pageNr="78" tsid="130928415" status="IN_PROGRESS" userId="64420" imgUrl="https://files.transkribus.eu/Get?id=XTVGBSOXPQFCYJZMUJVMIZAT&amp;fileType=view" xmlUrl="https://files.transkribus.eu/Get?id=KZGHMIKYDDOTFNGNRRDHIRDP" imageId="44456362"/>
    </Metadata>
    <Page imageFilename="1416740_0078.jpg" imageWidth="4420" imageHeight="3992">
        <ReadingOrder>
            <OrderedGroup id="ro_1711827795304" caption="Regions reading order">
                <RegionRefIndexed index="0" regionRef="tr_1"/>
                <RegionRefIndexed index="1" regionRef="tr_2"/>
                <RegionRefIndexed index="2" regionRef="tr_3"/>
            </OrderedGroup>
        </ReadingOrder>
        <TextRegion id="tr_1" custom="readingOrder {index:0;}">
            <Coords points="438,979 2028,979 2028,2996 438,2996"/>
            <TextLine id="tr_1_tl_1" custom="readingOrder {index:0;}">
                <Coords points="425,1132 570,1113 633,1146 949,1079 1205,1100 1414,1048 1554,1056 1573,965 1268,970 818,1052 433,1043"/>
                <Baseline points="438,1112 453,1112 498,1109 543,1106 587,1103 632,1100 677,1097 722,1091 766,1088 811,1086 856,1083 901,1080 945,1077 990,1071 1035,1071 1080,1068 1124,1065 1169,1062 1214,1056 1259,1053 1303,1047 1348,1044 1393,1041 1438,1038 1482,1035 1527,1032 1572,1029"/>
                <TextEquiv>
                    <Unicode>noch nähere Mitteilungen von ihm.</Unicode>
                </TextEquiv>
            </TextLine>
            <TextLine id="tr_1_tl_2" custom="readingOrder {index:1;}">
                <Coords points="673,1195 1893,1125 1958,1113 1962,1056 1580,1054 1365,1115 1064,1083 797,1165 677,1138"/>
                <Baseline points="683,1190 710,1193 754,1190 799,1187 844,1181 889,1178 933,1175 978,1172 1023,1169 1068,1163 1112,1160 1157,1160 1202,1154 1247,1151 1291,1145 1336,1145 1381,1142 1426,1139 1470,1136 1515,1133 1560,1130 1605,1127 1649,1121 1694,1118 1739,1115 1784,1112 1828,1109 1873,1106 1918,1100 1963,1100"/>
                <TextEquiv>
                    <Unicode>Sie schrieben mir neulich, dass ein zu</Unicode>
                </TextEquiv>
            </TextLine>
            <TextLine id="tr_1_tl_3" custom="readingOrder {index:2;}">
                <Coords points="442,1273 1902,1199 1908,1128 446,1199"/>
                <Baseline points="453,1262 477,1259 522,1256 566,1256 611,1250 656,1247 701,1244 745,1241 790,1238 835,1235 880,1229 924,1226 969,1223 1014,1220 1059,1217 1103,1214 1148,1211 1193,1205 1238,1205 1282,1202 1327,1199 1372,1196 1417,1196 1461,1193 1506,1190 1551,1187 1596,1187 1640,1181 1685,1172 1730,1172 1775,1166 1819,1160 1864,1166 1909,1172"/>
                <TextEquiv>
                    <Unicode>frühes Ersohei nen einer ungarischenusgabe</Unicode>
                </TextEquiv>
            </TextLine>
            <TextLine id="tr_1_tl_4" custom="readingOrder {index:3;}">
                <Coords points="444,1331 1796,1237 1813,1178 448,1277"/>
                <Baseline points="456,1312 474,1312 519,1309 563,1306 608,1300 653,1297 698,1294 742,1291 787,1288 832,1282 877,1279 921,1276 966,1276 1011,1270 1056,1268 1100,1265 1145,1259 1190,1256 1235,1253 1279,1250 1324,1244 1369,1241 1414,1241 1458,1238 1503,1232 1548,1229 1593,1223 1637,1220 1682,1220 1727,1217 1772,1211 1816,1208"/>
                <TextEquiv>
                    <Unicode>den Verkäuf des deutschen Originalbuchs</Unicode>
                </TextEquiv>
            </TextLine>
            <TextLine id="tr_1_tl_5" custom="readingOrder {index:4;}">
                <Coords points="452,1376 1893,1273 1897,1222 456,1323"/>
                <Baseline points="465,1366 510,1363 554,1357 599,1354 644,1351 689,1348 733,1342 778,1339 823,1336 868,1330 912,1330 957,1327 1002,1324 1047,1318 1091,1315 1136,1312 1181,1309 1226,1303 1270,1300 1315,1297 1360,1294 1405,1288 1450,1288 1494,1285 1539,1282 1584,1276 1629,1273 1673,1268 1718,1268 1763,1262 1808,1259 1852,1256 1897,1253"/>
                <TextEquiv>
                    <Unicode>ungünstig beeinflussen könnte.Haben Sie ir</Unicode>
                </TextEquiv>
            </TextLine>
            <TextLine id="tr_1_tl_6" custom="readingOrder {index:5;}">
                <Coords points="469,1414 1880,1321 1895,1264 471,1378"/>
                <Baseline points="480,1414 510,1411 554,1408 599,1405 644,1402 689,1399 733,1396 778,1390 823,1387 868,1384 912,1381 957,1378 1002,1375 1047,1372 1091,1366 1136,1363 1181,1360 1226,1360 1270,1357 1315,1348 1360,1345 1405,1342 1450,1339 1494,1336 1539,1330 1584,1327 1629,1324 1673,1321 1718,1321 1763,1315 1808,1309 1852,1306 1897,1303"/>
                <TextEquiv>
                    <Unicode>gend welche Erfahrungen darüber, in welcher</Unicode>
                </TextEquiv>
            </TextLine>
            <TextLine id="tr_1_tl_7" custom="readingOrder {index:6;}">
                <Coords points="454,1474 1590,1403 1826,1369 1830,1325 458,1416"/>
                <Baseline points="465,1467 489,1464 534,1458 578,1455 623,1452 668,1450 713,1447 757,1444 802,1441 847,1435 892,1432 936,1432 981,1426 1026,1426 1071,1423 1115,1417 1160,1417 1205,1411 1250,1408 1294,1405 1339,1399 1384,1399 1429,1393 1473,1390 1518,1384 1563,1381 1608,1378 1652,1375 1697,1372 1742,1369 1787,1363 1831,1354"/>
                <TextEquiv>
                    <Unicode>Höhe meine Bücher in Ungarn in deutscher</Unicode>
                </TextEquiv>
            </TextLine>
            <TextLine id="tr_1_tl_8" custom="readingOrder {index:7;}">
                <Coords points="456,1538 1761,1437 1841,1426 1845,1367 459,1472"/>
                <Baseline points="468,1515 507,1512 551,1509 596,1506 641,1503 686,1500 730,1497 775,1491 820,1488 865,1485 909,1479 954,1476 999,1473 1044,1470 1088,1470 1133,1467 1178,1461 1223,1455 1268,1452 1312,1450 1357,1447 1402,1444 1447,1441 1491,1438 1536,1435 1581,1432 1626,1429 1670,1426 1715,1423 1760,1417 1805,1411 1849,1405"/>
                <TextEquiv>
                    <Unicode>Sprache abgesetzt zu werden pflegen? Ich</Unicode>
                </TextEquiv>
            </TextLine>
            <TextLine id="tr_1_tl_9" custom="readingOrder {index:8;}">
                <Coords points="1422,1523 1468,1498 1493,1514 1632,1502 1676,1475 1687,1487 1780,1487 1830,1466 1845,1483 1862,1479 1868,1422 1767,1437 1697,1422 1670,1443 1634,1434 1432,1458"/>
                <Baseline points="1436,1498 1476,1500 1524,1497 1524,1497 1572,1491 1617,1488 1661,1479 1706,1470 1751,1467 1796,1461 1840,1455 1870,1458"/>
                <TextEquiv>
                    <Unicode>erleger.Herrn</Unicode>
                </TextEquiv>
            </TextLine>
            <TextLine id="tr_1_tl_10" custom="readingOrder {index:9;}">
                <Coords points="454,1576 1237,1546 1432,1500 1435,1447 818,1512 726,1496 667,1529 458,1521"/>
                <Baseline points="465,1569 498,1563 543,1563 587,1557 632,1554 677,1551 722,1548 766,1545 811,1545 856,1545 901,1539 945,1536 990,1530 1035,1524 1080,1521 1124,1518 1169,1518 1214,1515 1259,1512 1305,1510 1305,1510 1345,1503 1390,1503 1436,1498"/>
                <TextEquiv>
                    <Unicode>möchte den Panthaon-Kamux Vo</Unicode>
                </TextEquiv>
            </TextLine>
            <TextLine id="tr_1_tl_11" custom="readingOrder {index:10;}">
                <Coords points="463,1624 1529,1563 1773,1527 1777,1481 467,1576"/>
                <Baseline points="474,1617 480,1617 525,1617 569,1611 614,1605 659,1602 704,1599 748,1599 793,1599 838,1593 883,1590 927,1584 972,1581 1017,1578 1062,1572 1106,1572 1151,1566 1196,1563 1241,1560 1285,1557 1330,1551 1375,1548 1420,1542 1464,1539 1509,1536 1554,1533 1599,1533 1643,1530 1688,1524 1733,1521 1778,1515"/>
                <TextEquiv>
                    <Unicode>Ranschburg, nicht alleu fähge wegen der</Unicode>
                </TextEquiv>
            </TextLine>
            <TextLine id="tr_1_tl_12" custom="readingOrder {index:11;}">
                <Coords points="839,1653 896,1641 966,1691 1102,1653 1199,1678 1294,1651 1315,1666 1416,1645 1447,1664 1466,1559 1243,1557 1190,1582 1008,1586 928,1620 843,1597"/>
                <Baseline points="849,1650 895,1634 939,1632 984,1629 1029,1629 1074,1626 1118,1623 1163,1620 1208,1617 1253,1614 1297,1608 1342,1605 1387,1599 1432,1599 1464,1596"/>
                <TextEquiv>
                    <Unicode>warten lassen.</Unicode>
                </TextEquiv>
            </TextLine>
            <TextLine id="tr_1_tl_13" custom="readingOrder {index:12;}">
                <Coords points="465,1700 534,1712 610,1693 637,1710 690,1700 709,1710 730,1697 745,1710 783,1697 812,1702 827,1698 833,1626 742,1605 694,1618 507,1620 471,1636"/>
                <Baseline points="480,1670 516,1670 560,1664 605,1661 650,1658 695,1652 739,1652 739,1652 745,1646 790,1640 835,1649"/>
                <TextEquiv>
                    <Unicode>„Traumnove"</Unicode>
                </TextEquiv>
            </TextLine>
            <TextLine id="tr_1_tl_14" custom="readingOrder {index:13;}">
                <Coords points="846,1691 854,1689 860,1693 867,1691 875,1695 883,1693 888,1687 892,1689 894,1685 902,1689 909,1685 911,1687 923,1685 915,1649 904,1649 896,1643 892,1647 886,1643 884,1645 871,1641 869,1643 862,1639 858,1645 839,1651"/>
                <Baseline points="849,1650 895,1661 921,1661"/>
                <TextEquiv>
                    <Unicode>G.F.S</Unicode>
                </TextEquiv>
            </TextLine>
            <TextLine id="tr_1_tl_15" custom="readingOrder {index:14;}">
                <Coords points="740,1750 1939,1670 1944,1613 743,1695"/>
                <Baseline points="751,1748 781,1748 826,1745 871,1742 915,1736 960,1733 1005,1730 1050,1727 1094,1727 1139,1721 1184,1718 1229,1712 1273,1706 1318,1706 1363,1703 1408,1700 1452,1697 1497,1691 1542,1688 1587,1688 1632,1685 1676,1679 1721,1673 1766,1670 1811,1667 1855,1664 1900,1658 1945,1655"/>
                <TextEquiv>
                    <Unicode>Ich sende hier eine Liste über die</Unicode>
                </TextEquiv>
            </TextLine>
            <TextLine id="tr_1_tl_16" custom="readingOrder {index:15;}">
                <Coords points="478,1832 1992,1733 1998,1664 484,1769"/>
                <Baseline points="489,1819 531,1819 575,1819 620,1816 665,1819 710,1816 754,1814 799,1811 844,1808 889,1808 930,1787 930,1787 975,1784 1020,1781 1065,1778 1109,1775 1154,1772 1199,1769 1244,1763 1288,1760 1333,1757 1378,1754 1423,1754 1467,1751 1512,1748 1557,1742 1602,1739 1646,1739 1691,1730 1736,1730 1781,1721 1825,1718 1870,1706 1915,1709 1960,1712 1998,1712"/>
                <TextEquiv>
                    <Unicode>vom „Weiher“ zu versendenden Ersiaxamutars</Unicode>
                </TextEquiv>
            </TextLine>
            <TextLine id="tr_1_tl_17" custom="readingOrder {index:16;}">
                <Coords points="477,1883 1817,1788 1895,1773 1899,1727 480,1832"/>
                <Baseline points="489,1870 513,1870 557,1867 602,1864 647,1861 692,1855 736,1852 781,1852 826,1846 871,1843 915,1840 960,1834 1005,1834 1050,1828 1094,1825 1139,1822 1184,1819 1229,1819 1273,1816 1318,1814 1363,1808 1408,1805 1452,1802 1497,1796 1542,1793 1587,1787 1632,1784 1676,1781 1721,1778 1766,1772 1811,1769 1855,1766 1900,1763"/>
                <TextEquiv>
                    <Unicode>ein. Wo gebumene Exemplare zu verseuden</Unicode>
                </TextEquiv>
            </TextLine>
            <TextLine id="tr_1_tl_18" custom="readingOrder {index:17;}">
                <Coords points="478,1927 1712,1851 1920,1824 1954,1775 482,1883"/>
                <Baseline points="489,1921 522,1921 566,1921 611,1915 656,1912 701,1909 745,1903 790,1900 835,1897 880,1894 924,1891 969,1888 1014,1885 1059,1882 1103,1882 1148,1876 1193,1873 1238,1867 1282,1864 1327,1861 1372,1861 1417,1855 1461,1855 1506,1849 1551,1840 1596,1837 1640,1834 1685,1831 1730,1825 1775,1822 1819,1819 1864,1816 1909,1811 1954,1805"/>
                <TextEquiv>
                    <Unicode>wären ist es ausdrücklich (g.) vermerkt Zu-</Unicode>
                </TextEquiv>
            </TextLine>
            <TextLine id="tr_1_tl_19" custom="readingOrder {index:18;}">
                <Coords points="522,1992 1897,1889 1958,1872 1962,1813 528,1935"/>
                <Baseline points="534,1981 575,1972 620,1963 665,1960 710,1957 754,1957 799,1951 844,1948 889,1945 933,1942 978,1939 1023,1936 1068,1933 1112,1930 1157,1924 1202,1921 1247,1918 1291,1915 1336,1909 1381,1903 1426,1903 1470,1900 1515,1894 1560,1891 1605,1891 1649,1885 1694,1882 1739,1879 1784,1876 1828,1873 1873,1867 1918,1861 1963,1855"/>
                <TextEquiv>
                    <Unicode>gleich sende ich Ihre Liste zurück und be-</Unicode>
                </TextEquiv>
            </TextLine>
            <TextLine id="tr_1_tl_20" custom="readingOrder {index:19;}">
                <Coords points="484,2030 1782,1963 1862,1933 1868,1874 538,1994 490,1967"/>
                <Baseline points="495,2028 528,2025 572,2022 617,2016 662,2013 707,2010 751,2007 796,2001 841,2001 886,1996 930,1993 975,1990 1020,1987 1065,1984 1109,1978 1154,1975 1199,1975 1244,1969 1288,1966 1333,1963 1378,1960 1423,1957 1467,1951 1512,1948 1557,1945 1602,1942 1646,1939 1691,1933 1736,1930 1781,1927 1825,1921 1870,1915"/>
                <TextEquiv>
                    <Unicode>zeichne mit einem Kreuzchen die Namen, wo</Unicode>
                </TextEquiv>
            </TextLine>
            <TextLine id="tr_1_tl_21" custom="readingOrder {index:20;}">
                <Coords points="499,2082 1902,1986 2017,1971 2021,1929 503,2032"/>
                <Baseline points="510,2076 543,2076 587,2073 632,2070 677,2067 722,2061 766,2055 811,2055 856,2052 901,2049 945,2043 990,2040 1035,2037 1080,2034 1124,2031 1169,2028 1214,2022 1259,2019 1303,2019 1348,2013 1393,2007 1438,2007 1482,2001 1527,1996 1572,1996 1617,1993 1661,1987 1706,1981 1751,1975 1796,1975 1840,1972 1885,1969 1930,1966 1975,1963 2019,1960"/>
                <TextEquiv>
                    <Unicode>ich die Karte „im Auftrage des Autors beizu-</Unicode>
                </TextEquiv>
            </TextLine>
            <TextLine id="tr_1_tl_22" custom="readingOrder {index:21;}">
                <Coords points="492,2139 1941,2034 1984,1977 498,2082"/>
                <Baseline points="504,2127 510,2127 554,2127 599,2118 644,2118 689,2115 733,2106 778,2103 823,2103 868,2103 912,2100 957,2094 1002,2091 1047,2085 1091,2082 1136,2079 1181,2079 1226,2073 1270,2070 1315,2064 1360,2061 1405,2058 1450,2055 1494,2049 1539,2049 1584,2046 1629,2043 1673,2037 1718,2034 1763,2031 1808,2025 1852,2022 1897,2016 1942,2016 1987,2013"/>
                <TextEquiv>
                    <Unicode>legen bitte. Eine solche Karte wird den xxx</Unicode>
                </TextEquiv>
            </TextLine>
            <TextLine id="tr_1_tl_23" custom="readingOrder {index:22;}">
                <Coords points="492,2196 1901,2074 2021,2101 2026,2015 498,2135"/>
                <Baseline points="504,2180 507,2180 551,2177 596,2175 641,2169 686,2166 730,2166 775,2163 820,2157 865,2154 909,2148 954,2145 999,2142 1044,2139 1088,2133 1133,2130 1178,2130 1223,2124 1268,2121 1312,2115 1357,2112 1402,2109 1447,2106 1491,2103 1536,2100 1581,2097 1626,2094 1670,2088 1715,2085 1760,2079 1805,2076 1849,2076 1894,2073 1939,2070 1984,2067 2028,2064"/>
                <TextEquiv>
                    <Unicode>mi Exemplaren meiner Liste durchaus beigelegt</Unicode>
                </TextEquiv>
            </TextLine>
            <TextLine id="tr_1_tl_24" custom="readingOrder {index:23;}">
                <Coords points="494,2240 1014,2190 1317,2242 1838,2198 1975,2156 1981,2068 498,2194"/>
                <Baseline points="507,2234 551,2231 596,2225 641,2219 686,2216 730,2213 775,2210 820,2204 865,2201 909,2198 954,2195 999,2192 1044,2189 1088,2186 1133,2186 1178,2180 1223,2177 1268,2175 1312,2172 1357,2169 1402,2163 1447,2160 1491,2157 1536,2154 1581,2148 1626,2145 1670,2142 1715,2139 1760,2136 1805,2133 1849,2127 1894,2124 1939,2118 1984,2118"/>
                <TextEquiv>
                    <Unicode>An mich direkt bitte 20 gebundene Exemplare</Unicode>
                </TextEquiv>
            </TextLine>
            <TextLine id="tr_1_tl_25" custom="readingOrder {index:24;}">
                <Coords points="509,2293 568,2291 595,2318 633,2322 682,2293 707,2310 810,2318 886,2291 999,2295 1005,2206 913,2202 864,2221 818,2209 709,2234 600,2223 511,2247"/>
                <Baseline points="519,2285 560,2279 605,2276 650,2273 695,2270 739,2267 784,2261 829,2258 874,2255 918,2252 963,2252 1008,2252"/>
                <TextEquiv>
                    <Unicode>zu überweisen.</Unicode>
                </TextEquiv>
            </TextLine>
            <TextLine id="tr_1_tl_26" custom="readingOrder {index:25;}">
                <Coords points="881,2356 1249,2331 1298,2375 1371,2387 1580,2352 1588,2265 1374,2257 1317,2282 1252,2265 1045,2297 886,2293"/>
                <Baseline points="892,2351 918,2351 963,2348 1008,2348 1053,2345 1097,2342 1142,2333 1187,2333 1232,2330 1276,2324 1321,2324 1366,2321 1411,2315 1455,2312 1500,2306 1545,2303 1590,2297"/>
                <TextEquiv>
                    <Unicode>Mit herzlichem Gruss</Unicode>
                </TextEquiv>
            </TextLine>
            <TextLine id="tr_1_tl_27" custom="readingOrder {index:26;}">
                <Coords points="1151,2413 1163,2411 1170,2417 1176,2411 1184,2410 1201,2392 1207,2396 1216,2389 1239,2387 1241,2343 1210,2347 1203,2341 1197,2345 1186,2339 1174,2339 1170,2335 1155,2337"/>
                <Baseline points="1163,2380 1199,2380 1244,2377"/>
                <TextEquiv>
                    <Unicode>Ihr</Unicode>
                </TextEquiv>
            </TextLine>
            <TextLine id="tr_1_tl_28" custom="readingOrder {index:27;}">
                <Coords points="530,2787 707,2793 745,2770 787,2795 831,2768 984,2766 999,2762 1005,2695 949,2714 873,2716 846,2701 808,2726 705,2711 640,2734 536,2730"/>
                <Baseline points="543,2783 554,2783 599,2783 644,2777 689,2774 733,2771 778,2768 823,2765 868,2762 912,2759 957,2756 1002,2750"/>
                <TextEquiv>
                    <Unicode>Herrn Dr Mari</Unicode>
                </TextEquiv>
            </TextLine>
            <TextLine id="tr_1_tl_29" custom="readingOrder {index:28;}">
                <Coords points="541,2852 772,2825 856,2840 919,2880 1123,2842 1128,2772 1098,2751 1060,2768 896,2764 871,2785 827,2770 789,2795 747,2770 713,2791 545,2795"/>
                <Baseline points="551,2840 590,2837 635,2834 680,2831 725,2825 769,2819 814,2819 859,2816 904,2810 948,2810 993,2807 1038,2804 1083,2804 1127,2804"/>
                <TextEquiv>
                    <Unicode>S.Fischer,Verlag.</Unicode>
                </TextEquiv>
            </TextLine>
            <TextLine id="tr_1_tl_30" custom="readingOrder {index:29;}">
                <Coords points="574,2901 620,2905 658,2884 673,2898 719,2894 728,2903 825,2884 837,2892 865,2886 867,2844 829,2831 578,2842"/>
                <Baseline points="584,2891 602,2888 647,2882 692,2879 736,2879 781,2873 826,2870 871,2867"/>
                <TextEquiv>
                    <Unicode>e Berlin.</Unicode>
                </TextEquiv>
            </TextLine>
            <TextLine id="tr_1_tl_31" custom="readingOrder {index:30;}">
                <Coords points="640,3008 698,3021 730,3000 753,3018 797,3012 837,3029 894,2989 980,2978 984,2909 942,2894 888,2901 864,2882 816,2888 791,2907 762,2905 721,2932 694,2915 646,2915"/>
                <Baseline points="653,2986 674,2983 719,2980 763,2980 808,2977 853,2974 898,2971 942,2968 987,2965"/>
                <TextEquiv>
                    <Unicode>Bei lagen.</Unicode>
                </TextEquiv>
            </TextLine>
        </TextRegion>
        <TextRegion id="tr_2" custom="readingOrder {index:1;}">
            <Coords points="2318,806 4102,806 4102,2349 2318,2349"/>
            <TextLine id="tr_2_tl_1" custom="readingOrder {index:0;}">
                <Coords points="2310,905 2364,877 2413,888 2432,873 2516,875 2562,909 2680,879 2783,902 2808,884 2899,890 2896,795 2827,782 2793,804 2705,753 2642,808 2520,724 2430,747 2369,719 2305,722"/>
                <Baseline points="2318,856 2362,862 2407,859 2452,859 2497,859 2541,862 2586,862 2631,862 2676,865 2721,865 2765,868 2810,871 2855,874 2900,865"/>
                <TextEquiv>
                    <Unicode>S. Fischel</Unicode>
                </TextEquiv>
            </TextLine>
            <TextLine id="tr_2_tl_2" custom="readingOrder {index:1;}">
                <Coords points="3406,926 3427,930 3483,909 3534,944 3563,932 3591,947 3641,932 3656,944 3671,936 3729,944 3729,856 3694,862 3662,850 3652,860 3626,850 3601,860 3570,843 3536,850 3500,829 3454,852 3406,839"/>
                <Baseline points="3416,904 3460,907 3505,907 3550,907 3595,907 3639,907 3684,907 3729,909 3732,909"/>
                <TextEquiv>
                    <Unicode>1.3.1926.</Unicode>
                </TextEquiv>
            </TextLine>
            <TextLine id="tr_2_tl_3" custom="readingOrder {index:2;}">
                <Coords points="2516,944 2528,944 2539,953 2566,947 2589,957 2604,951 2623,955 2646,942 2682,957 2686,892 2650,890 2638,902 2631,894 2602,905 2587,898 2566,909 2560,904 2552,909 2543,904 2518,907"/>
                <Baseline points="2527,936 2553,936 2598,933 2643,930 2688,927"/>
                <TextEquiv>
                    <Unicode>G.C.H.F.T.</Unicode>
                </TextEquiv>
            </TextLine>
            <TextLine id="tr_2_tl_4" custom="readingOrder {index:3;}">
                <Coords points="2644,1125 3475,1121 3471,1010 2640,1024"/>
                <Baseline points="2652,1086 2697,1091 2741,1091 2786,1094 2831,1094 2876,1094 2920,1097 2965,1100 3010,1100 3055,1100 3099,1103 3144,1106 3189,1103 3234,1103 3278,1103 3323,1106 3368,1103 3413,1106 3457,1109 3478,1109"/>
                <TextEquiv>
                    <Unicode>Verehrter Herr Dr. Maril.</Unicode>
                </TextEquiv>
            </TextLine>
            <TextLine id="tr_2_tl_5" custom="readingOrder {index:4;}">
                <Coords points="3408,1161 3422,1161 3426,1165 3431,1161 3439,1169 3450,1161 3477,1163 3490,1157 3511,1170 3521,1170 3521,1109 3509,1109 3496,1102 3462,1121 3445,1113 3427,1125 3418,1119 3408,1119"/>
                <Baseline points="3419,1154 3463,1154 3508,1154 3526,1154"/>
                <TextEquiv>
                    <Unicode>même</Unicode>
                </TextEquiv>
            </TextLine>
            <TextLine id="tr_2_tl_6" custom="readingOrder {index:5;}">
                <Coords points="2880,1271 3136,1249 3374,1256 3441,1289 3645,1260 3994,1285 3992,1218 3900,1191 3372,1222 2878,1182"/>
                <Baseline points="2891,1250 2935,1247 2980,1250 3025,1253 3070,1250 3114,1250 3144,1253 3144,1253 3192,1253 3237,1256 3281,1259 3326,1262 3371,1259 3416,1259 3460,1259 3505,1262 3550,1265 3595,1265 3639,1265 3684,1262 3729,1265 3774,1265 3818,1265 3863,1265 3908,1268 3953,1268 3997,1265"/>
                <TextEquiv>
                    <Unicode>Für die Salteburgbühnen habe ich</Unicode>
                </TextEquiv>
            </TextLine>
            <TextLine id="tr_2_tl_7" custom="readingOrder {index:6;}">
                <Coords points="2671,1302 3235,1346 4013,1331 4055,1329 4055,1266 3208,1285 2669,1218"/>
                <Baseline points="2682,1291 2721,1294 2765,1294 2810,1297 2855,1297 2900,1300 2944,1303 2989,1303 3034,1303 3079,1306 3123,1306 3168,1306 3213,1309 3258,1306 3302,1309 3347,1309 3392,1306 3437,1312 3481,1312 3526,1315 3571,1315 3616,1315 3660,1315 3705,1315 3750,1315 3795,1312 3839,1315 3884,1321 3931,1328 3931,1328 3977,1318 4021,1321 4060,1318"/>
                <TextEquiv>
                    <Unicode>rein geschäflich keine besondere Sympathi</Unicode>
                </TextEquiv>
            </TextLine>
            <TextLine id="tr_2_tl_8" custom="readingOrder {index:7;}">
                <Coords points="2629,1350 2836,1380 3820,1372 3818,1319 3767,1315 2629,1304"/>
                <Baseline points="2640,1342 2658,1345 2703,1345 2747,1345 2792,1348 2837,1351 2882,1351 2926,1351 2971,1354 3016,1351 3061,1351 3105,1354 3150,1354 3195,1354 3240,1357 3284,1357 3329,1357 3374,1360 3419,1357 3463,1360 3508,1363 3553,1363 3598,1363 3642,1363 3687,1363 3732,1366 3777,1369 3823,1373"/>
                <TextEquiv>
                    <Unicode>Sie wollten dort immer das „Zwischen</Unicode>
                </TextEquiv>
            </TextLine>
            <TextLine id="tr_2_tl_9" custom="readingOrder {index:8;}">
                <Coords points="3854,1390 3912,1397 3952,1367 3969,1378 4007,1372 4043,1378 4068,1365 4095,1374 4098,1336 4079,1325 4045,1331 4028,1323 4018,1331 4009,1325 3990,1331 3952,1321 3898,1331 3891,1323 3860,1323"/>
                <Baseline points="3866,1372 3896,1366 3941,1363 3986,1357 3986,1357 4030,1354 4075,1351 4102,1351"/>
                <TextEquiv>
                    <Unicode>13p 1,7“</Unicode>
                </TextEquiv>
            </TextLine>
            <TextLine id="tr_2_tl_10" custom="readingOrder {index:9;}">
                <Coords points="2629,1445 2737,1403 3986,1441 4037,1437 4036,1363 2829,1386 2627,1352"/>
                <Baseline points="2637,1396 2682,1399 2726,1399 2771,1402 2816,1402 2861,1402 2905,1402 2950,1402 2995,1402 3040,1402 3084,1405 3129,1405 3174,1408 3219,1411 3264,1411 3308,1411 3353,1411 3398,1414 3443,1414 3487,1414 3532,1414 3577,1414 3622,1414 3666,1411 3711,1417 3756,1420 3801,1420 3845,1420 3890,1423 3935,1423 3980,1420 4024,1420 4042,1420"/>
                <TextEquiv>
                    <Unicode>haben und die sache scheiterte daran, dass</Unicode>
                </TextEquiv>
            </TextLine>
            <TextLine id="tr_2_tl_11" custom="readingOrder {index:10;}">
                <Coords points="2665,1458 4049,1494 4013,1428 2663,1409"/>
                <Baseline points="2676,1452 2721,1450 2765,1452 2810,1450 2855,1452 2900,1455 2944,1455 2989,1455 3034,1455 3079,1455 3123,1458 3168,1458 3213,1458 3258,1458 3302,1461 3347,1464 3392,1461 3437,1464 3481,1464 3526,1464 3571,1464 3616,1464 3660,1467 3705,1467 3750,1467 3795,1467 3839,1470 3884,1473 3929,1473 3974,1473 4018,1473 4054,1473"/>
                <TextEquiv>
                    <Unicode>sie keine tausend Mark Vorschuss zahlen</Unicode>
                </TextEquiv>
            </TextLine>
            <TextLine id="tr_2_tl_12" custom="readingOrder {index:11;}">
                <Coords points="2627,1508 4085,1554 4083,1491 4003,1477 3033,1456 2917,1491 2627,1445"/>
                <Baseline points="2637,1497 2682,1500 2726,1503 2771,1503 2816,1503 2861,1503 2905,1506 2950,1503 2995,1506 3040,1506 3084,1506 3129,1509 3174,1509 3219,1512 3264,1509 3308,1509 3353,1512 3398,1512 3443,1515 3487,1512 3532,1515 3577,1515 3622,1515 3666,1515 3711,1518 3756,1515 3801,1518 3845,1521 3890,1524 3935,1524 3980,1524 4024,1524 4069,1521 4087,1518"/>
                <TextEquiv>
                    <Unicode>wollten, und überdies eine Verringerung der</Unicode>
                </TextEquiv>
            </TextLine>
            <TextLine id="tr_2_tl_13" custom="readingOrder {index:12;}">
                <Coords points="2625,1571 3902,1599 3982,1592 3982,1540 2623,1510"/>
                <Baseline points="2634,1551 2679,1554 2723,1551 2768,1554 2813,1554 2858,1554 2903,1554 2947,1554 2992,1557 3037,1560 3082,1560 3126,1560 3171,1560 3216,1563 3261,1563 3305,1566 3350,1563 3395,1566 3440,1566 3484,1566 3529,1566 3574,1566 3619,1566 3663,1566 3708,1566 3753,1566 3798,1569 3842,1572 3887,1575 3932,1578 3977,1581 3986,1581"/>
                <TextEquiv>
                    <Unicode>Tantiemen wünschten mit der Begründung.</Unicode>
                </TextEquiv>
            </TextLine>
            <TextLine id="tr_2_tl_14" custom="readingOrder {index:13;}">
                <Coords points="2623,1618 4068,1651 4024,1578 2623,1571"/>
                <Baseline points="2634,1605 2679,1605 2723,1605 2768,1605 2813,1605 2858,1605 2903,1605 2947,1608 2992,1611 3037,1611 3082,1611 3126,1611 3171,1614 3216,1614 3261,1614 3305,1614 3350,1617 3395,1617 3440,1620 3484,1620 3529,1620 3574,1620 3619,1620 3663,1620 3708,1623 3753,1623 3798,1623 3842,1626 3887,1629 3932,1629 3977,1629 4021,1626 4066,1620 4072,1620"/>
                <TextEquiv>
                    <Unicode>dass sie der Dorsch xxxxxxix eine so gros-</Unicode>
                </TextEquiv>
            </TextLine>
            <TextLine id="tr_2_tl_15" custom="readingOrder {index:14;}">
                <Coords points="2627,1666 3965,1698 4032,1687 4032,1639 2625,1620"/>
                <Baseline points="2637,1658 2682,1655 2726,1655 2771,1658 2816,1658 2861,1661 2905,1661 2950,1661 2995,1661 3040,1661 3084,1661 3129,1661 3174,1661 3219,1664 3264,1664 3308,1664 3353,1667 3398,1670 3443,1670 3487,1670 3532,1670 3577,1670 3622,1670 3666,1670 3711,1670 3756,1673 3801,1673 3845,1676 3890,1676 3935,1679 3980,1679 4024,1679 4036,1676"/>
                <TextEquiv>
                    <Unicode>se Gage zahlen müssten. Ich bitte auch den</Unicode>
                </TextEquiv>
            </TextLine>
            <TextLine id="tr_2_tl_16" custom="readingOrder {index:15;}">
                <Coords points="2627,1735 2924,1742 3147,1708 3488,1746 3610,1731 3595,1676 3555,1697 2627,1666"/>
                <Baseline points="2637,1706 2673,1706 2718,1706 2762,1721 2807,1721 2852,1724 2897,1724 2941,1715 2986,1712 3031,1715 3076,1712 3120,1712 3165,1706 3210,1709 3255,1715 3299,1718 3344,1718 3389,1721 3434,1721 3478,1721 3523,1718 3568,1727 3615,1731"/>
                <TextEquiv>
                    <Unicode>„Ruf des Lebens“ keineswegs u</Unicode>
                </TextEquiv>
            </TextLine>
            <TextLine id="tr_2_tl_17" custom="readingOrder {index:16;}">
                <Coords points="3692,1735 3772,1725 3870,1740 3917,1725 3969,1744 4028,1742 4026,1687 3965,1700 3917,1678 3763,1691 3725,1678 3690,1691"/>
                <Baseline points="3702,1733 3723,1724 3768,1724 3814,1728 3814,1728 3860,1724 3905,1724 3950,1727 3994,1730 4033,1733"/>
                <TextEquiv>
                    <Unicode>er 10% und</Unicode>
                </TextEquiv>
            </TextLine>
            <TextLine id="tr_2_tl_18" custom="readingOrder {index:17;}">
                <Coords points="2615,1765 3893,1796 3997,1786 3997,1738 2613,1704"/>
                <Baseline points="2625,1754 2670,1757 2715,1757 2759,1757 2804,1760 2849,1757 2894,1757 2938,1757 2983,1760 3028,1763 3073,1763 3117,1763 3162,1763 3207,1766 3252,1766 3296,1769 3341,1772 3386,1772 3431,1772 3475,1772 3520,1772 3565,1772 3610,1772 3654,1775 3699,1775 3744,1778 3789,1775 3833,1778 3878,1778 3923,1775 3968,1778 4003,1772"/>
                <TextEquiv>
                    <Unicode>Garantie von 2000 M.herzugeben. Am lieb-</Unicode>
                </TextEquiv>
            </TextLine>
            <TextLine id="tr_2_tl_19" custom="readingOrder {index:18;}">
                <Coords points="2615,1822 3681,1822 3990,1868 3978,1788 2613,1777"/>
                <Baseline points="2625,1808 2670,1808 2715,1808 2759,1808 2804,1811 2849,1814 2894,1811 2938,1811 2983,1814 3028,1814 3073,1816 3117,1816 3162,1819 3207,1819 3252,1819 3296,1819 3341,1822 3386,1822 3431,1822 3475,1825 3520,1822 3565,1825 3610,1822 3654,1822 3699,1825 3744,1828 3789,1828 3833,1828 3878,1828 3923,1831 3968,1834 3994,1831"/>
                <TextEquiv>
                    <Unicode>sten möchte ich fast, dass sich die Sache</Unicode>
                </TextEquiv>
            </TextLine>
            <TextLine id="tr_2_tl_20" custom="readingOrder {index:19;}">
                <Coords points="2612,1864 3908,1895 3854,1832 3696,1859 3506,1820 2612,1820"/>
                <Baseline points="2622,1861 2667,1861 2712,1861 2756,1864 2801,1864 2846,1864 2891,1867 2935,1870 2980,1864 3025,1867 3070,1867 3114,1870 3159,1870 3204,1870 3249,1870 3293,1873 3338,1873 3383,1873 3428,1873 3472,1873 3517,1873 3562,1873 3607,1873 3651,1873 3696,1876 3741,1876 3786,1879 3830,1879 3875,1879 3911,1879"/>
                <TextEquiv>
                    <Unicode>zerschlüge, da ich den 3.Akt des „Rufs</Unicode>
                </TextEquiv>
            </TextLine>
            <TextLine id="tr_2_tl_21" custom="readingOrder {index:20;}">
                <Coords points="2612,1910 4016,1958 3984,1866 3746,1904 2610,1866"/>
                <Baseline points="2622,1909 2667,1909 2712,1909 2756,1912 2801,1912 2846,1912 2891,1915 2935,1918 2980,1918 3025,1918 3070,1918 3114,1918 3159,1918 3204,1921 3249,1921 3293,1921 3338,1921 3383,1924 3428,1924 3472,1921 3517,1924 3562,1924 3607,1924 3651,1927 3696,1930 3741,1930 3786,1933 3830,1933 3875,1933 3920,1933 3965,1933 4009,1930 4021,1924"/>
                <TextEquiv>
                    <Unicode>nicht mag und ich immer wieder daran den-</Unicode>
                </TextEquiv>
            </TextLine>
            <TextLine id="tr_2_tl_22" custom="readingOrder {index:21;}">
                <Coords points="2602,1965 3961,1992 3959,1941 3872,1935 3056,1946 2602,1904"/>
                <Baseline points="2613,1960 2658,1960 2703,1963 2747,1963 2792,1963 2837,1966 2882,1966 2926,1966 2971,1966 3016,1966 3061,1969 3105,1969 3150,1969 3195,1969 3240,1972 3284,1972 3329,1975 3374,1972 3419,1975 3463,1975 3508,1975 3553,1978 3598,1981 3642,1981 3687,1981 3732,1981 3777,1981 3821,1981 3866,1984 3911,1984 3956,1984 3965,1984"/>
                <TextEquiv>
                    <Unicode>ke das Stück von der zweiten Hälfte des</Unicode>
                </TextEquiv>
            </TextLine>
            <TextLine id="tr_2_tl_23" custom="readingOrder {index:22;}">
                <Coords points="2602,2017 3948,2051 3946,1992 2602,1965"/>
                <Baseline points="2613,2010 2658,2010 2703,2013 2747,2013 2792,2013 2837,2016 2882,2016 2926,2016 2971,2016 3016,2016 3061,2019 3105,2019 3150,2019 3195,2019 3240,2022 3284,2025 3329,2025 3374,2025 3419,2025 3463,2025 3508,2025 3553,2028 3598,2031 3642,2028 3687,2028 3732,2031 3777,2028 3821,2028 3866,2031 3911,2031 3953,2031"/>
                <TextEquiv>
                    <Unicode>zweiten Akts an umzuarbeiten. Eher wäre</Unicode>
                </TextEquiv>
            </TextLine>
            <TextLine id="tr_2_tl_24" custom="readingOrder {index:23;}">
                <Coords points="2606,2070 3254,2118 3874,2082 4081,2122 4062,2036 2604,2026"/>
                <Baseline points="2616,2061 2631,2061 2676,2064 2721,2064 2765,2064 2810,2064 2855,2064 2900,2064 2944,2067 2989,2067 3034,2076 3079,2079 3123,2073 3168,2070 3213,2073 3258,2076 3305,2076 3305,2076 3350,2088 3395,2088 3440,2076 3484,2076 3529,2076 3574,2079 3619,2076 3663,2079 3708,2079 3753,2079 3798,2082 3842,2082 3887,2082 3932,2085 3977,2088 4021,2085 4066,2085 4084,2085"/>
                <TextEquiv>
                    <Unicode>auf die „Zwischenspiel“-Idee mit der Dorsch</Unicode>
                </TextEquiv>
            </TextLine>
            <TextLine id="tr_2_tl_25" custom="readingOrder {index:24;}">
                <Coords points="2600,2120 3938,2145 3936,2087 3872,2082 3799,2114 3738,2078 3254,2112 3183,2072 2600,2082"/>
                <Baseline points="2610,2112 2655,2112 2700,2112 2744,2115 2789,2115 2834,2115 2879,2118 2923,2118 2968,2118 3013,2118 3058,2121 3102,2124 3147,2124 3192,2124 3237,2124 3281,2124 3326,2127 3371,2127 3416,2127 3460,2127 3505,2127 3550,2127 3595,2127 3639,2130 3684,2130 3729,2133 3774,2133 3818,2136 3863,2133 3908,2136 3944,2130"/>
                <TextEquiv>
                    <Unicode>zurückzukommen. Da könnte man sich mit</Unicode>
                </TextEquiv>
            </TextLine>
            <TextLine id="tr_2_tl_26" custom="readingOrder {index:25;}">
                <Coords points="2608,2181 3910,2196 3908,2154 3793,2131 3656,2164 3502,2127 2608,2122"/>
                <Baseline points="2619,2172 2664,2166 2709,2166 2753,2169 2798,2166 2843,2169 2888,2166 2932,2169 2977,2169 3022,2172 3067,2172 3111,2172 3156,2175 3201,2175 3246,2175 3290,2172 3335,2172 3380,2175 3425,2177 3469,2177 3514,2180 3559,2177 3604,2180 3648,2183 3693,2180 3738,2183 3783,2183 3827,2186 3872,2186 3914,2180"/>
                <TextEquiv>
                    <Unicode>tausend Mark Garantie begnügen, weniger</Unicode>
                </TextEquiv>
            </TextLine>
            <TextLine id="tr_2_tl_27" custom="readingOrder {index:26;}">
                <Coords points="2604,2268 3359,2228 3494,2284 3620,2249 4013,2282 4013,2204 2602,2179"/>
                <Baseline points="2613,2216 2658,2213 2703,2213 2747,2216 2792,2216 2837,2216 2882,2216 2926,2219 2971,2219 3016,2222 3061,2222 3105,2219 3150,2222 3195,2222 3240,2225 3284,2225 3329,2225 3374,2228 3419,2228 3463,2228 3508,2228 3553,2231 3598,2231 3642,2231 3687,2231 3732,2234 3777,2237 3821,2237 3866,2240 3911,2243 3956,2243 4000,2246 4018,2246"/>
                <TextEquiv>
                    <Unicode>als 10% Tantiemen unter keiner Bedingung.</Unicode>
                </TextEquiv>
            </TextLine>
            <TextLine id="tr_2_tl_28" custom="readingOrder {index:27;}">
                <Coords points="2894,2333 3975,2352 3973,2272 2955,2288 2892,2246"/>
                <Baseline points="2905,2315 2950,2321 2995,2318 3040,2321 3084,2321 3129,2321 3174,2321 3219,2324 3264,2324 3308,2324 3353,2327 3398,2330 3443,2330 3487,2327 3532,2330 3577,2330 3622,2333 3666,2333 3711,2333 3756,2333 3801,2336 3845,2336 3890,2339 3935,2339 3980,2333"/>
                <TextEquiv>
                    <Unicode>Danke vidlmals für Ihre freund-</Unicode>
                </TextEquiv>
            </TextLine>
        </TextRegion>
        <TextRegion id="tr_3" custom="readingOrder {index:2;}">
            <Coords points="2351,2312 4078,2312 4078,3193 2351,3193"/>
            <TextLine id="tr_3_tl_1" custom="readingOrder {index:0;}">
                <Coords points="2621,2371 2859,2411 3145,2377 4016,2419 3984,2333 3769,2364 3715,2331 2619,2310"/>
                <Baseline points="2631,2362 2676,2362 2721,2365 2765,2365 2810,2368 2855,2365 2900,2368 2944,2371 2989,2368 3034,2368 3079,2371 3123,2371 3168,2374 3213,2377 3258,2377 3302,2377 3347,2377 3392,2377 3437,2380 3481,2380 3526,2380 3571,2380 3616,2386 3660,2389 3705,2386 3750,2389 3795,2392 3839,2395 3884,2395 3929,2398 3974,2404 4018,2407 4021,2407"/>
                <TextEquiv>
                    <Unicode>liche Zuskunft betreffs Franziska Kinds.</Unicode>
                </TextEquiv>
            </TextLine>
            <TextLine id="tr_3_tl_2" custom="readingOrder {index:1;}">
                <Coords points="2596,2419 2730,2453 3100,2425 3201,2465 3351,2432 3944,2451 3942,2400 2596,2387"/>
                <Baseline points="2607,2416 2652,2419 2697,2419 2741,2416 2786,2422 2831,2422 2876,2419 2920,2419 2965,2419 3010,2419 3055,2422 3099,2425 3144,2425 3189,2425 3234,2425 3278,2428 3323,2428 3368,2431 3413,2431 3457,2431 3502,2434 3547,2434 3592,2434 3636,2434 3681,2437 3726,2434 3771,2437 3815,2437 3860,2437 3905,2437 3947,2443"/>
                <TextEquiv>
                    <Unicode>ebenso für die Adresse des Herrn Hübsch</Unicode>
                </TextEquiv>
            </TextLine>
            <TextLine id="tr_3_tl_3" custom="readingOrder {index:2;}">
                <Coords points="2591,2480 4039,2511 4011,2419 3772,2470 2589,2427"/>
                <Baseline points="2601,2467 2646,2467 2691,2467 2735,2473 2780,2476 2825,2479 2870,2476 2914,2470 2959,2473 3004,2473 3049,2476 3093,2479 3138,2476 3183,2473 3228,2470 3272,2476 3317,2479 3362,2479 3407,2482 3451,2482 3496,2482 3541,2482 3586,2485 3630,2485 3675,2485 3720,2488 3765,2488 3810,2488 3854,2491 3899,2491 3944,2491 3989,2494 4033,2497 4045,2494"/>
                <TextEquiv>
                    <Unicode>Die „Traumnovalle“ werde ich ihm doch wohl</Unicode>
                </TextEquiv>
            </TextLine>
            <TextLine id="tr_3_tl_4" custom="readingOrder {index:3;}">
                <Coords points="2594,2532 4045,2556 4043,2512 3837,2491 2594,2476"/>
                <Baseline points="2604,2518 2649,2518 2694,2518 2738,2521 2783,2518 2828,2518 2873,2521 2917,2521 2962,2524 3007,2521 3052,2524 3096,2524 3141,2524 3186,2527 3231,2527 3275,2527 3320,2533 3365,2530 3410,2530 3454,2533 3499,2530 3544,2533 3589,2533 3633,2536 3678,2536 3723,2536 3768,2539 3812,2539 3857,2541 3902,2541 3947,2544 3992,2544 4036,2544 4048,2541"/>
                <TextEquiv>
                    <Unicode>kaum Überlassen können,da die Verhandlungen</Unicode>
                </TextEquiv>
            </TextLine>
            <TextLine id="tr_3_tl_5" custom="readingOrder {index:4;}">
                <Coords points="2594,2572 4056,2625 4055,2556 3990,2551 2592,2524"/>
                <Baseline points="2604,2568 2649,2568 2694,2568 2738,2568 2783,2568 2828,2568 2873,2568 2917,2571 2962,2574 3007,2574 3052,2574 3096,2577 3141,2577 3186,2577 3231,2577 3275,2580 3320,2580 3365,2580 3410,2583 3454,2580 3499,2580 3544,2583 3589,2583 3633,2586 3678,2586 3723,2589 3768,2589 3812,2592 3857,2592 3902,2592 3947,2595 3992,2595 4036,2595 4060,2592"/>
                <TextEquiv>
                    <Unicode>von Curtia Brown mit Schuster &amp; Simon schon</Unicode>
                </TextEquiv>
            </TextLine>
            <TextLine id="tr_3_tl_6" custom="readingOrder {index:5;}">
                <Coords points="2587,2629 4011,2642 4009,2602 3809,2591 3336,2615 2585,2572"/>
                <Baseline points="2595,2613 2640,2619 2685,2619 2729,2619 2774,2619 2819,2619 2864,2619 2908,2622 2953,2625 2998,2625 3043,2628 3087,2628 3132,2628 3177,2628 3222,2628 3266,2631 3311,2631 3356,2634 3401,2631 3446,2634 3490,2637 3535,2637 3580,2637 3625,2637 3669,2640 3714,2640 3759,2640 3804,2643 3848,2643 3893,2646 3938,2646 3983,2637 4015,2637"/>
                <TextEquiv>
                    <Unicode>weiter vorgeschritten waren als ich dach-</Unicode>
                </TextEquiv>
            </TextLine>
            <TextLine id="tr_3_tl_7" custom="readingOrder {index:6;}">
                <Coords points="2585,2673 3401,2692 3496,2745 4034,2726 4032,2642 2585,2631"/>
                <Baseline points="2595,2670 2640,2670 2685,2673 2729,2673 2774,2673 2819,2673 2864,2676 2908,2676 2953,2676 2998,2676 3043,2679 3087,2679 3132,2679 3177,2679 3222,2682 3266,2682 3311,2685 3356,2685 3401,2688 3446,2688 3490,2688 3535,2688 3580,2688 3625,2691 3669,2694 3714,2694 3759,2694 3804,2694 3848,2697 3893,2697 3938,2697 3983,2697 4027,2697 4036,2694"/>
                <TextEquiv>
                    <Unicode>te und ich keine Schwierigkeiten haben und</Unicode>
                </TextEquiv>
            </TextLine>
            <TextLine id="tr_3_tl_8" custom="readingOrder {index:7;}">
                <Coords points="2581,2749 2785,2743 2825,2762 2920,2741 2979,2760 3088,2739 3212,2760 3273,2741 3300,2758 3334,2751 3334,2714 3214,2684 3084,2705 2953,2674 2926,2694 2806,2676 2739,2697 2686,2673 2579,2678"/>
                <Baseline points="2592,2723 2637,2723 2682,2723 2726,2723 2771,2723 2816,2723 2861,2723 2905,2723 2950,2726 2995,2729 3040,2732 3084,2732 3129,2732 3174,2732 3219,2735 3264,2735 3308,2738 3338,2735"/>
                <TextEquiv>
                    <Unicode>keine bereiten möchte.</Unicode>
                </TextEquiv>
            </TextLine>
            <TextLine id="tr_3_tl_9" custom="readingOrder {index:8;}">
                <Coords points="2920,2836 3713,2850 3851,2892 4039,2859 4037,2785 4007,2779 3609,2795 3528,2741 3443,2737 2917,2755"/>
                <Baseline points="2929,2828 2974,2828 3019,2828 3064,2831 3108,2831 3153,2828 3198,2834 3243,2831 3287,2834 3332,2837 3377,2834 3422,2840 3466,2840 3511,2840 3556,2843 3601,2843 3645,2846 3690,2846 3735,2849 3780,2852 3824,2855 3869,2852 3914,2855 3959,2858 4003,2855 4045,2855"/>
                <TextEquiv>
                    <Unicode>Die Vorschläge des Freiherrn von</Unicode>
                </TextEquiv>
            </TextLine>
            <TextLine id="tr_3_tl_10" custom="readingOrder {index:9;}">
                <Coords points="2621,2896 4060,2928 4074,2857 2907,2854 2819,2798 2619,2812"/>
                <Baseline points="2631,2879 2676,2885 2721,2879 2765,2879 2810,2879 2855,2879 2900,2879 2944,2882 2989,2882 3034,2885 3079,2885 3123,2885 3168,2885 3213,2885 3258,2888 3302,2888 3347,2891 3392,2891 3437,2894 3481,2894 3526,2894 3571,2894 3616,2897 3660,2897 3705,2894 3750,2897 3795,2897 3839,2897 3884,2900 3929,2903 3974,2903 4018,2903 4063,2903 4078,2900"/>
                <TextEquiv>
                    <Unicode>aché inen mir etw aa vag, insoweit sie nicht</Unicode>
                </TextEquiv>
            </TextLine>
            <TextLine id="tr_3_tl_11" custom="readingOrder {index:10;}">
                <Coords points="2581,2943 4001,2978 4049,2918 2579,2903"/>
                <Baseline points="2589,2926 2634,2926 2679,2926 2723,2929 2768,2929 2813,2929 2858,2929 2903,2932 2947,2935 2992,2935 3037,2935 3082,2935 3126,2935 3171,2935 3216,2938 3261,2938 3305,2938 3350,2941 3395,2941 3440,2941 3484,2941 3529,2944 3574,2941 3619,2944 3663,2947 3708,2950 3753,2950 3798,2950 3842,2950 3887,2953 3932,2953 3977,2953 4021,2956 4054,2956"/>
                <TextEquiv>
                    <Unicode>indiskutabel sind; xxx</Unicode>
                </TextEquiv>
            </TextLine>
            <TextLine id="tr_3_tl_12" custom="readingOrder {index:11;}">
                <Coords points="2579,2995 4056,3037 4055,2968 3984,2962 2579,2947"/>
                <Baseline points="2589,2977 2634,2980 2679,2980 2723,2980 2768,2980 2813,2983 2858,2983 2903,2983 2947,2986 2992,2986 3037,2989 3082,2989 3126,2986 3171,2986 3216,2989 3261,2989 3305,2992 3350,2992 3395,2992 3440,2992 3484,2992 3529,2995 3574,2998 3619,2998 3663,2998 3708,2998 3753,2998 3798,3001 3842,3001 3887,3004 3932,3004 3977,3004 4021,3004 4060,3004"/>
                <TextEquiv>
                    <Unicode>###</Unicode>
                </TextEquiv>
            </TextLine>
            <TextLine id="tr_3_tl_13" custom="readingOrder {index:12;}">
                <Coords points="2568,3082 4028,3079 3990,3010 2566,2985"/>
                <Baseline points="2577,3034 2622,3034 2667,3031 2712,3034 2756,3037 2801,3037 2846,3037 2891,3037 2935,3037 2980,3037 3025,3037 3070,3040 3114,3043 3159,3043 3204,3043 3249,3043 3293,3043 3338,3046 3383,3046 3428,3046 3472,3046 3517,3049 3562,3052 3607,3052 3651,3052 3696,3052 3741,3055 3786,3052 3830,3055 3875,3055 3920,3055 3965,3058 4009,3058 4033,3055"/>
                <TextEquiv>
                    <Unicode>xxxin Gegenvorschlag:Herr von O.</Unicode>
                </TextEquiv>
            </TextLine>
            <TextLine id="tr_3_tl_14" custom="readingOrder {index:13;}">
                <Coords points="2339,3214 2358,3220 2366,3216 2369,3222 2375,3216 2381,3216 2396,3223 2417,3223 2425,3128 2413,3126 2394,3107 2377,3107 2364,3115 2360,3111 2356,3115 2347,3115"/>
                <Baseline points="2351,3183 2380,3180 2425,3177"/>
                <TextEquiv>
                    <Unicode>P.</Unicode>
                </TextEquiv>
            </TextLine>
        </TextRegion>
    </Page>
</PcGts>
