4469 3992
818 1107 2006 1207 Unverbindlich frage ich ferner bei
518 1182 2013 1248 Ihnen an, welches Honorar die Neue punctschau
546 1247 2066 1311 für eine Novelle zu zahlen in der Lage wäre,
544 1292 1932 1381 die ungefähr den anderthalbfachen Umfang
550 1337 2006 1415 des „Leutnant Gustl“ hat und jn einem Heft
544 1392 1167 1468 erscheinen müsste
944 1471 1622 1575 Herzlichst grüssend
1197 1549 1318 1615 Ihr
519 2673 1337 2803 Herrn S.Fischer,Verlag,
512 2754 789 2867 Berlin.
2470 901 2871 1041 l'esche
3719 933 4097 1052 28.4.1924
2525 1022 2912 1109 le sont aussi une autre même ami
2797 1095 3288 1205 Lieber Freund.
2897 1237 4167 1358 Diesem Brief lege ich den ersten Akt
2758 1303 4110 1413 meines stücks bei als sichtbares. Dhnen
2761 1381 4159 1449 hoffentlich nicht unerwünschtes Zeichen,
2767 1426 4125 1490 dass ich unsere niskussion als erledigt
3761 1471 4163 1549 tück für die
2767 1483 3766 1547 betrachte und Ihnen dieses St
2773 1526 4246 1588 Buchausgabe und mit den bekannten Beschrän
2767 1575 4174 1651 kungen auch für den Bühnenvertrieb über-
2754 1634 3207 1717 geba. Der mir
3200 1624 4061 1702 tel steht noch nicht ganz
3086 1675 3207 1723 G.C.F.S.
2761 1677 4163 1774 legt. Es käme hoch etwa In Betracht: „Die
2761 1736 4097 1796 Komödie vom Verführer' oder, wie es ur-
3853 1775 4042 1836 er Ve
2763 1783 4046 1866 spünglich hiess schlechtweg „Dieser
4059 1772 4263 1842 führe.
2763 1834 4240 1896 der nur für das Thema des Stücks als allzu
2767 1893 4201 1949 ens gefasst erscheint. Der zweite und der
2767 1944 4127 2000 dritte Akt folgen innerhalb acht Tagen.
2763 1989 4091 2061 Ich bitte um möglichste Beschleunigung
2763 2042 4178 2125 des Druckes. Wir werden auch die Exempla
2763 2089 4193 2149 re bald fertig stellen, nur das Erscheinen
2761 2149 4189 2206 bis zum Herbst verschieben. Die Korrektu-
2767 2174 4201 2253 ren werde ich bitte mir aktweise zu schi-
2761 2244 4136 2333 cken möglichst in gleichmässigen Fahnen
3009 2270 4176 2374 je 12 Abzügen. Auch Sie bitte ich
2769 2295 3005 2365 und in
2763 2338 4210 2406 Abzüge in einer gewissen Anzahl bereit zu
2761 2393 4244 2463 halten. Anfragen aus Deutschland und Oster
2763 2448 4174 2508 reich wären dilatorisch zu behandeln, sol
2767 2499 4163 2574 che aus Berlin und dem xxx Ausland diakt
2759 2544 3855 2639 direkt an mich zu überweisen.
3005 2614 4127 2724 Was den Druck anbelangt,so finde
2769 2703 4095 2771 ich den der Gesammelten Werke sehr gut
2763 2748 4195 2826 die Frage wäre nur, ob die Entfernung zwi-
2763 2810 4168 2884 schen den Zeilen nicht etwas vergrössert
2763 2865 4097 2924 werden könnte. Würde das den Preis des
2761 2914 4170 2979 Buches verteuern? Das Stück ist ziemlich
2769 2954 4255 3041 lang, der Ihnen vorliegende erst Akt dürfte
2763 3014 3706 3107 ein Drittel vorstellen.
