4404 3993
1570 280 1653 383 1
3265 862 3634 956 24.5.1924.
2292 811 2748 1029 Fischer
2250 1001 2781 1114 cʼest une autre viele
2474 1124 2984 1251 Lieber Freund.
2770 1235 3945 1376 Ich bitte Sie mir das Guthaben aus
2488 1310 4082 1439 der Auslandsabrechnung von schw. Nrancs 1213 35
2490 1384 3921 1473 an mein Konto in der Eidgenössischen Bank
2496 1449 3231 1558 überweisen zu lassen.
2781 1497 4044 1620 Die Akonto-Zahlung von 1000 Goldmark,
2460 1582 3991 1691 dann die Voraushonorferung für die erste Auf
3241 1626 3961 1727 1000 Goldmark und Vo¬
2833 1657 3162 1717 ins Freie
2496 1661 2843 1745 lage „Weg.
2496 1693 3898 1780 raushonorierung drei Auflagen „Verführer
2502 1723 3981 1828 3500 G.M. bitte freundlichst noch zurückzu-
2490 1796 3933 1897 behalten. In wenigen Tagen werde ichIhnen
2498 1802 4042 1931 schreiben,in welcher Form und an welche Adres
2498 1893 3543 2016 se ich die Auszahlung erbitte.
2785 1953 4058 2084 Da Sie die Ruxukführung des xxxx
2508 2046 4003 2135 dass Drucklegung des „Kerführers“ innerhalb
2502 2096 4003 2183 3-4 Wochen zusagten, erscheint mirnatürlich
2508 2157 3973 2260 das Tempo, in dem ich die Korrekturen zuge-
2510 2199 3981 2290 sandt erhalte, recht mässig. Dererste Aktal
2516 2234 4028 2339 lein hat über 3 Wochen in Anspruch genommen.
2514 2298 3927 2393 Ich habe nun die Gelegenheit zur Vornahme
2514 2361 3955 2436 einiger Korrekturen im Manuscript desdrit¬
2522 2409 3935 2492 ten Aktes benützt, so dass ich den Schluss
2516 2454 3987 2544 des Stückeserst Montag,den 26. anSieabsen
2516 2516 3975 2613 den werde. Ich hoffe nun aberganz zuverläs-
2520 2561 3906 2645 sig, bis spätestens 6.Juni im Besitz der
2520 2619 3933 2712 ganzen vorrektur zu sein. Wäre esmöglich,
2520 2649 4038 2762 dann nachträglich noch einige Fahnenexempla¬
2522 2712 3917 2805 re des Stückes vor endgiltigemÜmbruch zu
2524 2764 3979 2859 erhalten? Wir werden das Buch wohlim Laufe
2528 2829 3927 2902 des Juli fertig stellen können. Ueber den
2490 2831 3995 2972 Titel bin ich noch immer nicht ganz schlüs
2621 2926 3909 3039 g. Es kommt noch in Frage: „Die ewigen
2516 2984 3682 3099 Ströme, „Komödie vom Verführer.
