4414 3975
2294 722 2848 894 Fischer
2276 884 2498 963 décembre.
2709 882 2824 937 de même
3411 836 3739 959 3.8.1925.
2482 1024 3217 1135 Lieber Herr Dr.Maril
2794 1143 3941 1256 Der „Rundfunk“ hat sich wegen des
2458 1202 3973 1301 „Ehrentags“ an mich gewandt.Und zwar kam das
2527 1287 4018 1359 Frau Orloff bat mich um die Erlaubnis den
2442 1281 3910 1402 Ehrentag Tür den Rundfunk vorzulesen.Ich
2442 1374 3959 1471 war einverstanden und ersuchte um Mitteilung
2444 1412 3997 1501 betreffs des Honorars. Frau Orloff konnte mir
2442 1465 3965 1562 darüber selbst nichts sagen,hingegen schrieb
2466 1537 3919 1604 mir der „Rundfunk“, dass er meine Erlaubnis
2444 1560 3927 1667 gern zur Verntnis nehme und dass anläglich
2442 1629 3892 1711 der Vorlesung -vorher sowohl der Titel der
2436 1659 3844 1770 Novelle alsmein Name genannt werden würde
2444 1713 3969 1798 Ich erwiderte darauf, dass ich das als selbst¬
2442 1782 4018 1863 verständlich, aber nicht als Honorar betrachten
2434 1813 4006 1918 könne. Ich forderte 100 Mark. Antwort erfolgte
2432 1875 3925 1954 bisher nicht. Ob Zahlung an die Bank geleis
2434 1928 4024 2033 tet wurde, weiss ich in diesem Augenblick nicht.
2424 1974 4008 2076 Ich will jedesfalls noch einige Tage zuwarten.
2794 2066 4012 2171 Mittwoch reise ich nach Bozen, wahr-
2422 2124 3919 2209 scheinlich Karerse,sobald ich einen festen
2418 2183 3993 2260 Standort habe, verständige ich sie.Bis auf wei¬
2422 2231 4004 2335 teres bitte von meiner Wiener Adresse Gebrauch
2418 2278 2767 2373 zu machen.
2782 2371 3350 2484 Herzlichen Gruss
3004 2442 3111 2527 Ihr
2436 2660 2929 2761 Herrn DrlMaril
2446 2735 3020 2844 S.Fischer,Verlag.
2395 2784 2652 2883 Berlin.
