4441 3944
556 890 1507 1028 und gebundene herzustellen?
825 961 2136 1158 Bald hören sie mehr von mir, für heute
556 1073 1460 1203 nur noch herzliche Grüsse.
1045 1166 1168 1282 Ihr
657 2302 740 2367 G.F.P.
572 2673 688 2742 G.H.F.P.
584 2730 671 2789 G.F.P.
1432 2696 1718 2803 Verlag,
931 2714 1030 2821 ern
592 2773 832 2882 Berlin
2347 702 3263 842 Marie, J. Fischer
3405 799 3801 897 22.10.1927.
2539 984 3442 1126 Lieber Herr Doktor Maril.
3742 1073 4006 1176 G.H.F.P.
2633 1122 4107 1249 Die wachtvorstallungen im Theater
2546 1193 4111 1310 am Zoo, insbesondere aber die Zusammenstellung
2564 1270 4079 1359 Letzte Masken und „Literatur“ mit dem Ana¬
2558 1308 4126 1389 tole inakter „Frage an das Schloksal“ zu Beginn
2961 1369 4065 1456 t übermässig sympathisch. Ich wü
2550 1383 2969 1473 ist mir nich
2558 1422 4077 1497 de solche Vörstellungen nur bei angemessener
2545 1475 4059 1541 finanzieller und künstlerischer Garantie ge-
2552 1515 4071 1600 statten, auch Ankündigung dürfte vorher nicht
2550 1566 4040 1671 erfolgen. Eine Aufführung der „Schwestern
2550 1625 4044 1698 als geschlossene Vorstellung hätte Tür mich
2550 1671 4032 1746 nur dann einen Sichn; wenn das Stück glänzend
2552 1712 4061 1799 besetzt werden könnte und mir damit Aussicht
2556 1773 4050 1846 auf reguläre Aufnahme in das Repertoir eine
2552 1819 4046 1892 Theaters gewährte istet schiene. „Schwestern
2550 1876 4063 1943 sind bisher am Burgtheater (über 25 Mal) in
2548 1915 4034 2000 Deutschland meines Wissens nur in Königsber
2550 1980 4069 2051 und zwar mit sehr ausgesprochenem Erfolg ge-
2552 2016 4067 2099 geben worden. Dass sich keine andere Bühe zu
2550 2055 4101 2172 eine r Aufführung des Stückes entschliesst, ins
2550 2132 4032 2189 besondere keine gute Bühne in Berlin,gehört
2562 2166 4144 2274 a zu den Unbegreiflichkeiten modernen Theater
2546 2229 2905 2312 betrieb es.
2994 2280 3886 2408 Ob eine Graufführung des
2541 2343 2927 2442 zum Weiher¬
2933 2363 4073 2464 in Hamburg für mich irgend einen
2535 2414 4055 2507 Sinn hätte kann ich von hier aus selbstver-
2545 2472 4067 2550 ständlich schwer beurteilen. Könnten Sie mir
2535 2531 4057 2639 nicht Mitteilungen über die Personalverhält-
2539 2582 3673 2700 nisse bei Ziegel zukommen lassen.
2975 2681 4069 2758 Die Theaterabrechnungen werden
2562 2748 3979 2825 a immer kläglicher. Welch ein Glück, dass
2545 2771 4083 2892 Ich einmal.Anatols Hochzeitsmorgen geschri-
2529 2842 2876 2947 ben habe.
2980 2878 3671 2994 Herzliehst grüssend
2533 3024 3266 3154 Herrn Dr. Konrad Maril
