4451 3976
394 1025 2073 1213 weitig verwendet. Und so lange die Autoren weiter
402 1088 2065 1275 so machtlos sind wie jetzt und nicht automatisch
438 1152 1994 1298 eine Sperrung des Theaters eintritt,das seine
419 1188 2063 1371 Verpflichtungen gegen die Autoren nicht erfüllt,
452 1244 2048 1421 und so lange die Unterschlagung der Autorantan
421 1311 1934 1471 tiemen nicht durch eine diffamierende strafe
463 1346 2077 1529 geahndet wird, (allerdings,was ist heute diffa-
417 1396 2052 1582 mlerend?) kann es nicht besser werden. Denn vor
433 1450 2019 1634 läufig ist es den Direktoren eben allzu leicht
436 1507 1923 1680 gemacht vor allem und manchmal nur den Autor
440 1563 2009 1734 den schlechten Geschäftsgang entgelten zu las-
754 1715 1971 1865 Wie wird es denn mit den gebundenen
436 1723 598 1811 sen.
1602 1736 2115 1852 inrung stehen?
1500 1790 1611 1842 of the
783 1807 1613 1905 von der „Komödie der Wir
461 1798 2119 1984 Wenn es möglich ist möchte ich eine ganze Anzahl
494 1861 2096 2040 der neulich notierten Freiexemplärlinge mit ge-
492 1832 731 1946 Exempla
469 1919 2025 2113 bundenen Exemplaren versehen wissen,vor allem
506 1942 2105 2136 die durch Kreuzel gekennzeichneten. Ebenso wür-
475 2017 2134 2180 de ich bitten die für mich persönlich bestimmten
469 2117 1527 2265 Exemplare gebunden abzusenden.
961 2167 1921 2303 Mit verbindlichsten Grüssen
1181 2207 2015 2353 Ihr aufrichtig ergebener
544 2661 1769 2840 Herrn Dr.K.Maril.S.Fischers,Verlag,
519 2826 894 2953 Berlin. W.
3588 865 3967 1013 9.10.1924.
2546 821 2942 1013 Fischer
2567 1096 3076 1188 Lieber Freund.
2794 1196 4013 1321 Sie erhalten heute ein Exemplar der
2953 1240 4149 1371 er Verführung“ mit den Burgtheater-
2584 1296 4122 1429 strichen. Wie schon neulich erwähnt bitte ich
2588 1304 2963 1384 „Komödie de
2584 1348 4190 1498 Sie mir recht bald dieses und ein zweites eben
2584 1404 4193 1550 so eingerichtetes freundlichst schicken zu wol-
2584 1517 2740 1588 len.
2865 1536 4213 1671 Könnten Sie mir von dem Neuen rundsohm
2584 1632 4088 1734 Heft, in dem „Fräulein Else“ erschienen ist,
2594 1680 4067 1773 noch zwei Exemplare schicken. Ich habe bis
2588 1750 3386 1863 her nur eines erhalten.
2917 1792 4218 1948 Ich habe das holländische Uebersetzung
2598 1873 4199 1988 recht der „Komödie der Verführung“ Frau Bertha
2638 1938 4120 2061 Brevée, Osterbeck,bei Arnheem,Bekof,erteilt.
2603 1967 4172 2103 Wird ein Vertrag durch den Verlag Fischer di-
2609 2007 4170 2140 rekt oder durch Ihren holländischen Vertreter
2617 2069 4211 2203 geschlossen? Garantie wird in diesem Fall keine
2615 2134 4132 2250 verlangt. Die vertigstellung der Uebersetzung
2611 2178 4211 2303 müsste spätestens 31.Januar?1925 erfolgen,wenn
2615 2223 4149 2344 keine veröffentlichung,resp. keine Aufführung
2611 2280 4074 2396 bis zum 30.Juni 1926 erfolgt ist, fiele die
2621 2340 3838 2461 Autorisation wieder an mich zurück.
2926 2436 4092 2557 Aus Italien haben sich wieder die
2617 2478 4153 2601 Herren Louis Now & Eurico Raggio, Rom, via Mar
2626 2532 4186 2673 gutta 53 B,mit denen Sie seinerzeit über „Ana
2659 2603 4126 2696 ol verhandelten,wegen meines neuen etücks
2642 2644 4128 2757 (das sie nicht kennen) an mich gewendet. Sie
2630 2678 4163 2803 möchten macheter les droits pour 1 stalie et
2663 2744 4180 2857 encore plus conclure un contract pour toutes
2638 2788 4170 2901 les pieces pas encore représenter en Intalie
2636 2838 4170 2961 etc. Sie schliessen: „Nous pourrions établir
2642 2878 4199 3013 une chiffre a valoir a forfait pourvu qu elle
2644 2942 4176 3067 soit moderer. Haben Sie irgend welche Erfah
2644 2990 4176 3111 rung mit dieser Firma gemacht? Ich habe noch
2636 3042 4142 3194 nicht geantwortet. Vor wenigen Tagenwar auch
