4425 3994
3510 685 3659 789 &c.
2259 779 2768 1005 Fischer
3364 903 3730 1017 15.7.1926.
2284 997 2502 1082 au moins ou trois moins
2670 997 2782 1060 Herrn
2400 1104 3071 1224 Lieber Herr Doktor.
2668 1267 4009 1348 Der Aufsatz ist so in sich geschlossen,
2365 1336 3996 1397 dass eine veröffentlichung einzelner Teile sich
2371 1379 3966 1452 in keinem Fall empfehlen wird. Dass eine Vor-
2373 1442 3958 1505 veröffentlichung schx von Nachteil sein könn-
2373 1497 3929 1548 te, halte ich schon deswegen für unwahrschein-
2373 1535 3988 1609 lich, weil ja nach meinen bisherigen Erfahrungen
2384 1599 3925 1653 (die sich allerdings nur auf Belletristisches
2908 1641 3852 1723 orabdruck in der Neuen Rund-
2367 1645 2914 1716 beziehen) ein Vo
2361 1688 3823 1755 schau den geschäftlichen Chancen des Buch¬
2365 1745 3884 1804 nur nützlich zu sein schien (übrigens ist ja
2365 1790 3899 1857 bei einem solchen essayistischen Versuch von
2371 1849 3962 1902 vornherein nicht an einen besonderen Gewinn zu
2367 1883 3994 1967 denken. Immerhin ist zu überlegen, ob ich nicht
2361 1950 3986 2011 auf den Vorabdruck überhaupt verzichten und das
2355 2001 3895 2060 Erscheinen als Büchlein oder Broschüre schon
2361 2044 3799 2111 für den Herbst in Aussicht nehmen sollte,
2365 2087 3854 2176 Nun Sie erhalten ja das Manuscript bald und
2359 2160 3262 2241 wir sprechen noch darüber.
2707 2215 3891 2296 Und weil wir gerade von beschäften
2361 2290 3884 2359 reden -darf ich auf haldige Bebersendung der
2666 2339 3921 2451 einung des ersten Halbjahres rechnen?
2359 2349 2674 2447 Buchabrec
2666 2398 2876 2455 de mes mauvais.
3171 2400 3624 2461 cʼest avec M. A. rue de ses
2705 2418 3886 2512 Ferner daff ich Sie um die Adresse
2355 2491 3913 2558 von Leo Greiner ersuchen? (der über die Traum-
2363 2542 3909 2613 novelle ganz besonders fein geschrieben hat).
2361 2593 3925 2689 Ich denke, die Novelle geht gut? Alles, was ich
2359 2646 3823 2731 darüber bisher las, dürite wohl dem Verkauf
2349 2713 3407 2805 ###dux förderlich gewesen sein.
2790 2770 3482 2888 Herzlichst grüssend
2943 2855 3073 2935 Ihr
2524 2981 2890 3081 Herrn Dr. Maril
2349 3032 3197 3150 S.Fischer,Verlag,Berlin.
