4362 3976
371 1051 1842 1158 Worte“. Da nun Richter und Sismonde mit Ih
371 1105 1762 1211 nen bereits in geschäftlicher Verbindung
378 1173 1761 1262 stehen,, Prof. Nichter überdies durch mich
382 1221 1774 1323 von Ihren Absichten informiert ist, einen
380 1270 1785 1375 generalvertrag mit Italien zu schliessen,
378 1321 1806 1420 so glaube ich, dass es nicht schwer fallen
380 1356 1865 1464 wird zu einer Einigung zu kommen. Vielleicht
380 1420 1869 1521 liesse sich ein solcher Geners vertrag als
380 1466 1867 1563 eine Art Optionsvertrag abschliessen in dem
380 1529 1730 1635 Sinne, dass Ihr Kontrahent -also Ompteds
395 1555 1840 1690 in diesem Falle - nur ein Vorrecht auf die
388 1639 1812 1743 in Ihrem Verlag erschienenen und noch er¬
388 1685 1742 1789 scheinenden Werke besässe,Sie resp.Ihre
386 1715 1819 1856 Autoren doch immer freie Hand in Hinsicht
390 1770 1880 1905 auf jene werke behielten, für die Anbote von
388 1837 1751 1956 anderer Seite vorliegen und für die Ihr
392 1905 1821 2002 Kontrahent zu tun nichts in der Lage ist.
738 1970 1787 2103 Herrn Salter habe ich direkt g
394 2038 1829 2160 antwortet,da er sich schon vorher an mich
397 2095 1856 2207 gewandt hatte. Es ist immer etwas seltsam,
401 2148 1856 2270 dass in solchen Fällen das Filmunternehmen
409 2171 1899 2306 auf das es doch vor allem ankommt, überhaupt
409 2242 1812 2354 nicht genannt wird. Seine Bedingungen wä-
409 2295 1897 2409 ren ja diskutabel,so lange es sich nicht um
407 2342 1837 2453 Amerika und England handelte. Keinesfalls
411 2403 1818 2517 das schrieb ich ihn auch - ver handle ich
418 2453 1947 2569 weiter mit ihm, ehe ich weiss, um welches Film-
407 2532 1382 2612 unternehmen es sich handelt.
1261 2548 1574 2633 aaeA.A.S.
677 2618 1308 2721 Herzlich grüssend
939 2686 1048 2764 Ihr
418 2972 793 3084 Hern Dr. Ma
433 3040 1017 3141 c.Fischer,Verlag
424 3109 690 3190 Berlin.
3291 800 3662 922 14.1.1926.
2154 732 2650 960 Fischer
2470 1025 2970 1135 Lieber Freund.
2789 1145 3913 1245 Vor wenigen Tagen habe ich durch
2470 1226 3920 1323 die Freundlichkeit von Frau Dora Michaelis
2481 1272 3911 1378 die Fahnenkorrakturbogen der „Traumnovelle“
2479 1318 3970 1420 an Sie absenden lassen udd hørle Sie finden
2479 1378 3939 1472 bald einmal Zeit zur Lektüre. In der Dame
2472 1439 3896 1527 wird die Novelle wohl noch durch 4-5 Num-
2481 1515 2867 1614 mern gehen.
2821 1550 3901 1665 Heute sende ich auch die Korrek
2491 1656 3879 1736 tur meines Strücks „Der Gang zum Welher“.
2489 1696 3869 1780 Einige nicht unerhebliche Veränderungen,
2487 1743 3869 1837 finden sich hauptsächlich am Schluss des
2536 1793 3879 1905 ünften Aktes. Im übrigen vergass ich im
2489 1850 3776 1941 Titel die Veränderung xxxxxxxkxx von
2483 1888 3846 1987 Schauspiel in „Dramatische Dichtung“ vor
3601 1935 3937 2019 richtigere
2496 1949 3546 2032 zunehmen was mir und Andern die
2494 1989 3932 2088 Bezeichnung für mein Werk zu sein scheint.
2485 2055 3903 2154 Darf ich bitten, das nachtragen zu lassen.
2863 2107 3776 2198 Anfangs Februar dürfte ich
2494 2160 3907 2255 wohl nach Berlin kommen.Unter andern we-
2498 2211 3909 2310 gen des Abends im Reichstag,an dem Elisa-
2491 2264 3882 2373 beth Bergner „Fräulein Else“ und ich vo¬
2496 2320 3890 2432 raussichtlich den „Zeuthant Custl“ lesen
2496 2407 2717 2498 werde.
2871 2434 3890 2584 Also hoffentlich bald auf ein
2494 2519 3135 2641 gutes Wiedersehen.
2804 2595 3797 2734 Mit den herzlichsten Grüssen
3230 2685 3333 2770 Ihr
