4269 3994
320 906 1791 1065 diesen warkt einigermassen verstopfen war-
324 981 1700 1104 den und es wäre vielleicht doch geschäft-
329 1024 1755 1169 lich aussichtsvoller gewesen den übel aus-
329 1092 1771 1214 sehenden Kriegsausgabenrest einzustampfen,
335 1136 1820 1263 um den augenblicklichen Verlust durch einen
337 1177 1751 1318 vorraussichtlich umso günstigeren Verkauf
335 1234 1749 1373 einer anständigen neuen Ausgabe bald wie-
341 1328 1041 1428 der hereinzubringen.
690 1365 1698 1506 Die Rötter'schen Aufführungen
351 1434 1822 1573 liegen nicht so weit zurück als Sieglauben.
351 1481 1789 1620 Die des „Märchen“ 2-3,die anderen 5-6 Jah
367 1540 1779 1669 re. Aber Sie haben ganz Recht: gegen even
363 1587 1814 1726 tuelle Nachprüfungen wird wohl Vorsörge ge¬
365 1695 814 1789 troffen sein.
698 1704 1849 1847 Mein Telegramm. den Antrag des Ham¬
367 1791 1710 1922 burgger Schauspielhauses „Gäng zum Weiher
375 1840 1849 1971 betreffend haben sie wohl erhalten. Es wäre
377 1885 1783 2026 mir natürlich ganz interessant zu wissen,
382 1946 1795 2073 ob dort überhaupt Besetzungsmöglichkeiten
382 2002 1726 2122 bestehen. Im übrigen bin ich jedesfalls
379 2030 1806 2173 der Ansicht,dass es wenig Sinn hat ein Ur¬
386 2097 1763 2218 aufführungsrecht auf so lange Sicht ohne
392 2146 1738 2301 ganz beträchtliche materielle und künst
396 2199 1734 2326 Terische Sicherstellung aus der Hand zu
394 2232 1855 2373 geben. Ein wirkliches Interesse scheint je-
396 2287 1871 2434 doch auch bei Saltenburg nicht vorhanden zu
394 2338 1865 2475 sein, vom Deutschen Theater gar nicht zu re-
396 2387 1838 2530 den, es ist freilich bequemer wieder einmal
398 2442 1840 2571 den „Anatol oder den „Bernhardi“ oder die
410 2501 1785 2622 „Liebelei“ oder „Literatur“ zu geben, als
404 2546 1785 2683 etw as Neues zu versuchen.worauf man noch
404 2573 1851 2732 dazu einige Sorgfalt aufwenden müsste, aber
408 2661 1791 2771 wir oder wenigstens meine Stücke haben ja
396 2763 596 2836 Zeit.
753 2803 1779 2920 Hinsichtlich „Spiel im Morgen-
445 2854 1785 2973 rauen habe ich wieder mit dem Pantheon-
428 2938 1389 3058 verlag Ungarn abgeschlossen.
765 3026 1475 3128 Mit herzlichem Gruss
763 3107 902 3199 Ihr
2159 751 2991 914 sischer, Beilag
3350 767 3705 886 18.6.1927.
2646 877 3093 977 au moins ou le dernier ou de ses
2383 1010 3095 1128 Lieber Herr Doktor
2742 1110 3875 1236 Ich danke Ihnen vielmals für Ihre
2395 1200 3940 1302 bisho rigen freundlichen Bemühungen in Angele-
2403 1249 3881 1357 genheit des Donath schon Stückes, ebenso für
2403 1292 3911 1406 die Erledigung der Angelegenheit constantin.
2750 1369 3938 1483 Was den „Gangzum “Kaihar“ anbelangt,
2403 1438 3852 1542 so käme Hartung nach seinen künsterlischen
2408 1485 3985 1593 Antecedentien so wiss in Betracht, vorausgesetzt
2401 1555 3870 1651 dass er das Stück anständig zu besetzen im-
2406 1581 3883 1696 stande sein sollte. Herr Tager, so weit ich
2408 1647 3779 1746 über ihn und sein Theater Informiert bin
2406 1667 3852 1798 scheint mir, auch wenn Frau Kinz bei ihm
2404 1747 3958 1859 gagement nehmen sollte, absolut nicht der rich
2412 1797 3885 1891 tige Mann gerade für dieses Stück weder als
2404 1877 3377 1975 Regisseur noch als Direktor.
2756 1910 3846 2038 An Herrn Stockton werde ich per-
2412 2006 3821 2095 sönlich schreiben und Ihn an den Londoner
2404 2071 3205 2151 Curtis Brown verweisen.
2756 2108 3956 2226 Hat sich ein Dr. Beuno Adler, Berlin
2505 2134 2773 2201 du feuilleur de ses
2408 2169 3924 2297 Halensee, wegen der Aufnahme einer meiner No-
3607 2210 3924 2308 Ehrentag
3160 2232 3579 2324 Anzerin oder
2926 2267 3932 2389 band,Bücherei „Her Ring“ gewas
2414 2252 3152 2350 vellen „Griechische T
2422 2316 2865 2399 in einem Samm
2440 2357 2997 2461 an Sie gewende t?
2789 2412 3566 2526 Mit herzlichen Grüssen
2795 2497 3424 2601 Ihr sehr ergebener
2418 2818 3205 2954 Herrn Dr. Konrad Maril,
2442 2916 3038 3001 Fischer,Verlag,
2428 2985 2693 3067 Berlin.
