4335 4007
292 1095 546 1188 zahuldig
186 1141 1751 1228 meine Schuld, dass mir die Valiten nicht gleich
203 1222 1789 1309 im Original berechnet und ausgezahlt worden sind
191 1268 1738 1338 Es wäre wahrhaftig die höchste Zeit, dass diese
197 1323 1762 1391 Angelegenheit endlich erledigt wird. Damit, dass
199 1378 1743 1444 Sie bereit sind mir auch auf diese verspäteten
203 1425 1728 1506 valutazahlungen eine Akontozahlung zu leisten,
199 1461 1671 1539 ist mir nicht gedient. Mir kommt es vor allem
195 1516 1760 1584 auf die ziffermässige endgültige Erledigung an.
203 1571 1762 1628 voh konstatiere, dass mir an weiteren Vorauszah-
197 1618 1673 1673 lungen seit Oktober am 6.11. 400 Milliarden
191 1675 1787 1734 am 6.11. 21 Milliarden, 9.11.10 Billionen,am 20.
199 1719 1732 1808 11.38,3 Billionen (zusamen also etwa 50 Cold-
199 1774 1785 1838 mark ) und am 15.12. 750 Goldmark überwiesen wor-
199 1817 1738 1880 den sind, so dass die Gesammtsumme die ich bis
195 1863 1734 1948 her vom verlag Fischer im ganzen Jahr 1923 er-
191 1912 1666 1984 halten habe für Bücher noch keine 2000 Gold-
191 1978 1749 2035 mark beträgt. Es kommen dazu nur einige Millio¬
195 2022 1686 2082 nen österreichischer Kronen. Ich ersuche also
326 2073 1732 2153 um Klarstellung und Erledigung unserer Ab¬
205 2071 311 2132 1.
195 2124 1762 2183 rechnungen mit le sonderer Berücksichtigung xxx
191 2177 1762 2230 der auf mich entfallenden Valuten, ferner um si-
191 2206 1766 2270 ne den tatsächlichen Verkaufsverhältnissen sich
197 2264 1794 2323 irgendwie annähernden Akontozahlung für Deutsch-
191 2314 1762 2376 land und Oesterreich und zwar Ihrem Vorschlag
191 2369 1766 2431 mäss in österreichischen Kronen für Oesterreich
195 2422 1332 2505 und in Markscheck für Deutschland.
529 2480 1762 2588 Warum Sie nicht unseren Vertrag ühnxx
191 2558 1688 2626 soweit er sich auf meine bisherigen Werke be-
195 2611 1690 2672 zieht genauern wollen, istvmir nicht ganz ver¬
195 2645 1717 2725 ständlich. Sie sagen eine Neuformulierung wäre
193 2710 1719 2774 nicht notwendig,es würde genügen die von Ihnen
186 2763 1658 2829 notierten Punkte als Nachträge hinzutungerem
205 2810 1679 2878 Vertrag hinzuzufügen. Aber von diesem Vertrag
155 2846 1690 2918 bsteht ja in Wirklichkeit nicht mehr ein xxx
188 2905 1749 2981 Parograph zurecht. Die Perzente waren In diesem
188 2967 1692 3020 Vertrag auf 25% festgesetzt. Diene 25% haben
182 3000 1698 3079 sich im Laufe der Zeit auf 20, auf 15. auf noch
152 3068 1633 3130 weniger verringert. In diesem Vertrag heisst
174 3089 1719 3212 es, dass das Honorar für alle gedruckten Aufla¬
3896 915 4133 1048 8 1/12 4
2149 957 2266 1071 F.
2344 1086 3958 1205 gen bar vorauszuzahlen ist. Wie lange Zeit das
2346 1188 3828 1262 schon nicht geschieht, wissen Sie selbst am
2344 1220 4027 1294 besten, lieber Freund. Nach § 5 würden diese Ver-
2376 1283 4040 1364 tragsbestimmungen unter Aufhebung aller bisheri-
2338 1315 3875 1410 gen Verträge auch für alle zukünftigen Werke
2344 1402 3856 1465 gelten, die ich dem Velag Fischer übertragen
2329 1438 2579 1531 sollte.
2607 1537 3958 1647 Sie sagen, dass ich mit den Abänderungen
2329 1582 3960 1679 die Sie mir im Laufe der Jahre (stets zu meinen
2329 1645 3905 1747 Ungunsten) vorschlugen, mich stets einverstan-
2338 1702 3972 1796 den erklärt hätte. Sehr richtig. Aber was hättet
2401 1751 3913 1832 h tun sollen? Sie verhehlten mir keineswegs
2329 1800 3939 1861 dass Sie zu diesen Abänderungen durch die Ver¬
2331 1851 3996 1942 hältnisse gezwungen seien, dass Sie einfach nicht
2331 1908 3996 2001 in der Lage wären meine Werke weiter zu drucken,
2331 1969 3907 2037 wenn ich die Abänderungen,die Herabsetzungen
2314 2012 3896 2094 meiner Trinti Autorenhonorare, nicht gut hiesse
2323 2037 3958 2141 Ich will nicht davon sprechen,wie oft -: selbst-
2355 2115 3962 2194 serständlich unter der Forces majeure - gewisse
2325 2153 3998 2240 ungeschriebene, sich von selbst verstehende Para¬
2323 2225 3831 2300 graphen unseres Vertrags durch sie verletzt
2325 2274 3852 2336 wurden, wie häufig viele meiner Werke auf dem
2323 2306 3998 2399 Büchermarkte fehlten,wie mangelhaft organisiert
2333 2369 3888 2452 (nicht nur unter dem Druck der force majeure)
2314 2418 3981 2505 der Vertrieb meiner (und nicht nur meiner) Werke)
2312 2471 3998 2566 xxx sich gestaltet hat,nicht davon, dass sogar
2310 2539 3879 2609 meine Gesammtausgabe nicht zu beschaffen war,
2319 2575 3960 2655 und dass gerade zur Zeit meines 60. Geburtstages
2314 2628 3994 2719 dieser vertrieb, jaxangxxx
2283 2672 3839 2768 xxxagaxxxx alles zu wünschen übrig
2310 2721 3962 2825 liess, ja dass die neue Gesammtausgabe durch den
2317 2778 3896 2861 Streik (mit dessen Möglichkeit man wohl hätte
2314 2831 3987 2916 bis zu einem gewissen Grade rechnen künnen) nicht
2310 2890 3958 2969 fertig gestellt war. Ja. Sie hatten mit grossen
2308 2939 3989 3013 Schwierigkeiten zu kämpfen. Aber es geht deswegen
2308 2981 3991 3089 doch nicht an, dass die notgedrungene Nachgiebig-
2312 3036 3856 3125 keit Ihrer Autoren, die Ihre Verfügungen, wenn
2306 3104 3852 3170 auch nicht immer ruhig, so doch, zum mindesten
2306 3144 3852 3229 was mich anbelangt, ohne jeden Versuch einer
2300 3185 3998 3310 Gegenmassnahme ohne sich ihrerseits für eventuel¬
