4443 3960
470 933 1972 1096 natürlich keine weiteren Rechte als die zum
470 1056 1502 1172 Abdruok in der.Dame besitzt.
685 1139 1921 1232 Uebrigens lasse ich Ihnen resp. Herrn
493 1187 2003 1293 Fischer die Novalle, die in einem Fannenabzug
485 1244 1927 1342 der sich augenblicklich in Berlin befindet
489 1287 1982 1393 zugehen, in gegenseitiger Unverbindlichkeit,
485 1354 1905 1436 das Arscheinen kann ja keinesfalls vot Ab-
485 1377 1954 1493 lauf einiger Monate von heute an gerechnet,
491 1467 1146 1577 in Betracht kommen.
683 1526 1841 1649 Die Uebersendung der „Weiher“ -Kor
620 1596 1986 1682 verzögert sich, weil ich doch, insbesonde -
563 1637 1993 1727 Im (jetzigen) fünften Aufzug einige recht
493 1698 1995 1788 erhebliche Veränderungen vornehme, hauptsäch-
493 1753 1894 1843 lich in der Versefikation. Doch hoffe ich
489 1798 1901 1896 Ihnen das Ganze in 8-10 Tagen schicken zu
489 1847 1966 1948 können, werde dann natürlich auch die umbro-
491 1903 1921 1999 chene Korrektur noch einmal durchsehen. An-
487 1956 1900 2058 fragen von Direktionen sind am besten mit
485 1993 1929 2095 folgenden wenigen Zeilen zu erledigen: „Das
485 2058 1823 2144 neue Stück von A.S. ersohe int vorläufig
491 2085 1982 2197 nicht im Bühnenvertrieb, sondern nur im Buch-
491 2168 1991 2246 handel und sind auf diesem Wege zu beziehen.
497 2205 2005 2308 Biraktinnen Ansichtsendangen von sogenannten
493 2250 2011 2349 Bühnenexemplaren erfolgen daher nicht. Direk-
499 2314 1980 2406 tionen, die nach erfolgter Lektüre das Stück
497 2355 2021 2457 zu erwerben wünschen, mögen sich mit dem Thea-
491 2404 1903 2545 terverlag S.Fischer in Verbindung setzen.
694 2508 1399 2641 Mit herzlichen Gruss
980 2586 1097 2651 Ihr
788 2760 957 2866 r.Mar
503 2795 1338 2958 s. Fünädnder, Verlag, Berlin.
2348 677 2915 888 Fischer
3384 782 3738 904 9.1.1926.
2784 869 2905 941 G.C.F.P
2606 1000 3283 1113 Lieber Herr Doktor.
3118 1080 4002 1180 Wie würde der Generælver-
3212 1133 4040 1240 Ompteda ungefähr lauten?
2608 1156 3218 1258 trag mit Herrn v.
3136 1217 3218 1252 t
2588 1191 4057 1303 Weiches wären eigentlich seine Verpflich-
2617 1270 4046 1344 tungen? Meine -und ich kann wohl sagen ä
2608 1315 3997 1403 unsere Erfahrungen hakanktakax sprechen
2606 1360 4067 1440 wohl im Allgemeinen dafür, dass bel solchen
2608 1410 4096 1489 Generalverträgen für die Autoren nicht viel
2606 1483 4102 1549 herausschaut man ist dann irgend einen Agen
2612 1528 4094 1592 ten gebunden, ohne dass dieser zugleich auch
2600 1557 4136 1647 die Verpflichtung übernimmt sich für die Wer¬
2606 1632 4092 1704 ke, auf die er gewissermassen die Hand legt,
2598 1669 3991 1753 werktätig zu interessieren. Bestenfalls
2612 1714 4112 1808 offeriert er eine oder das andere stück ein
2608 1778 4124 1868 oder dem andern Direktor,öfter noch lässt er
2606 1837 4014 1901 den direktor einfach an sich herankommen,
2602 1890 4034 1966 niemals beinahe macht er sich mit dem Ge¬
2606 1927 4065 2005 sammtwerk eines Autors vertraut, für dessen
2608 1988 4020 2066 Verbreitung und geschäftliche Verwertzung
2606 2036 4055 2105 er sich einzusetzen hätte und andererseits
2606 2072 4181 2156 ist es wieder sein Recht (das ist ja schliess
2606 2138 4134 2209 lich der sinn des Generalvertrages) Möglich-
2606 2195 4071 2261 keiten der Aufführung und des materiellen
2614 2242 4063 2308 Verdienstes, die sich dem Autor von anderer
2606 2283 4051 2361 Seite eröffnen mögen, zu sabotieren, (wobei
2604 2314 4153 2420 keineswegs böser Wille mitspielen muss. Darum
2608 2402 4071 2463 also frage ich, welches sind die Verpflich-
2612 2439 4094 2512 tungen, xxxxxxakxxx die Herr Ompte-
2612 2492 4020 2565 da, welches sind diejenigen, dies der Verlag
2608 2549 4061 2621 Fischer Übernimmt und welche Rechte stehen
2608 2606 4012 2705 auf beiden Seiten diesen Verpflichtungen
2608 2659 2970 2752 gegenüber?
3114 2700 4040 2829 Herr Prof Richter interes-
2602 2801 4024 2880 siert sich, wie ich Ihnen schon neulich ge
2606 2852 4024 2952 schrieben habe vorzugsweise für -Einsamer
2612 2899 4030 3026 Weg,-Lebendige Stunden und „Komödie der
3791 2948 3914 3020 c. p.
