4352 3960
209 933 1841 1087 am 16. in St.Gallen, Notarkeerkt: 19. Zürich,Hotel
213 1065 571 1163 Gottharet.
561 1152 1427 1285 wit verbindlichen Grüssen
715 1234 1390 1362 Ihr sehr ergebener
967 1793 1079 1868 Bouwes
967 2201 1061 2309 G.F.P.
350 2199 600 2335 G.C.H.F.P.
285 2561 789 2652 Frau Rosenbaum
262 2620 870 2732 VS.Fischer,Verlag,
285 2691 543 2787 Berlin.
2148 681 2614 898 Fischer
3244 801 3587 921 7.2.1925.
2413 1000 3187 1122 Verehrter Herr Doktor.
2772 1169 3888 1252 Io bin vollkommen einverstanden
2413 1211 3955 1303 mit Hartungs Vorschlag an Stelle der „K.d.V.
2427 1289 3898 1360 irgend ein anderes meiner Stücke in seinen
2411 1350 3913 1406 Spielplan aufzunehmen,ohne dass es mir ein-
2411 1382 3963 1459 fiele darauf zu bestehen. Das Richtigste wäre
2409 1453 3900 1506 wohl, dass Hartung selbst eines jener Stücke
2409 1498 3913 1563 wählte, das seinem Geschmack am ehesten ent-
2411 1541 3843 1604 gegenkommt. Ich für meinen Teil könnte mir
2409 1602 3913 1656 denken, dass der Zyklus der „Lebendigen Stun
2409 1652 3866 1728 den,eventuell auch der „Marionetten“-zyk-
2411 1707 3904 1760 Ius („Puppenspieler“,“Cassian „Wurstl“) ihn
2402 1746 3772 1835 als Regieaufgabe interessieren würden;-
2409 1780 3870 1864 „Beatrice“, „Medardus „Schwestern kommen
2404 1837 3949 1923 wohl als zu kostspielig und zeitraubend nicht
2404 1894 3862 1953 in Betracht. Die Ansicht Hartungs,dass das
2411 1947 3933 2008 Stück hier in Wien keinen Erfolg gehabt hät-
2404 1998 3931 2061 te möchte ich dahin richtig stellen, dass ein
2404 2049 3825 2106 Teil der Presse selbstverständlich,wie es
2402 2096 3925 2179 bei meinen stücken ganz regelmässig der Fall
2402 2152 3911 2217 ist, mit den üblichen Albernheiten und Verlo-
2404 2205 3795 2270 genheiten insbesondere moralischer Natur
2398 2256 3880 2317 pünktlich zur Stelle war, dass der Kassener-
2392 2307 3728 2368 folg aber sich auf beträchtlicher Höhe
2392 2354 3793 2417 hielt und dass das Stück auch heute noch
2390 2406 3831 2469 seine Schuldigkeit tut. Auch in Wiesbaden
2390 2455 3917 2528 der ei nzigen Stadt meines Wissens, die ausser
2392 2510 3809 2573 Wien sich an die Komödie he rangewagt hat,
2392 2569 3817 2634 scheint sie beim Publikum Anwert gefunden
2396 2618 3809 2689 zu haben. Trotzdem kann ich es vollkommen
2384 2642 3911 2738 verstehen, dass sich Hartung auf einen Kampf
2380 2711 3866 2778 mit den Cölner Skaudalmachern nicht einlas-
2384 2778 3734 2837 sen wollte, insbesondere da er, wie er ja
2380 2799 3878 2894 selbst sagt, nicht in der Lage gewesen wäre
2425 2868 3845 2947 (welcher Direktor ist es wohl heute?) das
2378 2921 3913 3010 schwierige Stück in allen Partien richtig zu
2835 2974 2976 3047 l e de
