4414 3975
368 1007 1925 1093 falls immer wissen,wo Sie sich aufhalten, ich
379 1076 1921 1178 würde mich sehr freuen Sie und die Ihren noch
376 1135 1376 1225 vor dem Herbst wiederzusehen.
879 1209 1848 1341 Mit den herzlichsten Grüssen
1009 1282 1138 1386 Ihr
641 2719 1441 2843 Herrn S.Fischer,Verlag,
360 2782 629 2869 Berlin.
3417 248 3586 378 1
2275 751 2715 889 Rscher
3175 779 3555 881 30.7.1925.
2670 873 2790 938 G.C.F.P.
2554 979 3058 1085 Lieber Freund.
2804 1146 3946 1249 Ich sende Ihnen hier die Illustra
2483 1186 3189 1298 tionen zum Leutnant
3358 1205 3850 1292 die nun ein
2481 1213 4011 1345 Viertel Jahrhundert xxx sind.Ich glaube, dass
2458 1296 3948 1390 es sich sehr empfehlen und lohnen würde die
2456 1369 4007 1437 neue Außage wieder illustriert herauszugeben
2454 1414 4007 1496 und diese Illustrationen, deren künstlerischer
2446 1459 3883 1534 Wert ungleich ist, die aber heute geradezu
2442 1508 3919 1581 kulturhistorisch Interessieren würden, dazu
2442 1565 3970 1658 zu verwenden. Uebrigens finde ich einige von
2446 1624 3909 1699 den Bildern ganz vorzüglich und sie wurden
2440 1675 3978 1762 zugleich einen Schmuck des kleinen Werkes be
2440 1713 3990 1787 deuten. Ich habe die geeignetsten mit 1 resp.
2438 1762 3991 1854 2 roten Kreuzen versehen. Als Titelbild könnte
2434 1817 3958 1893 man ja das gleiche wie seinerzeit verwenden.
2440 1870 3936 1939 Iehb hoffe Sie mit meinem Vorschlag einver-
2428 1927 3948 1988 standen. In der Ankündigung der neuen Auflage
2432 1964 4011 2055 könnte ja auf den gewissermassen „historisehed
2436 2017 3919 2098 Wert der Illustrationen hingewiesen werden.
2426 2067 3940 2175 Die Bilder erbitte ich in jedem Fall seiner
2422 2118 2851 2204 ze it zurück.
2829 2194 3535 2320 Mit herzlichem Gruss
3126 2281 3209 2354 I h I
2438 2588 3435 2721 Herrn S.Fischer,Bad Gastein.
