4454 3993
3194 931 3541 1048 1.3.1924.
2440 1214 3124 1316 Sehr verehrter Herr
3116 1198 3411 1277 Creiner
3114 1238 3451 1341 du moins de ses
2798 1347 3808 1433 Da es ja nun erlaubt ist auch
2440 1413 3806 1501 fremde Valuten einer deutschen Bank zu
2448 1464 3883 1541 Überweisen, so wäre es wohl das Einfachste
2452 1525 3869 1589 Sie hinterie ten gelegentlich die kleinen
2446 1562 3998 1656 Beträge (schweizer Frcs. 19,30, schwed.Kr.40,
2471 1625 3906 1681 norw. Kr.30 und österr.Kr.200.000) bei der
2586 1679 3928 1771 für Auswärtigen Handel für mein Konto.
2432 1660 2573 1771 Bank
2823 1760 3933 1863 Für die freundliche Ueberlassung
2430 1822 3847 1890 der von Ihnen zitierten Abschriften resp.
2436 1885 3900 1951 Originale (Vertrag mit Bartsch,Vertrag mit
2434 1928 4002 1998 dem Bund der Auslandsdeutschen,Abrechnung von
2434 1978 3883 2061 Bartsch) wäre ich recht dankbar.Notarielle
2459 2039 3718 2107 Beglaubigung dürfte kaum nötig sein.
2811 2104 3959 2199 Unverbindlich möchte ich folgende
2459 2156 3916 2248 Fragen stellen: In welcher Zeit könnte die
2459 2240 3924 2299 krucklegung eines neuen pramas von mir er-
2448 2293 3791 2352 folgen7, das ich wahrscheinlich vor der
2461 2338 3867 2414 Aufführung in Buchform erscheinen lassen
2459 2387 3937 2471 Mürde. Druck von sogenannten Bühnonexempla
2459 2452 3928 2514 ren erschiene mir überflüssig..Es könnten
2465 2497 4031 2577 ja die für den Buchhandel bestimmten Exempla-
2459 2561 3924 2626 re an die Bühnen verkauft werden, eventuell
2455 2602 3765 2686 eben zum Buchhändlerpreise. Versendung
2459 2657 3959 2725 ohne direktes Ersuchen von Seite der ihnen
2459 2704 3959 2776 Bühnen erfolgt ja ohnedies nicht. Wie viele
2457 2759 3922 2831 Auflagen im Vorhinein würde der Verlag be-
2461 2807 2714 2888 zahlen?
2794 2895 3984 2977 Hat der Verlag Fischer über einaxx
2465 2954 3984 3026 irgend ein der hai dort erschienenen Bühnen-
2455 3007 3990 3075 werke jemals einen Abschluss mit Italien ge-
2448 3071 3718 3155 macht und unter welchen Bedingungen?
2798 3144 3609 3255 Mit verbindlichem Gruss
2995 3226 3654 3300 Ihr sehr ergebener
