7678 3657
1148 462 1310 580 l 1
2804 420 3066 582 1/1
1530 410 1732 566 12/1/18
1152 924 2456 1096 von Freunden als Scheuswürdigkeit aufgericht. In
1074 1044 2436 1214 werden. Wenn vierzig Briefe und 12 Bände pr. Tz.
1226 1142 2474 1290 kommen mit der Post können; wenn es alle
1244 1264 2464 1370 drei Minuten an der Thüre schellt, so
1256 1384 2386 1508 ist es unmöglich, nicht zu wüthen.
1332 1476 2470 1618 Sie irren sich völlig, wenn Sie glauben, dass
1230 1574 2472 1752 ich hier für einen Vertreter dänischen Geistesleben
1238 1668 2450 1812 gelte. Die Zeit ist längst vorüber. Ich
1242 1796 2458 1944 haben mich von allem äusseren Leben zurückgezogen.
1238 1888 2432 2050 um zu arbeiten, und betrachte es als meine
1244 1998 2476 2148 einzige Aufgabe, des nordischen Jugend gegenüber,
1232 2104 2438 2254 sie mir von Halse zu halten. Ich überlasse
1224 2186 2478 2360 anderen die Freunden des öffentlichen Vortrags erst
1224 2278 1752 2436 des Beifallaklatschens.
1302 2368 2464 2538 Ihre Frau Gemahlin war mir in Wien 1913 eine
1216 2464 2452 2664 liebe Wirthin. Ich sage ihr meinen Dank; hoffe¬
1224 2570 2438 2706 ders Sie Freude an den Kindern haben. Ich
1224 2658 2462 2802 habe ein paar kleine Enkel, 10 und 5 Jahre, die selten
1222 2768 2472 2994 hier sind, aber schon lieb. Der Freund Sporz Brandes
5880 422 6150 540 i'1"
5672 754 6348 894 Ropenhagen (genügende Adresse)
5868 856 6254 1018 13 Juni 20
5162 1078 5942 1218 Verehrtor und lieber Freund
5056 1178 6408 1320 Hennen Sie die unverständlichen inneren Hindernisse,
5084 1282 6376 1444 die und es unmöglich machen, einen Brief zu
5080 1400 6414 1550 schreiben? Es gibt Fäglich so viel zu kann, dass
5104 1512 6384 1638 wenn ein Augenblick der geistigen Frische sich
5108 1608 6384 1744 einfindet, man es als Pflicht und Notwendigkeit.
5096 1708 6390 1876 fühlt diesen Augenblick für die Arbeit zu
5126 1816 6412 1932 verwenden. Und dann liegt es vielleicht daran,
5116 1920 6420 2096 dass man tausend Dinge sich zu sagen hätte,
5116 2034 6394 2180 und nicht weiss, was herauszugreifen für
5146 2146 6384 2282 einen elenden Brief. Sie, wie mich unser
5134 2232 6414 2398 gemeinsame Freund Beer-Hofmann, sind mit
5146 2354 6386 2492 in einem Menschenalter Frau geblieben, und
5140 2446 6430 2606 ich geben Ihnen nicht im Lebenszeichen, nicht
5150 2556 6412 2678 einmal wenn sie mit Ihre Werke schenken.
5156 2674 6496 2842 Das Lächerliche klei und das Unglaubliche ist,
