7645 3688
1194 356 1874 592 11. Juli 18.1 11.
2048 400 2472 528 G.C.R.M. c. v. H. M.
1270 792 2514 948 mit solcher Leidenschaft an das Indenthum
1296 886 2616 1052 krampft. Es hat mich im Grunde und interes¬
1206 1002 2604 1138 Sie viel; nur wenn die Indem verfolgt wurde,
1312 1112 2568 1232 und wenn sie es werden, habe ich für
1302 1226 2574 1356 die heisses Mitgefühl, wie für alle unge¬
1324 1324 2550 1468 recht unterdrückten. Ich kenne nicht
1326 1428 2586 1550 einen hebrätschen Buchstabend. Es scheint
1332 1552 2312 1676 mir auch von ihm so gewollt.
1504 1642 2544 1768 Ich denke mir, Sie haben ich in
1300 1738 2580 1892 den späteren Jahren mit Casunova beschäftigt am
1330 1854 2590 2008 meisten üm sich nicht mit dem „Gegenwär¬
1326 1958 2578 2138 sogen herumzuschlagen. Wenn der Einzelne
1326 2068 2578 2218 seine Ohnmacht fühlt, nützt es ja nichts mit¬
1332 2188 2580 2312 fereden. Deshalb schweige ich selbst, wo ich
1348 2268 2578 2400 will zu sagen hätte. Ich habe nicht Frithich
1350 2376 2584 2518 Nansurs praktische Bezubring so wenig wie sein
1342 2460 2578 2600 Anschen. Es ist durch den Kriez sehr gewachsen
1240 2548 2492 2678 Ich bitte Sie Ihrer Frau Gemahlin meine Huldzweig
1234 2624 2616 2826 Kindern meine Sympattin zu überbringen Herr Brandes
5626 434 5900 620 V. P.
6684 414 7200 636 1 1 1 '10' 1 1 1' 1"
6016 738 6356 912 Mw 521/521
5652 828 6100 1014 Allégade 31
5676 996 6244 1144 Dr. Meisens Klinik
6002 1118 6224 1258 Freitag
5240 1154 5714 1302 Lieber Schnitzler
5228 1276 6322 1436 Wegen eines Unwohlseins bein ich
5240 1404 6362 1518 seit ein Paar Wochen auf einer Klinik.
5252 1500 6380 1618 Es ist mir ein wahrer Trauer, die nicht
5258 1598 6316 1734 in diesem Tagen bei mir empfangen. Zu
5258 1688 6186 1824 können; müs sie aber schein.
5318 1782 6304 1916 Bitte suchen Sie mich morgen
5294 1876 6374 1996 Sonnabend etwa um 2 und bleiben
5294 1994 6362 2116 die ruhig bis gegen 5. Ihre Vor¬
5292 2076 6356 2252 lesung findet ja erst Abends Statt.
5394 2220 6046 2354 Mit Freund Grüssen
5514 2340 5950 2448 Ihr Freund,
5706 2420 6280 2630 (Geo) Brandes
