7926 3658
1912 605 2666 803 Ropenhagen (nicht Hausgabe)
1317 608 1738 810 Braud
2159 772 2475 904 19 Oct. 11
1335 949 2002 1140 Mein verehrter Freund
1425 1085 2711 1217 Ihr Schauspiel und Ihr Brief haben mir
1370 1158 2725 1356 beide tief bewegt. Der Brief, weil er die herzlich
1384 1272 2715 1453 nur und wich ich, seit lange von Morlei Ehe¬
1373 1401 2729 1568 glück und Missgeschick verfolgt, für Herzlichkeit
1384 1505 2691 1655 sehr empfänglich bin, das Schauspiel, weil es
1404 1589 2732 1745 und das Werk eines Meisters scheint, vollreif¬
1557 1703 2729 1877 Diese Menschend, die Sie dort darstellen,
1415 1811 2729 1971 stehen ins er Aufen als wirkliche Individuats¬
1422 1912 2743 2068 täten, voll und sind und originell, mit Exgen¬
1425 2027 2739 2194 schaften und Eigenheiten, die ein Ensemble aus¬
1425 2110 2725 2301 machend. Die Nebenfiquend wie Netter, oder
1411 2225 2715 2395 die amusant Pariskiorten, wie Rhon und Secken¬
1439 2353 2729 2520 nitz, und nicht weniger unvergeleich, als
1457 2440 2732 2614 die trefsinnig studierten und räthel sollen wie
1470 2552 2757 2729 Friedrich, Genia und die eine ganze Perle, Eine
4446 692 7245 1039 Ihr würde nichts darüber schreiben können, das in der hier verpfährten, sehr neben und drückende Wien
5878 921 7217 1098 ist aber jeder Vertrauen einmöglich; alle arbeiter
4481 942 5798 1133 etwas hinzufügli an die Wirkung, und nichts,
5875 1029 7026 1185 sich von ihrem Nequegen und Bänder los.
4488 1067 5798 1244 das irgend etwas erklärte, denn alles erblärt
6017 1119 7217 1279 Haben Sie Blatt das Sie sich von der mir
4516 1175 4995 1349 eile im selbst.
5885 1217 7227 1404 unbekannten Frl. Professor bemüteten, und dass Sie
4630 1276 5781 1460 Sie lieben es, die Nebentriebe und Neben¬
5896 1373 6556 1512 ihr so nützlich waren.
4537 1384 5809 1543 genommend zu verfahren, die Sprünge und Seitenopräge
6010 1453 7248 1599 Sie wenn sich wenn Sie glauben, ich möchte
4547 1530 5788 1679 des Gefühlslebens, alles Getheilte, das im
5927 1547 7234 1735 nicht gern nach Wien kommen. In Gegentheil
4561 1592 5764 1752 den Hauptstamm sich ablöst, auszubreiten.
5934 1658 7258 1839 Wien hat immer für mich eine grosse Anglungskop
4557 1703 5781 1870 Die Welt, so geschend, ist auf und specielle
5927 1759 7234 1926 gehabt; ich habe doch sehr angenehme Hindernd
4564 1822 5802 1981 Wiese traurig. Meiner Gefühlert nach wäre,
5969 1856 7227 2037 verlebt, besonders – es ist lange her – in 1885
4543 1908 5823 2072 um das Bild zu supplieren, auch des Er¬
5941 1964 7262 2155 als ich die alten Gompertz kennen lernte. Später
4557 2027 5809 2187 habende, das ab und zu, wenn auch sehr
5958 2079 7234 2249 einmal, ich weiss nicht wenn, es es nicht
4554 2110 5795 2301 selten, uns begegnet, ich meine: das, was
5958 2183 7262 2378 20 Jahre her; leider Sie sich zu mir ein, und
4578 2235 5767 2392 des Leben erträglich macht, mit in
5983 2298 7251 2444 so wir bei Ihnen eine Herrengesellschaft spät.
4578 2343 5812 2503 Rechanschaft zu ziehen. Ich bin, glaub ich
5983 2406 7276 2562 Abends, wo viele, der später lerühmt ge-
4571 2440 5784 2652 im Jungen provinistischer als Sie, eben
6017 2517 7293 2684 werden, zusammen waren: Hoffmannsthal, Was¬
4571 2559 5816 2732 dannoch empfand ich einigd Ribeprukte, und
6003 2604 7293 2746 sermann und andere. Sonst habe ich in Wien
4554 2652 5798 2851 man muss das, soll man sich nicht tödte.
6035 2708 7324 2941 nur bei Gomptz Menschen gesehen. Ich kenne
4554 2778 5837 2937 Men ums of B. Jemand vertreuen könten;
