7726 3657
2248 388 3354 538 1 1 1/2 „ —„ — „ „ 4 „ 9 „ 1 „
1888 416 2050 510 "    "  "
2104 822 3402 964 lage, ist nach und nach so gross. Das ich
646 810 1984 954 auf den Rücken immer in derselben Lage ohne
658 930 1960 1066 mich weder rechts noch links drehn zu können.
2128 934 3418 1058 förmlich einen beschmack in Münch
736 1030 1944 1174 Dies ist der dritte Frühling, den ich nicht
2146 1036 3270 1170 davon habe, wenn ich daran denke.
712 1158 1316 1276 sche (97, 99, 1900)
2308 1146 3378 1276 Ich bin Ihnen und Beer - Hoffmann wie
826 1234 1954 1382 Die deutschen Plätter haben Dutzende im
2182 1266 3350 1402 gewöhnlich vielen Dank für Wien schuldig.
730 1348 1972 1484 Schmähnehmlen gegen mich enthalten, weil
2248 1358 3362 1510 Sie beiden und Gomperz’s Haus und
730 1462 1954 1612 ich in dem Klub ins Budequeten, aufgefer¬
2188 1464 3348 1594 Lanckoronski waren dies mal mein Wien.
742 1562 1960 1714 seit, am französische Einleitung zu machen,
2192 1566 3420 1736 Ich habe Sie sehr lieb und forme mich, die
742 1676 1944 1830 (was und lücherlich erkam) einfach sagte
2210 1686 2714 1826 air Freunde sind.
682 1758 2002 1948 Die Sprache, deren ich mich bedien ist nicht.
2276 1786 3408 1936 Ich las jetzt in Bett unge Bücher: Drannes
652 1906 2010 2048 die Ihre und nicht die meines nicht Ihm
2186 1902 3418 2044 de famille, die Bourget mir schickte trotzdem
628 2010 1996 2132 Lieblungsspruche und nicht die meine, doch
2182 2014 3410 2136 er so katholisch geworden ist; die zwei grossen
646 2104 1978 2272 es ist die, worin wir uns am leichtesten
2212 2112 3410 2228 Zählungen, die in unserer nordrechne Blättern
2200 2222 3372 2358 übel besprochen werden, gehielen mir sehr
622 2222 1984 2380 verstehen. Das wird ein hämischer Angriff
2228 2314 3398 2468 wenn auch nicht sie moralierende Schreib¬
604 2332 2002 2470 auf Deutschland und die deufsche Kultur
2218 2446 3378 2578 weise, doch Stoff und Ausführung. Dann
760 2444 2002 2570 Duennt. Und fuhr von monquen Ben¬
2198 2544 3384 2696 las ich einen deutschere Peman, der mir zu
766 2566 1974 2668 geln, die nicht unter 2 Anthys an die deutsche
772 2638 1966 2786 Kultur dahin als ein alter Stiefel. Die
2192 2644 3408 2792 schickt wurde und dir nur gut scheint.
764 2768 1974 2908 Verachten, die ich für die Journalisten
2204 2750 3410 2960 Wilhelm Hegeler  Ingenieur Horstenauer, eine
5200 352 5498 556 $1.00
5140 852 6454 1016 sehr tüchtiges Leistung. Mit Interesse las ich
5186 962 6448 1112 Balzacs Briefe  A L'Etrangène de h. au seine
5158 1074 6458 1210 gekünftige Frau in der ersten vollständigen Ausgeben.
5236 1182 6444 1324 Es war müsent, den Ton in Lamkonskis
5218 1288 6472 1440 Rund um die Welt mit dem in unseres Freundes
5194 1404 6466 1538 Geldmann’s zu vergleichen. Goldmann hat in der
5206 1502 6444 1660 Gerst und Herz, der Graf hat viel mehr gesehen.
5188 1636 6460 1738 und (erstereinlich!) es hat darin ein gutes Gyrisches
5188 1730 5636 1868 Gedicht geschrieben.
5260 1842 6442 1974 Es ist trist, so oft und lange Rank zu sein.
5200 1952 6478 2074 Ich bin ganz ausser Stande, irgend eine ordent¬
5230 2052 6438 2186 liche Arbeit vorzunehmen, meine Fägliche
5188 2160 6466 2286 besteht allein darin, die Angabe meiner sämmtlichen
5222 2276 6388 2408 Schriften zu verbesseren und zu corrigiren.
5662 2372 6084 2542 Ihr Freund
5890 2520 6336 2720 Georg Brandes
