7726 3657
1560 398 2080 588 V:J: I:H: 1 1/1 1/2:
1924 872 2600 1030 Budapest. Holz. Poyel
2354 1002 2570 1094 3 April
1594 1080 2696 1280 Liebster Freund Schnitzler So
1470 1250 2750 1416 gern ich Sie auf der Fried Treffen möchte,
1476 1380 2750 1502 es wird mir nicht möglich. Ich habe nach
1476 1504 2768 1660 längerem Präulen die Einladung der hiesigen
1480 1626 2788 1774 Minister (Handels- und Ackerbau-Minister) am
1498 1722 2756 1896 genommen; Donnerstig bis Sonntag auf
1494 1832 2708 2002 Staatskosten Ungarn for berisen and
1518 1954 2764 2124 mir die Provinzen zeigen zu lassen. Ob
1516 2084 2770 2240 das amusent wird, weiss ich nicht, zweifen
1494 2194 2776 2326 le, aber ich kann mir die Gelegenheit nicht
1510 2296 2742 2440 entgeben lassen, etwas zu lernen, das
1512 2418 2540 2526 sich und sonst nicht darbietet.
1660 2498 2778 2678 Wir schon ins vielleicht noch auf meiner
1526 2578 2282 2710 Rückreise durch Wien.
1880 2692 2770 2874 Ihr ergebener Freund Georg B.
7050 428 7324 596 jusqu'à l'autre ses
5762 772 6326 928 Komminehospitalch
5938 906 6302 1042 Kopenhagen
6132 1008 6552 1124 30 April 1900.
5438 1118 5912 1254 Verehrter Freund
5352 1224 6594 1368 Sie wurden sich vielleicht, gar nicht im
5370 1334 6632 1478 mir gehört zu haben, die wir doch verabreit
5384 1446 6566 1582 hatten, was zu treffen und uns jedenfalls in
5378 1548 6606 1666 Wien zu schen. Aber eben wir ich eine Reise
5396 1672 6608 1814 auf Roiten des ungarischen Staats durch die
5390 1760 6612 1908 ungarischen Provinzen anbetreten sollte, kam
5402 1884 6622 2026 meine alte Krankheit, die Venenentzündung,
5412 1980 6570 2110 wieder, ich lag erst 3-4 Tage in Hotel
5436 2084 6588 2250 reste dann nach Kymhagen wird habe.
5432 2196 6644 2342 also den ganzen Monat verloren. Ich habe
5438 2314 6638 2446 mich ins Hospital eingelegt um vergfältigd
5444 2400 6630 2566 flege for haben, die Entzündig schien schon
5456 2516 6648 2654 Juni Mal verloschen, aber denn wieder.
5454 2608 6600 2764 Ich hege also vorlaufig in dieses gelinden,
5468 2736 6650 2874 Porter, das Bein hoch und in der Schiene
