7663 3688
2430 400 3572 594 1 „ „ 4 „ 9 „ —: —: 4: 4, 4: —, 4
1396 418 2096 546 1 1/2 1/4 1 1 1 4 1 4 4 4
634 400 832 610 1
2234 524 2540 742 55
1768 834 2578 996 Ropenhagen 10 December 24
2160 1028 2544 1162 Viel Arbeit
1314 1046 2080 1206 Mein liebster Schnitzler
1348 1160 2614 1322 und lang dauernde, wenn auch nicht schwere,
1360 1246 2626 1430 Krankheit, die noch nicht vorüber ist, haben
1360 1380 2586 1510 mich verhindert, Ihnen in Denk mein
1360 1470 2612 1660 Herz auszuschütten. Irgend einend, der
1350 1578 2628 1728 von Ihnen kam, oder auf Sie sich beriefe
1372 1684 2640 1864 der neulich bei mit. Wie er hiess, habe
1386 1842 1738 1962 ich vergessen
1468 1882 2580 2060 Ich habe Ihnen für zwei Bücher zu
1384 2012 2610 2142 danken. Besonders das erstere die
1410 2114 2614 2296 Romondie der Vorführung gibt mit zu
1420 2220 2654 2368 denken über den Reichtum und die Tiefe
1416 2336 2616 2500 Ihrer Erfahrungen, vielleicht noch mehr
1422 2426 2654 2594 über die Fülle und Geschmeidigkeit Ihrer
1426 2540 2682 2710 Erfindungskraft, die ich im meisten bewunden,
1446 2636 2688 2840 weil sie mir völlig fehlt. Man bewundet
4534 404 4932 570 V. W. & L.
5026 410 5856 564 1 „ „ — „ 4 „ 9 „
6166 406 7520 562 1 1/2 1/4 „ „ 9 „ 4 „ 5 „ — „ 1„ —„ 4 1 „
5820 860 7150 1012 Lieutenant Gustel erinnert, ist ganz einfach
4358 850 5712 1020 wol immer am meisten Töhrigkeiten, die uns
5838 960 7156 1118 aufgebaut, durch traurige Wahrheit ergreifend.
4394 992 4872 1120 verweigert sind.
5908 1052 7138 1202 Sie haben den tragischen Ausgang gewollt.
4560 1076 5754 1234 Ich habe mit Ueberraschung gesehen dass
5874 1172 7170 1314 haben den armen Mädchen die Auswege ver¬
4394 1204 5718 1344 Ihre paar Raze Aufenthalte in unserem
5894 1280 7126 1412 sperrt. Am feinden scheint mit in der
4416 1270 5714 1448 kleinen lanzweitigen Land Ihre Plantasie
6002 1358 7170 1520 herz die Lebenslust, die das junge Mäd¬
4432 1408 5748 1556 in Bewegung gesetzt hat, auf dem sagen
5896 1488 7174 1632 chen an den Vetter wird an den Fred. Zieht.
4440 1510 5708 1634 die Nordküste von Seeland unter Ihren
5908 1596 7120 1748 Nomm und Sie so hart gewesen, sie
4440 1624 5730 1768 Händen einen Zeuborschimmer erhalten habe.
5896 1712 6798 1846 sterben zu lassen.
4650 1716 5730 1874 Sie sind ein grosser Menschenheimer,
6076 1800 7146 1936 Sie werden bemerkt haben, dass die
4458 1818 5748 1968 besonders ins Frauenkenner wie wenige. Meine
5912 1896 7174 2066 Jahre zwischen 80 und 90 nicht die Blüthe.
4444 1934 5736 2088 Erfahrungen stimmen nicht immer mit den Ihrigen
5926 2012 7138 2166 zeit der Weiber ist. Sie ist ja leider
4452 2036 5736 2162 überein. Aber der Menschenschlag war vor¬
5932 2120 7156 2262 und nicht die der Männer, wenn
4452 2120 5730 2268 schieden, ich habe meistens Handinwinnen
5932 2232 7180 2374 man sich auch zern Illusionen machte:
4464 2250 5748 2384 und Puxinne gekannte, sie Oesterreicherin
6040 2326 7170 2478 Ich habe ein paar Bücher über das
4476 2330 5750 2500 nen: Die wenigen dieser Nation, die ich
5932 2428 7202 2604 18. Jahrbrudert in Frankreich herausgegeben
4492 2456 5720 2608 getroffen habe, waren schon prosaisch; alle
5950 2550 7182 2702 über Tallegrand, über Lanzem etc. aber
4488 2560 5756 2698 Ihre Frauen haben eine poebische Anredle.
5944 2630 7174 2810 ich habe bisher die Ueberseigung verbindert
4680 2666 5742 2802 Das andere Buch dessen erzählenst
5930 2752 7174 2924 Da die Form noch nicht endgültig ist.
4518 2758 5738 2936 Form mich in Ihr Mersterwerk über den
