3812 3687
2431 424 2577 577 1!
1787 448 1917 589 1 1/1
1892 1069 3238 1209 jetzigen Zustand in Rusland wäre meinerseits
483 1070 1186 1221 Ihnen mehr Lebensfreide.
2310 1171 3157 1298 Reden musste ich ja, und
1904 1179 2276 1287 Herschelii.
656 1186 1698 1307 Man hat ja seitdem ein älteres
1924 1263 3206 1429 das schreckte mich. Sonst hätte ich gerne
522 1273 1800 1431 Schempiel von Ihnen in Burgtheater auf¬
1938 1394 3162 1521 die zwei Städte unter den veränderten
533 1377 1782 1548 geführt; ich hoffe, dass die Poesie des
1961 1483 2650 1617 Umständen wiedergesehen.
530 1505 1783 1637 Fückes zu ihrem Rechte kam. Es muss
2137 1579 3181 1731 Sie waren sehr lieb so wol gegen
535 1609 1778 1760 doch ein angenehmes Gefühl sein, auf
1963 1683 2962 1832 meine Begleiterin wie gegen mich.
560 1699 1783 1875 viele Menschen zugleich zu wirken.
2134 1797 3008 1934 Leider reist jetzt Frn Renz.
3066 1825 3179 1916 und
560 1820 1800 1961 Sie sind diesem Gemüs gegenüber wol
2036 1889 3189 2047 ihrem Gatten und ihrer Cousine auf
555 1912 1736 2052 thras verwöhnt und blasirt, aber
2043 2016 3202 2135 6 Wochen nach Italien. Ich kann
575 2036 1119 2176 nicht desto weniger
2055 2105 3241 2258 ohne sie meine Correspondenz nicht bewäl¬
814 2122 1800 2271 Ich wurde eingeladen, die Festlich¬
2057 2248 2260 2369 tigen.
579 2201 1518 2385 keiten wegen des 200 jährigen
1516 2216 1787 2355 Bestehens
2164 2343 3186 2481 Sie wissen kaum, wie dankbar
572 2347 1768 2486 der Academie der Wissenschaften in
2070 2441 3154 2582 ich mich im Innersten für Ihre
572 2466 1803 2627 Leningrad (!) mitzumachen; sie strecken
2406 2531 3097 2694 Freundschaft fühle.
2094 2572 2375 2704 vieljährige
582 2575 1793 2696 :sich in Petersburg und Moskau vom 6-16
582 2645 1793 2830 September, aber ich wollte als Gast
2582 2691 3197 2947 Jhr Georg Brandes
596 2776 1812 2909 nicht hercheln, und Entzücken über die
