8068 3624
1995 413 2171 558 de la
1995 849 2404 1038 Lopenhage 6 Oct. 3
1471 1001 2401 1160 Lieber Herr Schnitzler! Könnten Sie mir
1501 1092 2401 1238 nicht ein Boschen zu Hülfe kommen. Mit
1498 1170 2418 1322 wird ein Numero die Zeit geschickt, worin
1498 1254 2428 1390 als von mir eingesandt ein Bruchstück meines
1505 1339 2404 1471 alten Buches über Polen sich finden. Es ist
1508 1420 2421 1542 vor 10 Jahren herausgegeben, und die Detanga
1508 1498 2424 1620 ben passen darauf; nun stets es da als
1528 1566 2428 1694 im Comté stammend. Wenn ich doch wen
1528 1640 2418 1762 nigstens eine Contractus diens. Packen sich.
1508 1735 2441 1856 Es wimmelt zur Maversständnissen. Die Fehles
1522 1809 2397 1917 sind derart dass das dünische Wort
1552 1877 2448 2008 Rædsel (horror, horreur, Schrecken) über¬
1552 1951 2407 2100 setzt ist Räthsel. Ich erpere, dass
1545 2039 2458 2147 kürzlich in Berlin ein Beich mit meinem Namen
1538 2110 2451 2228 verschen erschienen ist  Aus dem Rechte des
1528 2184 2462 2299 Absolutionis (!) Welcher Titel. Es sind wohl
1941 2242 2441 2380 ein Stralsund? Es ist mir nicht
1511 2269 2485 2462 gereistet gedruckt und der ersteur Ganz Brandes
5292 372 5545 612 Votre très
6823 399 6999 565 1:1
6560 889 7090 1089 den 13. Juli 81.
4551 913 5846 1096 meinem Buch über Shakespeare gefunden
4568 1048 5883 1177 haben. Ich lese in dieser Zeit die Horrektur¬
4568 1160 5866 1312 bogen der zweiten deutschen Ausgabe und
4568 1265 5850 1434 bin über die fürchterliche Sprache ganz
5975 1210 7030 1424 Lieber und verehrter Herr Schnitzler!
4568 1400 7229 1518 erschrekt. Es wimmelt von den plumpaten ich kann leider nicht mit eigener Hand
5968 1467 7317 1633 Ihren liebenswürdigen Brief beantworten. Seit
4578 1481 5897 1643 Misverständnischen meines danischen Teltes
4551 1630 7273 1751 ich schreibe um eind verbessers ins unend. Ende April bin ich krank, habe eine heftige
5988 1728 7297 1853 Aderentzündung, die mich zwingt ganz still
4538 1718 4744 1870 liche.
4710 1812 5873 1951 Ich bitte Sie Ihre Freunde sehr herz¬
5995 1809 7270 1965 zu liegen, und habe im Juni eine schwere
4541 1904 5812 2079 lich von mir zu grüssen. Hr. Goldmann
6005 1900 7310 2063 Lunquieutzündung durchgemacht, die mich
5998 2029 7364 2154 dem Tode nah brachte. Jetzt ist die Lünge eini¬
4561 2029 5914 2157 verstummte mir gegenüber plötzlich. Sie sind
6012 2127 7347 2279 germassen Teil, doch in der eigentlichen Krank
4555 2127 5498 2296 mir aber alle drei gleich lieb.
5998 2255 7354 2380 Zeit ist noch keine Honvalesceuz eingebreten
4828 2235 5454 2391 Ihr ganz ergebener
5998 2333 7371 2468 Ich werde voraussichtlich noch mehr als einen
5258 2343 5785 2583 Georg Brandes
5998 2475 7361 2610 Monat im Beste bleiben müssen. Mein ganze
5998 2549 7364 2705 Sommer ist dahin. Ich habe grosse Schmerzen
6019 2664 7334 2800 ausgestanden und bin noch sehr leidend.
6019 2762 7273 2952 Es freut mich sehr, dass Sie etwas in
