<?xml version="1.0" encoding="UTF-8" standalone="yes"?>
<PcGts xmlns="http://schema.primaresearch.org/PAGE/gts/pagecontent/2013-07-15" xmlns:xsi="http://www.w3.org/2001/XMLSchema-instance" xsi:schemaLocation="http://schema.primaresearch.org/PAGE/gts/pagecontent/2013-07-15 http://schema.primaresearch.org/PAGE/gts/pagecontent/2013-07-15/pagecontent.xsd">
    <Metadata>
        <Creator>prov=READ-COOP:name=TrHtr:version=2.1.0:model_id=51170:date=25_07_2023_15:46</Creator>
        <Created>2023-05-02T07:44:27.442+02:00</Created>
        <LastChange>2023-07-25T15:46:15.360+02:00</LastChange>
        <TranskribusMetadata docId="1416704" pageId="54950198" pageNr="36" tsid="130711382" status="IN_PROGRESS" userId="64420" imgUrl="https://files.transkribus.eu/Get?id=PGPMBIDOOKJWFNFVZFYEUKYS&amp;fileType=view" xmlUrl="https://files.transkribus.eu/Get?id=UYKJBVPRRCJOQFFGYYZYMUOQ" imageId="44453924"/>
    </Metadata>
    <Page imageFilename="1416704_0036.jpg" imageWidth="7678" imageHeight="3657">
        <ReadingOrder>
            <OrderedGroup id="ro_1711829864755" caption="Regions reading order">
                <RegionRefIndexed index="0" regionRef="tr_1"/>
                <RegionRefIndexed index="1" regionRef="tr_2"/>
            </OrderedGroup>
        </ReadingOrder>
        <TextRegion id="tr_1" custom="readingOrder {index:0;}">
            <Coords points="812,1091 2922,1091 2922,2591 812,2591"/>
            <TextLine id="tr_1_tl_1" custom="readingOrder {index:0;}">
                <Coords points="2350,1176 2394,1192 2506,1146 2540,1164 2598,1150 2682,1182 2758,1166 2854,1192 2894,1172 2894,1120 2794,1094 2688,1122 2566,1094 2522,1094 2496,1114 2462,1098 2350,1104"/>
                <Baseline points="2360,1159 2449,1141 2539,1141 2629,1147 2718,1147 2808,1153 2898,1147"/>
                <TextEquiv>
                    <Unicode>48 Kopenhagen 19 Dec. 17</Unicode>
                </TextEquiv>
            </TextLine>
            <TextLine id="tr_1_tl_2" custom="readingOrder {index:1;}">
                <Coords points="1984,1256 2114,1226 2208,1260 2258,1226 2516,1208 2630,1250 2806,1232 2854,1260 2902,1250 2902,1188 2534,1186 2458,1154 2330,1190 2214,1128 2096,1170 1982,1134"/>
                <Baseline points="1995,1207 2085,1207 2175,1207 2264,1207 2354,1207 2443,1207 2533,1207 2623,1219 2712,1224 2802,1224 2892,1236 2904,1236"/>
                <TextEquiv>
                    <Unicode>Verehrter, lieber Freund, Niemand ist Frau</Unicode>
                </TextEquiv>
            </TextLine>
            <TextLine id="tr_1_tl_3" custom="readingOrder {index:2;}">
                <Coords points="1286,1242 1332,1238 1358,1254 1396,1224 1438,1258 1462,1260 1564,1230 1610,1260 1646,1244 1680,1270 1724,1260 1722,1186 1678,1166 1648,1178 1616,1160 1586,1176 1506,1172 1480,1192 1398,1178 1350,1138 1284,1128"/>
                <Baseline points="1296,1219 1386,1213 1475,1224 1565,1224 1655,1224 1726,1219"/>
                <TextEquiv>
                    <Unicode>Kopentiaqui 28 Sept. 17</Unicode>
                </TextEquiv>
            </TextLine>
            <TextLine id="tr_1_tl_4" custom="readingOrder {index:3;}">
                <Coords points="1972,1300 2070,1332 2180,1308 2322,1342 2426,1298 2912,1320 2898,1250 2794,1286 2626,1238 2482,1234 2320,1282 2114,1226 1972,1250"/>
                <Baseline points="1983,1290 2073,1290 2163,1290 2252,1296 2342,1296 2432,1296 2521,1296 2611,1296 2700,1302 2790,1302 2880,1308 2916,1314"/>
                <TextEquiv>
                    <Unicode>und lebenswürdig wie Sie. Obwohl ich nie¬</Unicode>
                </TextEquiv>
            </TextLine>
            <TextLine id="tr_1_tl_5" custom="readingOrder {index:4;}">
                <Coords points="1974,1384 2202,1406 2250,1382 2396,1420 2642,1394 2748,1424 2804,1400 2900,1434 2898,1368 2660,1330 2588,1354 2510,1302 2324,1342 2162,1308 1972,1338"/>
                <Baseline points="1983,1362 2073,1362 2163,1368 2252,1374 2342,1374 2432,1374 2521,1380 2611,1380 2700,1386 2790,1398 2880,1410 2904,1410"/>
                <TextEquiv>
                    <Unicode>in der Lager bin, Vergelt zu über, sondern</Unicode>
                </TextEquiv>
            </TextLine>
            <TextLine id="tr_1_tl_6" custom="readingOrder {index:5;}">
                <Coords points="802,1384 1000,1374 1152,1406 1208,1386 1294,1420 1412,1390 1716,1412 1714,1322 1636,1348 1546,1316 1504,1342 1420,1318 1222,1338 1070,1296 976,1330 800,1318"/>
                <Baseline points="812,1374 902,1374 991,1374 1081,1374 1171,1374 1260,1368 1350,1368 1440,1374 1529,1380 1619,1386 1708,1392 1720,1392"/>
                <TextEquiv>
                    <Unicode>Verehrter Freund! Es hat mich einig gefunden.</Unicode>
                </TextEquiv>
            </TextLine>
            <TextLine id="tr_1_tl_7" custom="readingOrder {index:6;}">
                <Coords points="1974,1466 2138,1464 2178,1494 2222,1464 2408,1456 2598,1506 2884,1484 2882,1440 2768,1418 2592,1412 2510,1442 2446,1404 2342,1428 2258,1386 1972,1412"/>
                <Baseline points="1983,1440 2073,1440 2163,1446 2252,1452 2342,1458 2432,1452 2521,1458 2611,1463 2700,1469 2790,1475 2880,1481 2886,1481"/>
                <TextEquiv>
                    <Unicode>Sie mir fortwährend Ihre Erzählungen und</Unicode>
                </TextEquiv>
            </TextLine>
            <TextLine id="tr_1_tl_8" custom="readingOrder {index:7;}">
                <Coords points="802,1486 1302,1466 1404,1518 1620,1480 1730,1496 1730,1438 1508,1404 1422,1436 1346,1404 1246,1432 1020,1432 970,1400 800,1428"/>
                <Baseline points="812,1458 902,1458 991,1458 1081,1463 1171,1463 1260,1463 1350,1463 1440,1469 1529,1469 1619,1469 1708,1481 1732,1481"/>
                <TextEquiv>
                    <Unicode>dass Sie auch in dieser trauriges Zeit an mich</Unicode>
                </TextEquiv>
            </TextLine>
            <TextLine id="tr_1_tl_9" custom="readingOrder {index:8;}">
                <Coords points="1960,1522 2106,1554 2286,1536 2404,1572 2452,1540 2902,1574 2900,1516 2784,1486 2624,1516 2560,1490 2326,1510 2296,1484 2172,1490 2130,1456 1960,1502"/>
                <Baseline points="1971,1517 2061,1523 2151,1523 2240,1529 2330,1529 2420,1535 2509,1541 2599,1541 2688,1541 2778,1547 2868,1559 2904,1565"/>
                <TextEquiv>
                    <Unicode>Schonspiele, die mir so viel Freude bereiten.</Unicode>
                </TextEquiv>
            </TextLine>
            <TextLine id="tr_1_tl_10" custom="readingOrder {index:9;}">
                <Coords points="814,1598 868,1566 1252,1560 1716,1600 1734,1544 1578,1502 1530,1530 1370,1502 1314,1532 1194,1492 1142,1520 1042,1502 984,1534 812,1508"/>
                <Baseline points="824,1565 914,1553 1003,1553 1093,1553 1183,1559 1272,1559 1362,1559 1452,1565 1541,1565 1631,1571 1720,1583 1738,1577"/>
                <TextEquiv>
                    <Unicode>gedachten haben. Ich habe Ihr Lächelnde wehmütter.</Unicode>
                </TextEquiv>
            </TextLine>
            <TextLine id="tr_1_tl_11" custom="readingOrder {index:10;}">
                <Coords points="1992,1622 2114,1598 2240,1652 2290,1620 2318,1644 2388,1624 2738,1668 2888,1656 2884,1580 2784,1594 2442,1554 2376,1582 2256,1540 2192,1568 2050,1536 1988,1556"/>
                <Baseline points="2001,1601 2091,1595 2181,1601 2270,1601 2360,1601 2449,1607 2539,1613 2629,1613 2718,1619 2808,1631 2892,1643"/>
                <TextEquiv>
                    <Unicode>Nun das letzte Mal. Fink und Fliederbusch,</Unicode>
                </TextEquiv>
            </TextLine>
            <TextLine id="tr_1_tl_12" custom="readingOrder {index:11;}">
                <Coords points="822,1664 1032,1654 1118,1694 1692,1692 1692,1648 1610,1618 1406,1628 1324,1598 1138,1626 988,1578 904,1622 818,1608"/>
                <Baseline points="830,1655 920,1643 1009,1643 1099,1649 1189,1655 1278,1655 1368,1661 1458,1661 1547,1667 1637,1673 1697,1679"/>
                <TextEquiv>
                    <Unicode>ges Buch mit grossem Behagen gelesen und die</Unicode>
                </TextEquiv>
            </TextLine>
            <TextLine id="tr_1_tl_13" custom="readingOrder {index:12;}">
                <Coords points="1986,1676 2040,1704 2352,1686 2406,1718 2466,1692 2574,1720 2686,1698 2918,1740 2914,1640 2860,1670 2446,1622 2322,1646 2286,1620 2228,1660 2108,1634 1984,1660"/>
                <Baseline points="1995,1673 2085,1673 2175,1679 2264,1679 2354,1685 2443,1685 2533,1691 2623,1691 2712,1697 2802,1703 2892,1714 2922,1714"/>
                <TextEquiv>
                    <Unicode>ein heiteres. Stück in trauriger Zeit, nicht schon</Unicode>
                </TextEquiv>
            </TextLine>
            <TextLine id="tr_1_tl_14" custom="readingOrder {index:13;}">
                <Coords points="808,1734 984,1738 1030,1768 1118,1734 1220,1772 1302,1756 1422,1806 1484,1780 1732,1792 1728,1710 1668,1688 1490,1742 1216,1690 1028,1706 804,1656"/>
                <Baseline points="818,1714 908,1726 997,1732 1087,1732 1177,1738 1266,1738 1356,1750 1446,1756 1535,1762 1625,1762 1714,1774 1732,1774"/>
                <TextEquiv>
                    <Unicode>Bekanntschaft mit zwei reizenden jungen Denen,</Unicode>
                </TextEquiv>
            </TextLine>
            <TextLine id="tr_1_tl_15" custom="readingOrder {index:14;}">
                <Coords points="1998,1788 2138,1770 2328,1802 2388,1774 2466,1810 2568,1778 2888,1808 2884,1738 2846,1730 2762,1756 2634,1720 2574,1754 2510,1720 2454,1748 2172,1698 1994,1720"/>
                <Baseline points="2007,1750 2097,1750 2187,1762 2276,1762 2366,1768 2455,1768 2545,1774 2635,1774 2724,1780 2814,1786 2892,1804"/>
                <TextEquiv>
                    <Unicode>sutivischen Stachel, aber dennoch herman.</Unicode>
                </TextEquiv>
            </TextLine>
            <TextLine id="tr_1_tl_16" custom="readingOrder {index:15;}">
                <Coords points="820,1850 864,1832 970,1856 1058,1820 1460,1862 1598,1836 1734,1854 1732,1792 1668,1778 1432,1806 1308,1766 1190,1798 1060,1750 1016,1790 820,1788"/>
                <Baseline points="830,1822 920,1816 1009,1816 1099,1822 1189,1822 1278,1822 1368,1822 1458,1834 1547,1834 1637,1834 1726,1840 1738,1846"/>
                <TextEquiv>
                    <Unicode>genannt Fabine und Ratharina, gemacht. Auch</Unicode>
                </TextEquiv>
            </TextLine>
            <TextLine id="tr_1_tl_17" custom="readingOrder {index:16;}">
                <Coords points="1992,1838 2088,1828 2148,1872 2288,1864 2316,1890 2394,1852 2494,1882 2600,1856 2748,1920 2802,1882 2858,1884 2854,1818 2794,1830 2748,1792 2586,1832 2494,1790 2260,1818 2148,1772 1988,1784"/>
                <Baseline points="2001,1828 2091,1828 2181,1834 2270,1840 2360,1846 2449,1846 2539,1852 2629,1858 2718,1870 2808,1870 2862,1876"/>
                <TextEquiv>
                    <Unicode>Ein Franzose sagte: L'âge mûr méprise</Unicode>
                </TextEquiv>
            </TextLine>
            <TextLine id="tr_1_tl_18" custom="readingOrder {index:17;}">
                <Coords points="804,1916 1012,1936 1072,1912 1294,1946 1444,1920 1550,1968 1638,1934 1724,1962 1720,1890 1692,1884 1430,1902 1108,1856 964,1884 800,1862"/>
                <Baseline points="812,1894 902,1900 991,1900 1081,1906 1171,1912 1260,1912 1350,1918 1440,1918 1529,1924 1619,1930 1708,1936 1726,1936"/>
                <TextEquiv>
                    <Unicode>eine gewisse Lebensphilosophed, eine überlegene, ist in</Unicode>
                </TextEquiv>
            </TextLine>
            <TextLine id="tr_1_tl_19" custom="readingOrder {index:18;}">
                <Coords points="1972,1904 2044,1924 2122,1916 2188,1952 2318,1936 2346,1954 2396,1924 2484,1960 2478,1870 2424,1864 2388,1896 2366,1890 2330,1912 2262,1870 2184,1860 2136,1864 2110,1886 2048,1862 2026,1880 1970,1874"/>
                <Baseline points="1983,1900 2073,1900 2163,1906 2252,1918 2342,1924 2432,1924 2485,1924"/>
                <TextEquiv>
                    <Unicode>avec tolérance.</Unicode>
                </TextEquiv>
            </TextLine>
            <TextLine id="tr_1_tl_20" custom="readingOrder {index:19;}">
                <Coords points="828,2000 930,1980 1174,2020 1370,2002 1442,2044 1532,2016 1724,2038 1720,1968 1656,1944 1556,1970 1336,1932 1110,1970 954,1918 824,1934"/>
                <Baseline points="836,1971 926,1977 1015,1977 1105,1983 1195,1983 1284,1989 1374,1995 1463,1995 1553,2001 1643,2007 1726,2019"/>
                <TextEquiv>
                    <Unicode>dem Buch. Während sie erfinderische schöpfen</Unicode>
                </TextEquiv>
            </TextLine>
            <TextLine id="tr_1_tl_21" custom="readingOrder {index:20;}">
                <Coords points="2058,2004 2280,1994 2412,2028 2438,1998 2516,2010 2552,1988 2750,2032 2882,2026 2880,1980 2820,1994 2704,1948 2656,1978 2512,1932 2474,1956 2418,1934 2364,1968 2318,1936 2168,1950 2122,1914 2054,1932"/>
                <Baseline points="2067,1971 2157,1971 2246,1977 2336,1989 2426,1983 2515,1989 2605,1989 2694,2001 2784,2007 2874,2019 2886,2019"/>
                <TextEquiv>
                    <Unicode>Wäre ich sorglücklich alle das was ich</Unicode>
                </TextEquiv>
            </TextLine>
            <TextLine id="tr_1_tl_22" custom="readingOrder {index:21;}">
                <Coords points="1990,2054 2238,2046 2312,2078 2902,2114 2894,2022 2628,2048 2576,2020 2506,2044 2444,2006 2366,2032 2208,1992 1988,2004"/>
                <Baseline points="2001,2043 2091,2037 2181,2043 2270,2043 2360,2049 2449,2055 2539,2061 2629,2073 2718,2085 2808,2085 2898,2097 2904,2097"/>
                <TextEquiv>
                    <Unicode>geschrieben habe, seit wir uns sahen, würde</Unicode>
                </TextEquiv>
            </TextLine>
            <TextLine id="tr_1_tl_23" custom="readingOrder {index:22;}">
                <Coords points="826,2078 1032,2058 1156,2108 1274,2066 1336,2108 1436,2082 1518,2112 1728,2098 1726,2040 1638,2022 1588,2052 1394,2026 1288,2048 1132,2004 824,2020"/>
                <Baseline points="836,2043 926,2049 1015,2049 1105,2049 1195,2055 1284,2067 1374,2067 1463,2067 1553,2067 1643,2073 1732,2085"/>
                <TextEquiv>
                    <Unicode>und ich mich begnügen, geschichtliche Gestalten.</Unicode>
                </TextEquiv>
            </TextLine>
            <TextLine id="tr_1_tl_24" custom="readingOrder {index:23;}">
                <Coords points="1984,2118 2156,2148 2408,2144 2502,2184 2630,2150 2706,2186 2744,2168 2872,2196 2864,2102 2688,2112 2418,2068 2166,2090 2082,2054 1982,2084"/>
                <Baseline points="1995,2109 2085,2109 2175,2121 2264,2121 2354,2121 2443,2133 2533,2145 2623,2151 2712,2163 2802,2175 2874,2187"/>
                <TextEquiv>
                    <Unicode>es eine stattliche Theile Bücher ausmachen,</Unicode>
                </TextEquiv>
            </TextLine>
            <TextLine id="tr_1_tl_25" custom="readingOrder {index:24;}">
                <Coords points="828,2158 946,2148 992,2176 1178,2126 1332,2166 1388,2144 1448,2178 1516,2146 1664,2178 1728,2162 1726,2102 1648,2088 1476,2116 1410,2094 1344,2116 1228,2080 1164,2110 1028,2074 972,2110 926,2084 826,2094"/>
                <Baseline points="836,2121 926,2127 1015,2127 1105,2127 1195,2127 1284,2127 1374,2133 1463,2139 1553,2139 1643,2139 1732,2151"/>
                <TextEquiv>
                    <Unicode>nenn zu formen. Ich habe nührend des Krieges</Unicode>
                </TextEquiv>
            </TextLine>
            <TextLine id="tr_1_tl_26" custom="readingOrder {index:25;}">
                <Coords points="1986,2198 2682,2272 2894,2268 2888,2198 2776,2216 2588,2168 2282,2184 2114,2128 1982,2154"/>
                <Baseline points="1995,2181 2085,2187 2175,2193 2264,2198 2354,2204 2443,2216 2533,2222 2623,2234 2712,2240 2802,2252 2892,2264 2898,2264"/>
                <TextEquiv>
                    <Unicode>nicht weniger als 7 schwere Bände. Mein</Unicode>
                </TextEquiv>
            </TextLine>
            <TextLine id="tr_1_tl_27" custom="readingOrder {index:26;}">
                <Coords points="832,2204 1062,2212 1122,2244 1186,2244 1234,2206 1716,2238 1714,2172 1622,2154 1570,2182 1520,2158 1228,2182 1088,2146 992,2176 960,2150 832,2166"/>
                <Baseline points="842,2193 932,2193 1021,2198 1111,2198 1201,2198 1290,2204 1380,2204 1469,2210 1559,2210 1649,2210 1720,2228"/>
                <TextEquiv>
                    <Unicode>ein Buch über Goethe und eine übergen Voltaire.</Unicode>
                </TextEquiv>
            </TextLine>
            <TextLine id="tr_1_tl_28" custom="readingOrder {index:27;}">
                <Coords points="1976,2282 2232,2278 2428,2344 2518,2312 2902,2364 2892,2270 2596,2258 2572,2282 2456,2240 2298,2252 1968,2198"/>
                <Baseline points="1983,2252 2073,2264 2163,2264 2252,2276 2342,2282 2432,2288 2521,2300 2611,2312 2700,2318 2790,2330 2880,2354 2904,2360"/>
                <TextEquiv>
                    <Unicode>Buch über die Weltkriez vereicht in diesen Tagen.</Unicode>
                </TextEquiv>
            </TextLine>
            <TextLine id="tr_1_tl_29" custom="readingOrder {index:28;}">
                <Coords points="832,2292 948,2278 1042,2306 1178,2272 1264,2304 1356,2278 1514,2316 1578,2292 1732,2322 1730,2260 1648,2274 1492,2226 1342,2224 1306,2252 1216,2226 1076,2246 998,2218 914,2244 830,2228"/>
                <Baseline points="842,2282 932,2270 1021,2276 1111,2270 1201,2270 1290,2276 1380,2276 1469,2282 1559,2288 1649,2294 1732,2306"/>
                <TextEquiv>
                    <Unicode>pelblicirt, beide in Juris Bänden, ausserdem</Unicode>
                </TextEquiv>
            </TextLine>
            <TextLine id="tr_1_tl_30" custom="readingOrder {index:29;}">
                <Coords points="1988,2384 2082,2358 2250,2392 2410,2380 2446,2410 2494,2376 2908,2452 2902,2376 2774,2364 2734,2330 2426,2344 2286,2296 2176,2320 2122,2278 1978,2276"/>
                <Baseline points="1995,2336 2085,2342 2175,2342 2264,2354 2354,2360 2443,2372 2533,2372 2623,2384 2712,2396 2802,2408 2892,2432 2910,2432"/>
                <TextEquiv>
                    <Unicode>hier die vierte Ausgabe, hat in Nordemviske Zwei¬</Unicode>
                </TextEquiv>
            </TextLine>
            <TextLine id="tr_1_tl_31" custom="readingOrder {index:30;}">
                <Coords points="828,2366 1002,2376 1106,2348 1354,2390 1568,2368 1722,2392 1720,2318 1646,2326 1604,2298 1472,2334 1376,2288 1310,2324 824,2292"/>
                <Baseline points="836,2342 926,2348 1015,2348 1105,2348 1195,2354 1284,2354 1374,2354 1463,2366 1553,2366 1643,2372 1726,2378"/>
                <TextEquiv>
                    <Unicode>einen Band über den Weltkrieg, nur hier im</Unicode>
                </TextEquiv>
            </TextLine>
            <TextLine id="tr_1_tl_32" custom="readingOrder {index:31;}">
                <Coords points="832,2442 880,2422 962,2450 1000,2428 1432,2474 1522,2446 1722,2464 1706,2398 1670,2416 1528,2388 1492,2410 1428,2382 1346,2410 1304,2386 1052,2396 960,2364 830,2366"/>
                <Baseline points="842,2414 932,2414 1021,2420 1111,2426 1201,2426 1290,2432 1380,2432 1469,2438 1559,2438 1649,2443 1726,2449"/>
                <TextEquiv>
                    <Unicode>in Amerilla als The Wolld at War erschienen. Seit</Unicode>
                </TextEquiv>
            </TextLine>
            <TextLine id="tr_1_tl_33" custom="readingOrder {index:32;}">
                <Coords points="1986,2452 2142,2460 2188,2430 2314,2478 2552,2446 2722,2460 2840,2512 2902,2486 2898,2438 2722,2436 2494,2376 2450,2412 2350,2384 2284,2408 2096,2358 1982,2384"/>
                <Baseline points="1995,2414 2085,2414 2175,2420 2264,2426 2354,2438 2443,2438 2533,2438 2623,2449 2712,2455 2802,2467 2892,2479 2904,2479"/>
                <TextEquiv>
                    <Unicode>Die Bücher über Hoethe, übe Volkare usw. und</Unicode>
                </TextEquiv>
            </TextLine>
            <TextLine id="tr_1_tl_34" custom="readingOrder {index:33;}">
                <Coords points="820,2492 1064,2506 1094,2484 1280,2522 1336,2494 1448,2532 1610,2504 1730,2522 1728,2468 1682,2452 1626,2480 1574,2454 1432,2474 1312,2448 1272,2472 906,2430 820,2454"/>
                <Baseline points="830,2485 920,2479 1009,2479 1099,2485 1189,2491 1278,2497 1368,2491 1458,2497 1547,2503 1637,2503 1726,2503 1732,2503"/>
                <TextEquiv>
                    <Unicode>5 Monaten bin ich so uürrisch, an einer grösseren Arbeit.</Unicode>
                </TextEquiv>
            </TextLine>
            <TextLine id="tr_1_tl_35" custom="readingOrder {index:34;}">
                <Coords points="2002,2510 2068,2500 2140,2548 2306,2506 2396,2534 2424,2508 2464,2526 2552,2504 2626,2546 2700,2518 2744,2528 2742,2486 2658,2466 2578,2486 2350,2452 2308,2478 2186,2430 2140,2460 2002,2454"/>
                <Baseline points="2013,2497 2025,2491 2115,2497 2204,2497 2294,2503 2384,2503 2473,2503 2563,2503 2653,2515 2748,2517"/>
                <TextEquiv>
                    <Unicode>gut gegangen. Ein Buch, worin ich</Unicode>
                </TextEquiv>
            </TextLine>
            <TextLine id="tr_1_tl_36" custom="readingOrder {index:35;}">
                <Coords points="834,2572 1200,2580 1234,2558 1536,2566 1654,2608 1772,2592 1772,2554 1678,2516 1408,2538 1366,2510 1330,2542 1174,2496 832,2504"/>
                <Baseline points="842,2545 932,2551 1021,2551 1111,2563 1201,2557 1290,2557 1380,2563 1469,2563 1559,2563 1649,2563 1738,2575 1774,2581"/>
                <TextEquiv>
                    <Unicode>über Bärern zu frischen. Die wird wol, mehr</Unicode>
                </TextEquiv>
            </TextLine>
            <TextLine id="tr_1_tl_37" custom="readingOrder {index:36;}">
                <Coords points="2002,2612 2154,2590 2252,2608 2446,2610 2476,2588 2744,2600 2742,2528 2706,2518 2652,2552 2534,2502 2460,2528 2428,2508 2392,2532 2270,2512 2166,2538 2076,2504 2000,2510"/>
                <Baseline points="2013,2557 2025,2551 2115,2551 2204,2563 2294,2569 2384,2569 2473,2569 2563,2569 2653,2575 2748,2567"/>
                <TextEquiv>
                    <Unicode>litzten Essags und Reden gesammelt</Unicode>
                </TextEquiv>
            </TextLine>
        </TextRegion>
        <TextRegion id="tr_2" custom="readingOrder {index:1;}">
            <Coords points="4666,1127 6686,1127 6686,2549 4666,2549"/>
            <TextLine id="tr_2_tl_1" custom="readingOrder {index:0;}">
                <Coords points="5726,1208 5928,1190 6002,1220 6092,1186 6188,1236 6460,1196 6488,1224 6558,1188 6676,1200 6676,1114 6440,1148 6262,1108 6214,1144 5982,1132 5924,1160 5820,1128 5726,1160"/>
                <Baseline points="5736,1183 5826,1183 5915,1177 6005,1177 6095,1177 6184,1177 6274,1177 6363,1183 6453,1183 6543,1177 6632,1183 6680,1183"/>
                <TextEquiv>
                    <Unicode>in mir 14 Tagen ausverkauft.</Unicode>
                </TextEquiv>
            </TextLine>
            <TextLine id="tr_2_tl_2" custom="readingOrder {index:1;}">
                <Coords points="5756,1262 5848,1284 5916,1266 6032,1314 6128,1268 6200,1286 6236,1262 6326,1270 6430,1242 6550,1264 6552,1198 6488,1224 6460,1198 6434,1220 6316,1212 6242,1238 6130,1212 6094,1234 5956,1206 5904,1228 5758,1214"/>
                <Baseline points="5766,1254 5855,1248 5945,1248 6035,1254 6124,1254 6214,1260 6248,1262 6248,1262 6339,1242 6429,1236 6519,1248 6555,1262"/>
                <TextEquiv>
                    <Unicode>damit „beschäftigt eine grosse Beischung</Unicode>
                </TextEquiv>
            </TextLine>
            <TextLine id="tr_2_tl_3" custom="readingOrder {index:2;}">
                <Coords points="5750,1334 5908,1340 5984,1376 6158,1338 6202,1358 6408,1320 6454,1338 6456,1250 6326,1272 6238,1260 6190,1296 6096,1288 6030,1316 5806,1280 5752,1298"/>
                <Baseline points="5760,1320 5808,1320 5897,1326 5987,1332 6077,1332 6166,1332 6252,1300 6252,1300 6345,1308 6435,1314 6459,1316"/>
                <TextEquiv>
                    <Unicode>meinen vergötterten Als</Unicode>
                </TextEquiv>
            </TextLine>
            <TextLine id="tr_2_tl_4" custom="readingOrder {index:3;}">
                <Coords points="5750,1438 5848,1416 5910,1446 5996,1438 6080,1404 6658,1434 6658,1372 6562,1338 6484,1370 6414,1324 6282,1360 6256,1340 6198,1374 6146,1348 5990,1374 5750,1350"/>
                <Baseline points="5760,1404 5850,1398 5939,1404 6029,1398 6118,1398 6208,1398 6298,1386 6387,1386 6477,1398 6567,1404 6656,1422 6662,1422"/>
                <TextEquiv>
                    <Unicode>suberkieren, wird wol auch in der Bände.</Unicode>
                </TextEquiv>
            </TextLine>
            <TextLine id="tr_2_tl_5" custom="readingOrder {index:4;}">
                <Coords points="5752,1498 5794,1478 5870,1508 5940,1476 6068,1512 6174,1476 6316,1512 6346,1490 6382,1524 6682,1520 6680,1448 6614,1466 6436,1408 6378,1444 6264,1406 6196,1452 6096,1416 5750,1448"/>
                <Baseline points="5760,1463 5850,1469 5939,1475 6029,1475 6118,1475 6208,1475 6298,1475 6387,1475 6477,1493 6567,1499 6656,1505 6686,1505"/>
                <TextEquiv>
                    <Unicode>werden. Der Stoff ist sehr weisen</Unicode>
                </TextEquiv>
            </TextLine>
            <TextLine id="tr_2_tl_6" custom="readingOrder {index:5;}">
                <Coords points="5312,1652 5318,1618 5314,1610 5330,1594 5324,1584 5328,1578 5324,1562 5330,1554 5320,1518 5322,1504 5246,1496 5252,1514 5248,1518 5262,1544 5258,1560 5276,1580 5270,1584 5270,1604 5256,1616 5252,1646"/>
                <Baseline points="5312,1643 5324,1595 5304,1499"/>
                <TextEquiv>
                    <Unicode>was erwartest</Unicode>
                </TextEquiv>
            </TextLine>
            <TextLine id="tr_2_tl_7" custom="readingOrder {index:6;}">
                <Coords points="5762,1550 6042,1550 6084,1576 6196,1548 6354,1586 6404,1562 6514,1614 6644,1586 6640,1518 6572,1508 6462,1530 6344,1490 6254,1530 6040,1502 5930,1526 5796,1480 5760,1494"/>
                <Baseline points="5772,1529 5861,1541 5951,1541 6041,1541 6130,1541 6220,1547 6310,1547 6399,1559 6489,1565 6579,1565 6644,1577"/>
                <TextEquiv>
                    <Unicode>Leben von c. 120 bis c. 40, über erfasst</Unicode>
                </TextEquiv>
            </TextLine>
            <TextLine id="tr_2_tl_8" custom="readingOrder {index:7;}">
                <Coords points="5768,1618 6136,1626 6266,1696 6358,1644 6436,1668 6532,1634 6576,1668 6652,1658 6650,1578 6518,1614 6284,1552 6162,1592 5952,1550 5914,1576 5766,1580"/>
                <Baseline points="5778,1601 5867,1607 5957,1613 6047,1613 6136,1613 6226,1619 6316,1625 6405,1631 6495,1637 6584,1631 6656,1637"/>
                <TextEquiv>
                    <Unicode>mich sehr. Bei ich doch kein Erinner, und zum</Unicode>
                </TextEquiv>
            </TextLine>
            <TextLine id="tr_2_tl_9" custom="readingOrder {index:8;}">
                <Coords points="5778,1692 5806,1682 5828,1694 5904,1684 5948,1692 5988,1722 6000,1712 6022,1730 6068,1720 6050,1610 5978,1634 5948,1626 5926,1650 5860,1634 5840,1648 5820,1636 5770,1650"/>
                <Baseline points="5784,1673 5802,1673 5891,1673 5981,1685 6073,1724"/>
                <TextEquiv>
                    <Unicode>enthuorastischer</Unicode>
                </TextEquiv>
            </TextLine>
            <TextLine id="tr_2_tl_10" custom="readingOrder {index:9;}">
                <Coords points="4748,1810 4768,1808 4780,1788 4804,1788 4824,1746 4842,1748 4874,1736 4830,1612 4812,1616 4776,1604 4758,1624 4748,1620 4738,1638 4708,1632 4686,1636"/>
                <Baseline points="4712,1683 4804,1691 4879,1743"/>
                <TextEquiv>
                    <Unicode>8/9</Unicode>
                </TextEquiv>
            </TextLine>
            <TextLine id="tr_2_tl_11" custom="readingOrder {index:10;}">
                <Coords points="6434,1778 6472,1806 6500,1802 6522,1840 6538,1836 6576,1856 6648,1672 6620,1662 6572,1668 6538,1632 6498,1648 6488,1642"/>
                <Baseline points="6446,1777 6549,1703 6638,1703 6644,1697"/>
                <TextEquiv>
                    <Unicode>24/8.</Unicode>
                </TextEquiv>
            </TextLine>
            <TextLine id="tr_2_tl_12" custom="readingOrder {index:11;}">
                <Coords points="5780,1750 5818,1746 5830,1758 5864,1752 5874,1760 5890,1750 5936,1756 5960,1746 6012,1782 6030,1768 6048,1786 6068,1784 6070,1714 6038,1710 6020,1720 5990,1692 5976,1704 5954,1696 5940,1706 5916,1696 5900,1710 5868,1716 5832,1704 5812,1684 5782,1692"/>
                <Baseline points="5790,1738 5802,1732 5891,1744 5981,1744 6073,1724"/>
                <TextEquiv>
                    <Unicode>Ihnen und de St.</Unicode>
                </TextEquiv>
            </TextLine>
            <TextLine id="tr_2_tl_13" custom="readingOrder {index:12;}">
                <Coords points="6136,1780 6174,1788 6208,1762 6242,1778 6270,1756 6306,1766 6328,1786 6394,1778 6392,1656 6338,1648 6270,1694 6204,1654 6168,1666 6158,1658 6134,1662"/>
                <Baseline points="6146,1782 6238,1756 6328,1756 6399,1792"/>
                <TextEquiv>
                    <Unicode>recembre</Unicode>
                </TextEquiv>
            </TextLine>
            <TextLine id="tr_2_tl_14" custom="readingOrder {index:13;}">
                <Coords points="5780,1798 5840,1814 5864,1804 5894,1824 5924,1806 5940,1818 5964,1808 6010,1814 6034,1828 6056,1812 6064,1822 6102,1816 6102,1764 6086,1758 6012,1780 5980,1756 5936,1752 5918,1766 5906,1758 5888,1768 5866,1754 5848,1760 5812,1746 5780,1748"/>
                <Baseline points="5790,1792 5832,1792 5921,1804 6011,1804 6106,1773"/>
                <TextEquiv>
                    <Unicode>Famen Freunden</Unicode>
                </TextEquiv>
            </TextLine>
            <TextLine id="tr_2_tl_15" custom="readingOrder {index:14;}">
                <Coords points="6136,1848 6186,1836 6220,1866 6252,1834 6260,1842 6282,1834 6306,1844 6322,1830 6350,1838 6376,1820 6394,1822 6394,1780 6328,1786 6272,1754 6244,1776 6210,1764 6180,1782 6154,1770 6136,1772"/>
                <Baseline points="6146,1782 6232,1822 6322,1816 6399,1792"/>
                <TextEquiv>
                    <Unicode>24/1.</Unicode>
                </TextEquiv>
            </TextLine>
            <TextLine id="tr_2_tl_16" custom="readingOrder {index:15;}">
                <Coords points="4840,1868 4940,1866 5048,1902 5152,1874 5216,1896 5340,1880 5570,1904 5568,1838 5498,1830 5400,1858 5306,1832 5148,1848 5050,1818 4838,1830"/>
                <Baseline points="4848,1850 4941,1864 5031,1870 5120,1870 5210,1870 5300,1870 5389,1876 5479,1876 5569,1888 5575,1888"/>
                <TextEquiv>
                    <Unicode>als ein Juhr noch nehmen. Ich deutte</Unicode>
                </TextEquiv>
            </TextLine>
            <TextLine id="tr_2_tl_17" custom="readingOrder {index:16;}">
                <Coords points="6126,1930 6152,1924 6182,1940 6230,1914 6266,1920 6288,1938 6306,1936 6308,1870 6284,1868 6246,1842 6184,1888 6178,1882 6158,1892 6126,1880"/>
                <Baseline points="6136,1924 6220,1912 6310,1918"/>
                <TextEquiv>
                    <Unicode>a le</Unicode>
                </TextEquiv>
            </TextLine>
            <TextLine id="tr_2_tl_18" custom="readingOrder {index:17;}">
                <Coords points="6482,1976 6492,1974 6500,1982 6508,1974 6526,1974 6548,1984 6560,1972 6594,1990 6628,1992 6614,1872 6588,1870 6558,1844 6532,1838 6494,1884 6470,1892"/>
                <Baseline points="6484,1924 6579,1924 6628,1948"/>
                <TextEquiv>
                    <Unicode>be</Unicode>
                </TextEquiv>
            </TextLine>
            <TextLine id="tr_2_tl_19" custom="readingOrder {index:18;}">
                <Coords points="4906,1956 4966,1974 5000,1944 5122,1962 5206,1940 5278,1958 5444,1946 5576,1974 5594,1968 5594,1902 5270,1886 5224,1912 5142,1874 5070,1914 4996,1876 4904,1868"/>
                <Baseline points="4917,1948 5007,1936 5097,1942 5186,1936 5276,1936 5365,1942 5455,1942 5545,1953 5599,1959"/>
                <TextEquiv>
                    <Unicode>in oft an Wien und an die Freunde</Unicode>
                </TextEquiv>
            </TextLine>
            <TextLine id="tr_2_tl_20" custom="readingOrder {index:19;}">
                <Coords points="4908,2060 4968,2026 5100,2042 5164,2004 5262,2036 5308,2016 5452,2040 5476,2024 5586,2032 5584,1998 5530,1998 5458,1960 5364,2000 5312,1966 5270,1986 5144,1954 5068,1986 5038,1960 4990,1952 4962,1974 4904,1952"/>
                <Baseline points="4917,1988 5013,2001 5103,2001 5192,2007 5282,2007 5371,2013 5461,2013 5551,2019 5587,2019"/>
                <TextEquiv>
                    <Unicode>dort. Seit wir uns in November</Unicode>
                </TextEquiv>
            </TextLine>
            <TextLine id="tr_2_tl_21" custom="readingOrder {index:20;}">
                <Coords points="5086,2088 5178,2090 5194,2106 5294,2072 5576,2110 5574,2042 5548,2028 5398,2038 5370,2022 5304,2042 5212,2030 5162,2006 5114,2036 5084,2036"/>
                <Baseline points="5097,2074 5192,2073 5282,2073 5371,2073 5461,2079 5551,2085 5581,2085"/>
                <TextEquiv>
                    <Unicode>chen ist. Alles verändert</Unicode>
                </TextEquiv>
            </TextLine>
            <TextLine id="tr_2_tl_22" custom="readingOrder {index:21;}">
                <Coords points="4902,2148 4974,2130 5110,2164 5150,2134 5218,2154 5270,2136 5340,2162 5466,2160 5502,2182 5554,2170 5550,2096 5258,2106 5102,2082 5038,2106 4898,2056"/>
                <Baseline points="4913,2133 5001,2127 5097,2125 5097,2125 5192,2133 5282,2133 5371,2139 5461,2145 5551,2151 5557,2151"/>
                <TextEquiv>
                    <Unicode>Ich kann beim verstehen, dass es</Unicode>
                </TextEquiv>
            </TextLine>
            <TextLine id="tr_2_tl_23" custom="readingOrder {index:22;}">
                <Coords points="4904,2222 4938,2230 4988,2198 5036,2226 5140,2208 5242,2226 5292,2204 5440,2226 5468,2214 5466,2160 5368,2180 5328,2158 5304,2174 5250,2170 5166,2138 5090,2166 5028,2142 4898,2136"/>
                <Baseline points="4911,2155 5007,2193 5097,2198 5186,2198 5276,2198 5365,2204 5455,2204 5473,2210"/>
                <TextEquiv>
                    <Unicode>6 past others 5 Jahre her isf.</Unicode>
                </TextEquiv>
            </TextLine>
            <TextLine id="tr_2_tl_24" custom="readingOrder {index:23;}">
                <Coords points="6370,2186 6432,2180 6496,2210 6506,2202 6548,2216 6600,2208 6594,2058 6566,2052 6530,2084 6498,2066 6424,2092 6392,2076 6368,2086"/>
                <Baseline points="6381,2157 6471,2157 6561,2163 6602,2163"/>
                <TextEquiv>
                    <Unicode>105</Unicode>
                </TextEquiv>
            </TextLine>
            <TextLine id="tr_2_tl_25" custom="readingOrder {index:24;}">
                <Coords points="4930,2272 5064,2286 5132,2266 5214,2324 5280,2282 5330,2304 5384,2278 5560,2292 5556,2230 5518,2224 5390,2216 5332,2250 5268,2252 5186,2212 5040,2226 4976,2200 4928,2230"/>
                <Baseline points="4941,2258 5031,2264 5120,2264 5210,2270 5300,2276 5389,2276 5479,2276 5563,2288"/>
                <TextEquiv>
                    <Unicode>Bitte schon mich in der Erinnerung</Unicode>
                </TextEquiv>
            </TextLine>
            <TextLine id="tr_2_tl_26" custom="readingOrder {index:25;}">
                <Coords points="4918,2332 4982,2354 5028,2338 5090,2372 5176,2358 5220,2382 5250,2348 5332,2352 5392,2392 5518,2386 5578,2406 5570,2290 5382,2300 5346,2322 5238,2304 5214,2324 5124,2268 5018,2306 4912,2266"/>
                <Baseline points="4929,2330 5019,2330 5109,2330 5198,2336 5288,2348 5377,2354 5467,2360 5557,2378 5581,2378"/>
                <TextEquiv>
                    <Unicode>Ihrer Frau Gemahlin und Bürger Hofmann</Unicode>
                </TextEquiv>
            </TextLine>
            <TextLine id="tr_2_tl_27" custom="readingOrder {index:26;}">
                <Coords points="4658,2436 4838,2434 4876,2454 4976,2398 5032,2430 5086,2406 5136,2428 5190,2416 5188,2358 5062,2366 5024,2336 4974,2360 4828,2282 4776,2280 4734,2300 4654,2284"/>
                <Baseline points="4666,2384 4756,2384 4846,2384 4935,2402 5025,2390 5115,2390 5192,2402"/>
                <TextEquiv>
                    <Unicode>zurückzweifen.</Unicode>
                </TextEquiv>
            </TextLine>
            <TextLine id="tr_2_tl_28" custom="readingOrder {index:27;}">
                <Coords points="5050,2486 5134,2514 5186,2500 5202,2512 5230,2492 5284,2486 5310,2462 5396,2482 5418,2502 5432,2498 5432,2452 5358,2440 5324,2420 5296,2434 5266,2408 5184,2410 5150,2432 5104,2420 5082,2400 5048,2398"/>
                <Baseline points="5061,2449 5150,2461 5240,2461 5330,2455 5419,2467 5437,2467"/>
                <TextEquiv>
                    <Unicode>Ihr ganz ergebener</Unicode>
                </TextEquiv>
            </TextLine>
            <TextLine id="tr_2_tl_29" custom="readingOrder {index:28;}">
                <Coords points="6216,2450 6226,2448 6248,2468 6268,2454 6290,2456 6348,2490 6416,2490 6410,2352 6348,2372 6336,2366 6304,2370 6288,2360 6270,2364 6260,2356 6230,2368 6212,2366"/>
                <Baseline points="6226,2455 6316,2449 6405,2461 6417,2461"/>
                <TextEquiv>
                    <Unicode>P.S.</Unicode>
                </TextEquiv>
            </TextLine>
            <TextLine id="tr_2_tl_30" custom="readingOrder {index:29;}">
                <Coords points="5278,2594 5294,2586 5324,2592 5348,2576 5376,2584 5456,2572 5512,2588 5552,2572 5582,2576 5580,2488 5562,2482 5546,2486 5530,2472 5508,2490 5486,2492 5436,2472 5402,2490 5328,2462 5276,2480"/>
                <Baseline points="5288,2533 5377,2521 5467,2521 5557,2527 5587,2539"/>
                <TextEquiv>
                    <Unicode>Georg Brandes</Unicode>
                </TextEquiv>
            </TextLine>
        </TextRegion>
    </Page>
</PcGts>
