7485 3608
3174 412 3646 576 Votre très bien aussi avec la viele
1914 424 2176 566 1:11 1.¼
1904 1228 2880 1334 Hier haben und schensoliches Wetter,
670 1234 1730 1360 dort nur zwei Stunden. Ich hatte mir
1930 1314 2922 1440 fast Winter „ Mitte Juli gehe ich
658 1326 1758 1454 Schen, die wieder aufzusuchen. Ich finde
1942 1392 2904 1516 nach Paulsbad  ich habe mit Georges
670 1414 1722 1536 mich selbst aber f für Fremde ein
1942 1498 2868 1608 Clemenclam verabredt, ihm dort zu
670 1504 1752 1624 müdend, fuhr deshalb nur durch. ich
1960 1566 2118 1712 treffen.
676 1574 1754 1700 war bewegt, unaufgelegt zum brechen.
838 1658 1740 1790 Durch Ihre güte erhielt ich Pe¬
2098 1656 2636 1806 Von ganzem Herzen
694 1750 1712 1870 nate Frichs; es ist ein starkes Buch,
676 1832 1746 1962 aber die Inwund der so willkürlich das
688 1908 1746 2018 Nachkanden der Heldin. Das Besto
2510 1916 2912 2114 Georg Brandes
682 2004 1680 2118 sind die Details, scheint mir, die
700 2086 1722 2216 vieler tiefen Peflesener.  In Genzen
700 2194 1758 2308 jedoch kenst = lienst, nicht kunst = Natur
730 2262 1748 2358 dit es nicht unter? Aber der Mann
740 2344 1330 2452 hat sehr viel Talent.
6602 424 7322 590 1 1/2 1/4 „ „ 9 „ — „
5188 410 5784 592 1 1/2 1/4 „ 4 „ „ —„ —: —: 4. —:
5352 900 6122 1080 Mittwock 26-6-1901
5658 1036 5912 1184 Ihr
4980 1210 5956 1364 Verehrter Herr Schnitzler!
4982 1332 6024 1480 Ich kenne Sie ein wenig
4982 1450 6064 1558 durch die Freundschaft die
4994 1520 6156 1694 mein Vater für sie hegt; habe
5024 1644 6156 1768 Ausserdem, alle Ihre Schriften
5016 1738 6108 1922 gelesen. Recht sehr ums den
5030 1840 6186 2026 Sie mich verpflichten, wollten
5042 1966 6138 2116 Sie wir für mein Album,
5034 2052 6066 2218 worin eine dienge grosser
5042 2172 6120 2338 Manner geschrieben haben
5030 2280 6010 2430 ein Paar Zeilen senden.
5424 2388 6286 2530 Thre Grosse Beurinderin
5496 2486 6138 2628 Edith Brandes.
4930 2696 5962 2874 Harnegade 55. Kopenhagen
