8068 3624
2766 440 3616 582 Monsieur Männer gekommen werden möchte, sie sich so wäre
1792 424 2156 570 Votre très-vaiset.
2174 886 2496 1020 Bogenhagen
2286 996 2534 1122 28 Dec. 97
1432 1214 2050 1366 Lieber Herr Doctor,
1302 1434 2588 1586 Ich werde im Anfang im Januar von hier
1336 1540 2620 1668 reisen und vielleicht gegen die Mitte des Mo¬
1428 1636 1902 1744 auf der Prise südwärts
1336 1642 2618 1802 nats in Wien ankommen können. Ob ich die
1348 1746 2632 1878 Stadt einige Tage besuche, hängt fern Theil
1362 1858 2626 2006 davon ab, ob ich Sie und Herrn Hofmann-Beer.
1360 1964 2596 2122 in Wien treffen werde; ich kenne nur wenige
1958 2076 2644 2224 Une eine Teile bittet deshalb
1380 2116 1740 2236 Personen dort.
1966 2210 2374 2306 Ihr ergebener
2128 2300 2536 2502 Georg Brandes
1350 2502 2620 2702 Nennen Sie mir ein gutes und angerehmes Hotel.
6576 410 6742 538 G.C.R.
6384 712 7196 882 Taormina (Sicilia) Hotel Timeo
4390 832 5744 962 von 5 Uhr ab, lese und schreibe viel, oder so
6828 864 7164 998 16 März 98
4424 928 5774 1112 viel ich vermag, denn all wird darum bin ich.
4562 1048 5752 1240 Ich denk Herrn Beer Hofmann viel. für
5982 1102 6694 1274 Liebster Dr. Schnitzler
4434 1206 5768 1312 des Buch in d'Anmonzio, das ich fürschen Wien¬
5912 1312 7154 1454 Ich fühle mich Ihnen und Herrn Dr.
4430 1320 5776 1472 und Florenz las; es war und eigentlich zuwider,
4430 1424 5714 1564 und ich mag auch das Uebrige von d'Anmerzord
5912 1428 7136 1592 Beer. Hofmann gegenüber wirklich wie ein
4442 1524 5756 1712 nur wenig. Uebrigens war die Uebersehung aber
5924 1566 7184 1670 Schwernehernd. Ich nehme in Wien Ihre Zeit.
4430 1664 5788 1838 stück gekürzt, als ich sie mit dem Original ver¬
5942 1664 7212 1816 in Anspruch; Sie aber täglich, wie es und
4454 1778 5786 1934 glich. Grüssen Sie sehr herzlich den weisen
5936 1808 7204 1930 gehlt, Sie beide sind die letzten, die mich
4454 1902 5144 2030 Mann, Willzeile 15, I
5948 1906 7208 2060 in Wien besuchend; ich reise fort und lasse
4586 1996 5720 2146 Ich bitte Sie mich auch Ihrer Frau
5948 2028 7208 2146 nicht von mir hören, denke Ihnen nicht ein¬
4500 2114 5446 2292 Mutter bestens zu empfehlen.
5936 2154 7196 2274 mal. Nur hoffe ich dass Sie einen stum¬
5960 2252 7190 2414 nen Gruss von mir bekommen haben, das ich
5010 2286 5418 2464 Ihr ergebener
5960 2372 7200 2534 meine Tochter bet, Ihnen einige alten Druck¬
5166 2448 5696 2692 Georg Brandes
5972 2550 6502 2670 sachen zu senden.
5966 2644 7190 2782 Der Anfang meiner Peise in Ihlen war
6014 2756 7232 2938 Durch die Krankheit meiner Mutter oder
