7605 3657
2950 426 3342 536 „ 1, „ „ — „
1912 880 2108 1022 5 März 13
1232 954 1814 1068 Mein verehrtester Freund
1256 1024 2158 1152 Ich erhalte hier (Hotel Métropble, Taormina,
1244 1124 2142 1230 Ihren liebenverwürdigen Brief, der mir heiß, dass ich
1250 1190 2164 1280 Unrecht hatte zu glauben, was die Professorin Dückerland
1238 1240 2152 1362 mich in Wien über den Malers Ihres Schmüsquels erzählte.
1248 1304 2152 1408 Ich bitte sie mein dathum zu entschuldigen.
1242 1360 2082 1462 sollte eine Vertreuen an dergleichen Mittheilungen
1316 1422 2078 1524 Ich haben nie die Ueberstgang eines vor
1242 1470 2146 1566 geschrieben Mittels gesehen, und ich hatte Sogn.
1248 1530 2178 1624 ganz vergessen, dass ich vor Monaten der Seite¬
1260 1582 2154 1692 graphen in Paris bet, Ihnen mein P. B. zu senden.
1302 1634 2172 1744 Es geht mir mit Ihnen heute, wie es mir wöche,
1254 1708 2176 1820 lich mit meiner lebsten Freundin geht, die augenblich
1250 1766 2164 1878 tich, auf einer Secreise begriffen, viele in Hengkong
1252 1812 2182 1922 befindet. Wenn Ihre Antworten kennen, vorstehe
1270 1880 2184 2026 sir kann, weil ich meine alten Briefe ganz
1268 1948 1590 2038 vergessen habe.
1344 1988 2164 2104 Ich echs nach Paris in Pallenza, Rom,
1280 2056 2140 2156 Neapel, Palerino und längere drit in Tunis.
1278 2126 2182 2228 das mir sehr gefiel trotz des ungünkopsten Wetters
1302 2194 2158 2296 Ich soll in April in Neapel und Reue,
1292 2254 1968 2360 reden, deutte etwa am 1. Mai in
1274 2312 1968 2416 zurück zu sein. Hier bleibe ich
2022 2264 2220 2398 susitühr
5218 450 5452 564 1 1/2 1
5098 934 5934 1050 drei Wochen. Hier hab ich endlich
5110 998 5402 1078 sonne gefunden.
5122 1034 5936 1150 Habensch mich mich unrichtig ausgedrückt,
5104 1108 6000 1234 Brunnen Sie wenigstens nicht meine Freundschaften
5104 1184 5692 1292 liche Grimmung bezweifeln.
5846 1246 5956 1486 A.H.T.O.L.K
5174 1240 5846 1354 Ihre werthe und liebe Frau
5108 1290 5836 1422 Gemahlin und die beiden mit 40
5108 1382 5904 1504 lieben Beer-Hofmanns, bitte ich
5114 1452 5558 1538 an mich In crimonn.
5104 1488 5862 1626 Ihr ergebener Georg Brandstrück
5576 1578 5750 1778 H.
5714 1658 5900 1788 G. A.
5268 2002 5484 2150 24/8
