<?xml version="1.0" encoding="UTF-8" standalone="yes"?>
<PcGts xmlns="http://schema.primaresearch.org/PAGE/gts/pagecontent/2013-07-15" xmlns:xsi="http://www.w3.org/2001/XMLSchema-instance" xsi:schemaLocation="http://schema.primaresearch.org/PAGE/gts/pagecontent/2013-07-15 http://schema.primaresearch.org/PAGE/gts/pagecontent/2013-07-15/pagecontent.xsd">
    <Metadata>
        <Creator>prov=READ-COOP:name=TrHtr:version=2.1.0:model_id=51170:date=25_07_2023_15:46</Creator>
        <Created>2023-05-02T07:44:27.100+02:00</Created>
        <LastChange>2023-07-25T15:46:14.480+02:00</LastChange>
        <TranskribusMetadata docId="1416704" pageId="54950195" pageNr="33" tsid="130711369" status="IN_PROGRESS" userId="64420" imgUrl="https://files.transkribus.eu/Get?id=HLYBNNBMJGDFTOFTBGXQLGPY&amp;fileType=view" xmlUrl="https://files.transkribus.eu/Get?id=TMYONLOIMHYECYTKUUWLWPBD" imageId="44453921"/>
    </Metadata>
    <Page imageFilename="1416704_0033.jpg" imageWidth="7583" imageHeight="3658">
        <ReadingOrder>
            <OrderedGroup id="ro_1711829862543" caption="Regions reading order">
                <RegionRefIndexed index="0" regionRef="tr_2"/>
                <RegionRefIndexed index="1" regionRef="tr_1"/>
            </OrderedGroup>
        </ReadingOrder>
        <TextRegion id="tr_2" custom="readingOrder {index:0;}">
            <Coords points="1123,446 2570,446 2570,2896 1123,2896"/>
            <TextLine id="tr_2_tl_1" custom="readingOrder {index:0;}">
                <Coords points="1388,486 1412,490 1424,502 1432,498 1464,510 1484,510 1496,520 1536,520 1540,422 1512,424 1486,434 1472,426 1452,434 1434,422 1422,432 1390,430"/>
                <Baseline points="1398,502 1452,496 1542,496"/>
                <TextEquiv>
                    <Unicode>xx</Unicode>
                </TextEquiv>
            </TextLine>
            <TextLine id="tr_2_tl_2" custom="readingOrder {index:1;}">
                <Coords points="1608,530 1670,506 1792,544 1848,516 1900,544 1996,514 2310,534 2420,510 2548,542 2564,424 2060,448 1796,416 1606,450"/>
                <Baseline points="1619,520 1709,514 1799,514 1888,514 1978,514 2068,514 2157,520 2247,520 2337,520 2426,514 2516,520 2570,525"/>
                <TextEquiv>
                    <Unicode>1 1/2 t. p. a. v. 4 w. 1 f. 4 1. 4.</Unicode>
                </TextEquiv>
            </TextLine>
            <TextLine id="tr_2_tl_3" custom="readingOrder {index:2;}">
                <Coords points="1564,1000 1746,1016 2010,956 2044,972 2094,942 2274,976 2338,950 2344,854 2026,880 1984,904 1878,886 1806,924 1700,856 1574,864"/>
                <Baseline points="1577,974 1625,968 1715,962 1805,956 1894,950 1984,944 2074,938 2163,932 2253,926 2343,926"/>
                <TextEquiv>
                    <Unicode>Rogenhagen (genügende Diesse)</Unicode>
                </TextEquiv>
            </TextLine>
            <TextLine id="tr_2_tl_4" custom="readingOrder {index:3;}">
                <Coords points="1888,1092 1990,1098 2026,1074 2068,1096 2116,1096 2210,1040 2302,1028 2340,1040 2344,972 2302,964 2274,978 2216,964 2118,1014 2104,1004 2086,1014 2042,980 2014,1000 1894,992"/>
                <Baseline points="1900,1045 1984,1040 2074,1034 2163,1028 2253,1022 2343,1022"/>
                <TextEquiv>
                    <Unicode>4 December 15</Unicode>
                </TextEquiv>
            </TextLine>
            <TextLine id="tr_2_tl_5" custom="readingOrder {index:4;}">
                <Coords points="1146,1338 1194,1344 1260,1310 1336,1320 1374,1304 1388,1318 1518,1294 1604,1326 1610,1224 1500,1214 1430,1242 1364,1224 1308,1246 1276,1226 1242,1240 1204,1218 1152,1234"/>
                <Baseline points="1159,1297 1165,1297 1255,1297 1344,1297 1434,1285 1524,1279 1613,1279"/>
                <TextEquiv>
                    <Unicode>Verehrter Freund</Unicode>
                </TextEquiv>
            </TextLine>
            <TextLine id="tr_2_tl_6" custom="readingOrder {index:5;}">
                <Coords points="1108,1472 2386,1360 2392,1292 2304,1268 1610,1350 1116,1348"/>
                <Baseline points="1123,1416 1135,1416 1225,1410 1314,1410 1404,1404 1494,1392 1583,1386 1673,1386 1763,1380 1852,1380 1942,1368 2032,1356 2121,1350 2211,1344 2301,1338 2390,1332"/>
                <TextEquiv>
                    <Unicode>Diese Jahre sind vergangen, seit ich Ihr</Unicode>
                </TextEquiv>
            </TextLine>
            <TextLine id="tr_2_tl_7" custom="readingOrder {index:6;}">
                <Coords points="1132,1586 1348,1514 2414,1484 2418,1418 2314,1388 1924,1418 1850,1386 1756,1446 1644,1416 1264,1474 1202,1422 1140,1442"/>
                <Baseline points="1147,1518 1165,1518 1255,1512 1344,1512 1434,1500 1524,1494 1613,1488 1703,1488 1793,1476 1882,1470 1972,1464 2062,1464 2151,1458 2241,1452 2331,1446 2420,1458"/>
                <TextEquiv>
                    <Unicode>Gast war und die Freude hatte, in Ihrem</Unicode>
                </TextEquiv>
            </TextLine>
            <TextLine id="tr_2_tl_8" custom="readingOrder {index:7;}">
                <Coords points="1136,1646 1560,1608 1680,1638 1898,1590 2020,1634 2146,1580 2402,1590 2406,1516 1930,1506 1646,1570 1140,1578"/>
                <Baseline points="1147,1619 1153,1619 1243,1619 1332,1613 1422,1613 1512,1607 1601,1601 1691,1595 1781,1583 1870,1583 1960,1583 2050,1577 2139,1571 2229,1566 2319,1560 2408,1566"/>
                <TextEquiv>
                    <Unicode>Hein mit Ihnen, Ihrer Frau Gemahlin und</Unicode>
                </TextEquiv>
            </TextLine>
            <TextLine id="tr_2_tl_9" custom="readingOrder {index:8;}">
                <Coords points="1158,1760 1340,1728 1576,1766 1746,1706 1932,1742 2350,1710 2434,1700 2438,1640 2154,1584 1958,1660 1166,1654"/>
                <Baseline points="1171,1733 1183,1733 1273,1727 1362,1727 1452,1721 1542,1715 1631,1715 1721,1709 1811,1703 1900,1691 1990,1685 2080,1673 2169,1667 2259,1661 2349,1661 2438,1661"/>
                <TextEquiv>
                    <Unicode>Ihren Freunden zu verkehren. Seit dem</Unicode>
                </TextEquiv>
            </TextLine>
            <TextLine id="tr_2_tl_10" custom="readingOrder {index:9;}">
                <Coords points="1170,1870 1720,1834 1846,1860 1920,1810 2436,1816 2464,1700 1632,1752 1542,1798 1176,1784"/>
                <Baseline points="1183,1840 1207,1840 1297,1834 1386,1829 1476,1823 1566,1817 1655,1817 1745,1805 1834,1805 1924,1799 2014,1787 2103,1781 2193,1775 2283,1763 2372,1763 2462,1769"/>
                <TextEquiv>
                    <Unicode>wie viel unerhörtes ist geschehen! Alles ist</Unicode>
                </TextEquiv>
            </TextLine>
            <TextLine id="tr_2_tl_11" custom="readingOrder {index:10;}">
                <Coords points="1170,1974 1216,1974 1276,1950 1302,1968 1316,1960 1344,1988 1380,1990 1450,1942 1494,1950 1542,1924 1622,1930 1626,1866 1562,1876 1528,1850 1504,1866 1466,1860 1424,1880 1402,1872 1358,1894 1338,1888 1300,1912 1264,1884 1206,1910 1194,1896 1174,1902"/>
                <Baseline points="1183,1948 1267,1942 1356,1936 1446,1930 1536,1924 1625,1918"/>
                <TextEquiv>
                    <Unicode>anders geworden.</Unicode>
                </TextEquiv>
            </TextLine>
            <TextLine id="tr_2_tl_12" custom="readingOrder {index:11;}">
                <Coords points="1346,2046 1562,2062 2058,2000 2182,2022 2304,1982 2454,2008 2476,1896 2196,1948 1964,1924 1766,1976 1632,1986 1586,1956 1348,1992"/>
                <Baseline points="1356,2044 1398,2038 1488,2032 1577,2032 1667,2020 1757,2014 1846,2008 1936,2002 2026,1996 2115,1990 2205,1984 2295,1978 2384,1972 2474,1978"/>
                <TextEquiv>
                    <Unicode>Ich wollte Ihnen schon von einem Monaten</Unicode>
                </TextEquiv>
            </TextLine>
            <TextLine id="tr_2_tl_13" custom="readingOrder {index:12;}">
                <Coords points="1198,2214 1524,2144 1686,2182 1768,2136 1952,2128 2016,2168 2258,2098 2354,2126 2462,2102 2466,2042 2394,2000 2220,2040 1904,2026 1676,2080 1598,2036 1316,2114 1206,2100"/>
                <Baseline points="1213,2163 1303,2157 1392,2145 1482,2139 1571,2133 1661,2127 1751,2127 1840,2115 1930,2109 2020,2109 2109,2097 2199,2091 2289,2091 2378,2080 2468,2086"/>
                <TextEquiv>
                    <Unicode>für Ihre Dauerhaft Freundschaft danken, das</Unicode>
                </TextEquiv>
            </TextLine>
            <TextLine id="tr_2_tl_14" custom="readingOrder {index:13;}">
                <Coords points="1190,2276 1578,2240 1662,2274 2104,2268 2276,2204 2458,2200 2464,2104 2082,2128 2006,2174 1622,2160 1374,2224 1260,2186 1192,2218"/>
                <Baseline points="1201,2259 1207,2259 1297,2253 1386,2253 1476,2247 1566,2241 1655,2241 1745,2235 1834,2235 1924,2223 2014,2217 2103,2211 2193,2205 2283,2193 2372,2193 2462,2199"/>
                <TextEquiv>
                    <Unicode>Sie mir die Kmödie der Worte sandten.</Unicode>
                </TextEquiv>
            </TextLine>
            <TextLine id="tr_2_tl_15" custom="readingOrder {index:14;}">
                <Coords points="1218,2394 1864,2326 2470,2334 2498,2256 2230,2218 1728,2322 1608,2282 1492,2336 1330,2266 1222,2308"/>
                <Baseline points="1231,2366 1243,2366 1332,2360 1422,2354 1512,2349 1601,2337 1691,2337 1781,2331 1870,2325 1960,2325 2050,2319 2139,2313 2229,2307 2319,2301 2408,2301 2498,2301"/>
                <TextEquiv>
                    <Unicode>Sie haben wieder einmal das Eubyninthische</Unicode>
                </TextEquiv>
            </TextLine>
            <TextLine id="tr_2_tl_16" custom="readingOrder {index:15;}">
                <Coords points="1218,2504 1336,2522 1410,2476 1864,2442 2004,2492 2322,2410 2448,2444 2500,2430 2504,2352 1224,2402"/>
                <Baseline points="1231,2468 1249,2468 1338,2468 1428,2462 1518,2456 1607,2444 1697,2444 1787,2438 1876,2432 1966,2426 2056,2426 2145,2420 2235,2408 2325,2408 2414,2402 2504,2402"/>
                <TextEquiv>
                    <Unicode>dargestellt der erstischen Neigungen und wie</Unicode>
                </TextEquiv>
            </TextLine>
            <TextLine id="tr_2_tl_17" custom="readingOrder {index:16;}">
                <Coords points="1236,2592 1350,2616 1650,2558 1850,2616 2134,2546 2270,2594 2348,2540 2470,2538 2474,2440 2366,2420 1900,2506 1788,2478 1318,2530 1242,2502"/>
                <Baseline points="1249,2582 1308,2576 1398,2570 1488,2564 1577,2564 1667,2552 1757,2546 1846,2546 1936,2546 2026,2540 2115,2534 2205,2528 2295,2522 2384,2510 2474,2516"/>
                <TextEquiv>
                    <Unicode>die Ehen die Herzen hemmen wird fesseln.</Unicode>
                </TextEquiv>
            </TextLine>
            <TextLine id="tr_2_tl_18" custom="readingOrder {index:17;}">
                <Coords points="1254,2696 1866,2684 2174,2634 2492,2656 2498,2544 2408,2526 2256,2598 1850,2618 1750,2584 1558,2628 1420,2586 1260,2602"/>
                <Baseline points="1267,2689 1332,2683 1422,2677 1512,2671 1601,2665 1691,2665 1781,2659 1870,2653 1960,2647 2050,2641 2139,2635 2229,2623 2319,2623 2408,2617 2498,2623"/>
                <TextEquiv>
                    <Unicode>Transpisches und Possierliches ist nach Ihrer</Unicode>
                </TextEquiv>
            </TextLine>
            <TextLine id="tr_2_tl_19" custom="readingOrder {index:18;}">
                <Coords points="1258,2874 1486,2790 1576,2824 2084,2742 2504,2750 2508,2672 2196,2702 2090,2664 1858,2698 1726,2664 1270,2704"/>
                <Baseline points="1273,2803 1344,2797 1434,2791 1524,2785 1613,2779 1703,2773 1793,2767 1882,2767 1972,2749 2062,2743 2151,2737 2241,2737 2331,2725 2420,2719 2510,2719"/>
                <TextEquiv>
                    <Unicode>Gewotenheit gemischt. Mir war Alles lieb.</Unicode>
                </TextEquiv>
            </TextLine>
            <TextLine id="tr_2_tl_20" custom="readingOrder {index:19;}">
                <Coords points="1476,2914 1558,2922 1632,2888 1948,2902 2306,2834 2494,2836 2498,2772 1826,2804 1768,2776 1574,2826 1482,2806"/>
                <Baseline points="1488,2886 1512,2880 1601,2874 1691,2874 1781,2869 1870,2863 1960,2857 2050,2851 2139,2851 2229,2839 2319,2833 2408,2833 2498,2827"/>
                <TextEquiv>
                    <Unicode>Von etwa drei Wochen sah ich in</Unicode>
                </TextEquiv>
            </TextLine>
        </TextRegion>
        <TextRegion id="tr_1" custom="readingOrder {index:1;}">
            <Coords points="4207,487 7041,487 7041,2849 4207,2849"/>
            <TextLine id="tr_1_tl_1" custom="readingOrder {index:0;}">
                <Coords points="5888,540 5908,536 5934,552 5970,542 5984,554 6058,542 6094,560 6108,548 6142,554 6198,538 6254,554 6276,550 6278,484 6246,498 6136,484 6108,494 6080,472 6004,498 5932,454 5890,450"/>
                <Baseline points="5899,543 5989,549 6078,537 6168,537 6258,543 6281,543"/>
                <TextEquiv>
                    <Unicode>V. P. 1 4 1/4 1 1</Unicode>
                </TextEquiv>
            </TextLine>
            <TextLine id="tr_1_tl_2" custom="readingOrder {index:1;}">
                <Coords points="5748,1080 5922,1104 6670,1034 6784,1072 6906,1030 6968,1056 6972,946 6828,932 6598,986 6454,956 6208,1018 6132,982 5752,986"/>
                <Baseline points="5761,1063 5809,1063 5899,1057 5989,1057 6078,1057 6168,1057 6258,1051 6347,1045 6437,1045 6527,1040 6616,1034 6706,1028 6795,1022 6885,1028 6975,1028"/>
                <TextEquiv>
                    <Unicode>Ich habe leider im Augenblick wieder einen</Unicode>
                </TextEquiv>
            </TextLine>
            <TextLine id="tr_1_tl_3" custom="readingOrder {index:2;}">
                <Coords points="4194,1176 4338,1164 4440,1210 4650,1138 5260,1112 5480,1150 5536,1138 5542,1006 4954,1016 4804,1080 4516,1048 4336,1116 4198,1108"/>
                <Baseline points="4207,1135 4285,1135 4375,1135 4464,1129 4554,1123 4644,1123 4733,1111 4823,1111 4913,1105 5002,1099 5092,1093 5182,1093 5271,1093 5361,1087 5451,1081 5540,1099"/>
                <TextEquiv>
                    <Unicode>einem grossen privaten Verein mit Ihr Dr. Bern</Unicode>
                </TextEquiv>
            </TextLine>
            <TextLine id="tr_1_tl_4" custom="readingOrder {index:3;}">
                <Coords points="5692,1202 5742,1226 5870,1172 6026,1168 6266,1182 6306,1216 6390,1154 6684,1186 6916,1152 6918,1078 6634,1036 6418,1110 6216,1070 6120,1114 5696,1086"/>
                <Baseline points="5702,1177 5755,1177 5845,1171 5935,1171 6024,1165 6114,1165 6204,1159 6293,1159 6383,1153 6473,1159 6562,1147 6652,1141 6742,1141 6831,1141 6921,1141"/>
                <TextEquiv>
                    <Unicode>Anfall von meiner erreichen Krankheit, der</Unicode>
                </TextEquiv>
            </TextLine>
            <TextLine id="tr_1_tl_5" custom="readingOrder {index:4;}">
                <Coords points="4196,1270 4904,1228 5128,1274 5350,1206 5444,1244 5536,1228 5538,1136 5444,1172 5272,1118 4996,1188 4560,1154 4440,1210 4198,1178"/>
                <Baseline points="4207,1249 4285,1243 4375,1249 4464,1237 4554,1231 4644,1219 4733,1219 4823,1213 4913,1219 5002,1207 5092,1207 5182,1201 5271,1195 5361,1201 5451,1213 5540,1219"/>
                <TextEquiv>
                    <Unicode>hardi im Wesentlichen ganz verzuglich aufge¬</Unicode>
                </TextEquiv>
            </TextLine>
            <TextLine id="tr_1_tl_6" custom="readingOrder {index:5;}">
                <Coords points="5716,1298 6066,1330 6260,1260 6454,1296 6770,1236 6900,1276 6952,1266 6954,1176 6712,1198 6634,1160 6508,1200 6412,1168 6052,1238 5718,1222"/>
                <Baseline points="5726,1273 5791,1273 5881,1273 5971,1273 6060,1273 6150,1267 6240,1261 6329,1255 6419,1255 6509,1255 6598,1243 6688,1237 6778,1231 6867,1237 6957,1243"/>
                <TextEquiv>
                    <Unicode>Vementzündern. Sie kann zum ersten mal in</Unicode>
                </TextEquiv>
            </TextLine>
            <TextLine id="tr_1_tl_7" custom="readingOrder {index:6;}">
                <Coords points="4228,1418 4340,1356 4580,1370 4692,1328 4950,1350 4998,1316 5048,1344 5292,1304 5510,1338 5514,1262 5322,1216 5034,1276 4658,1234 4568,1272 4238,1268"/>
                <Baseline points="4243,1362 4261,1356 4351,1350 4441,1350 4530,1338 4620,1326 4709,1326 4799,1314 4889,1314 4978,1308 5068,1303 5158,1297 5247,1297 5337,1291 5427,1285 5516,1285"/>
                <TextEquiv>
                    <Unicode>führt. Das Thück ist mir Theuer; wir</Unicode>
                </TextEquiv>
            </TextLine>
            <TextLine id="tr_1_tl_8" custom="readingOrder {index:7;}">
                <Coords points="5734,1388 6112,1420 6192,1378 6604,1346 6716,1390 6964,1346 6966,1258 6840,1310 6760,1272 6520,1324 6416,1292 6304,1316 6246,1278 5934,1338 5734,1314"/>
                <Baseline points="5744,1362 5803,1356 5893,1362 5983,1356 6072,1356 6162,1356 6252,1356 6341,1356 6431,1350 6521,1344 6610,1344 6700,1338 6790,1338 6879,1332 6969,1332"/>
                <TextEquiv>
                    <Unicode>1871 nach einem Typhus, und seit 1897 wieder</Unicode>
                </TextEquiv>
            </TextLine>
            <TextLine id="tr_1_tl_9" custom="readingOrder {index:8;}">
                <Coords points="4230,1498 4368,1452 4532,1492 4660,1440 4964,1458 5004,1428 5246,1470 5382,1414 5516,1430 5520,1366 5192,1314 4674,1422 4236,1406"/>
                <Baseline points="4243,1458 4267,1458 4357,1452 4446,1452 4536,1446 4626,1440 4715,1434 4805,1428 4895,1422 4984,1422 5074,1416 5164,1410 5253,1410 5343,1398 5433,1392 5522,1404"/>
                <TextEquiv>
                    <Unicode>kann ich mich nicht mit der Legik recht</Unicode>
                </TextEquiv>
            </TextLine>
            <TextLine id="tr_1_tl_10" custom="readingOrder {index:9;}">
                <Coords points="5728,1494 6326,1508 6546,1460 6690,1488 6768,1444 6976,1456 6978,1376 6822,1410 6510,1376 6318,1414 6170,1390 6094,1430 5976,1394 5904,1432 5730,1412"/>
                <Baseline points="5738,1458 5815,1458 5905,1458 5995,1458 6084,1452 6174,1452 6264,1452 6353,1452 6443,1452 6532,1446 6622,1446 6712,1440 6801,1440 6891,1434 6981,1440"/>
                <TextEquiv>
                    <Unicode>nur zu oft. Nach 2 1/2 Jahren macht sie mit</Unicode>
                </TextEquiv>
            </TextLine>
            <TextLine id="tr_1_tl_11" custom="readingOrder {index:10;}">
                <Coords points="4258,1604 4758,1546 4886,1578 5240,1518 5332,1580 5516,1550 5522,1428 5100,1484 4972,1450 4772,1506 4688,1470 4488,1534 4266,1488"/>
                <Baseline points="4273,1566 4357,1566 4446,1560 4536,1560 4626,1554 4715,1548 4805,1542 4895,1536 4984,1524 5074,1524 5164,1518 5253,1512 5343,1512 5433,1506 5522,1512"/>
                <TextEquiv>
                    <Unicode>befreunden, das weit jemand nicht zum</Unicode>
                </TextEquiv>
            </TextLine>
            <TextLine id="tr_1_tl_12" custom="readingOrder {index:11;}">
                <Coords points="5742,1610 5814,1588 5898,1610 5938,1600 5974,1628 6010,1600 6104,1578 6302,1590 6332,1578 6334,1512 6214,1520 6154,1488 6028,1530 5970,1512 5912,1538 5846,1540 5810,1520 5744,1532"/>
                <Baseline points="5755,1571 5797,1566 5887,1566 5977,1566 6066,1560 6156,1560 6246,1554 6335,1560"/>
                <TextEquiv>
                    <Unicode>wieder ihrem Bruch.</Unicode>
                </TextEquiv>
            </TextLine>
            <TextLine id="tr_1_tl_13" custom="readingOrder {index:12;}">
                <Coords points="4262,1696 4644,1716 4894,1640 5238,1668 5350,1620 5456,1670 5572,1652 5578,1560 5076,1586 4848,1550 4546,1626 4266,1608"/>
                <Baseline points="4273,1661 4321,1661 4411,1667 4500,1667 4590,1661 4680,1655 4769,1649 4859,1643 4949,1637 5038,1631 5128,1619 5218,1619 5307,1619 5397,1613 5487,1619 5576,1625"/>
                <TextEquiv>
                    <Unicode>Märtyrer geeignet ist er überhaupt nicht für</Unicode>
                </TextEquiv>
            </TextLine>
            <TextLine id="tr_1_tl_14" custom="readingOrder {index:13;}">
                <Coords points="5756,1692 5876,1734 6566,1650 6610,1682 6976,1680 6978,1600 6768,1622 6620,1570 6270,1604 6208,1642 6084,1590 5976,1628 5760,1610"/>
                <Baseline points="5767,1685 5815,1679 5905,1679 5995,1673 6084,1667 6174,1661 6264,1661 6353,1655 6443,1649 6532,1649 6622,1649 6712,1643 6801,1643 6891,1643 6981,1649"/>
                <TextEquiv>
                    <Unicode>Die grosse Maschine, die ich über Goette machte,</Unicode>
                </TextEquiv>
            </TextLine>
            <TextLine id="tr_1_tl_15" custom="readingOrder {index:14;}">
                <Coords points="4284,1798 4484,1782 4538,1824 4772,1758 5542,1744 5546,1654 5096,1662 4958,1712 4708,1690 4644,1730 4478,1700 4288,1740"/>
                <Baseline points="4297,1775 4381,1769 4470,1763 4560,1763 4650,1763 4739,1763 4829,1751 4919,1745 5008,1739 5098,1733 5188,1727 5277,1721 5367,1721 5457,1721 5546,1727"/>
                <TextEquiv>
                    <Unicode>seine Ueberzeigung eintreten solle. Wir lassen</Unicode>
                </TextEquiv>
            </TextLine>
            <TextLine id="tr_1_tl_16" custom="readingOrder {index:15;}">
                <Coords points="5766,1804 5908,1834 6026,1796 6204,1822 6372,1794 6552,1830 6816,1764 6968,1782 6970,1684 6652,1732 6478,1704 6394,1752 6196,1706 5918,1762 5770,1726"/>
                <Baseline points="5779,1781 5809,1775 5899,1775 5989,1775 6078,1775 6168,1775 6258,1769 6347,1769 6437,1763 6527,1763 6616,1763 6706,1757 6795,1751 6885,1745 6975,1745"/>
                <TextEquiv>
                    <Unicode>worde schnell (in diesem kleine aand) in 3,500</Unicode>
                </TextEquiv>
            </TextLine>
            <TextLine id="tr_1_tl_17" custom="readingOrder {index:16;}">
                <Coords points="4284,1922 4416,1882 4896,1890 5176,1838 5362,1876 5432,1838 5528,1882 5532,1800 5418,1800 5334,1746 4890,1814 4796,1774 4654,1786 4514,1834 4292,1800"/>
                <Baseline points="4297,1888 4369,1876 4458,1870 4548,1870 4638,1870 4727,1864 4817,1858 4907,1852 4996,1840 5086,1834 5176,1834 5265,1829 5355,1823 5445,1829 5534,1840"/>
                <TextEquiv>
                    <Unicode>ja alle Sine Protest das meiste Eingehen,</Unicode>
                </TextEquiv>
            </TextLine>
            <TextLine id="tr_1_tl_18" custom="readingOrder {index:17;}">
                <Coords points="5762,1922 5974,1916 6058,1948 6566,1880 6678,1936 6838,1874 6958,1872 6748,1814 6580,1840 6482,1806 6268,1866 6186,1822 5884,1856 5826,1820 5764,1834"/>
                <Baseline points="5773,1882 5797,1888 5887,1882 5977,1888 6066,1888 6156,1888 6246,1882 6335,1876 6425,1870 6515,1870 6604,1870 6694,1870 6784,1870 6873,1864 6963,1870"/>
                <TextEquiv>
                    <Unicode>Exemplaren verkauft. Eine wie Afschlage im</Unicode>
                </TextEquiv>
            </TextLine>
            <TextLine id="tr_1_tl_19" custom="readingOrder {index:18;}">
                <Coords points="4268,1988 4502,2020 4612,1974 4762,2006 5150,1948 5374,1990 5580,1916 5344,1870 5050,1916 4912,1880 4826,1924 4672,1872 4564,1936 4404,1912 4270,1944"/>
                <Baseline points="4279,1984 4327,1984 4417,1978 4506,1978 4596,1972 4686,1966 4775,1966 4865,1960 4955,1954 5044,1948 5134,1942 5224,1942 5313,1936 5403,1936 5492,1936 5582,1936"/>
                <TextEquiv>
                    <Unicode>weil das Protestiren doch nichts nützt; aber</Unicode>
                </TextEquiv>
            </TextLine>
            <TextLine id="tr_1_tl_20" custom="readingOrder {index:19;}">
                <Coords points="5772,2016 6064,2032 6206,1986 6420,2032 6506,2002 6684,2020 6824,1970 6944,2034 6946,1916 6780,1902 6656,1942 6522,1906 6412,1942 6342,1912 6248,1946 6092,1922 5914,1978 5774,1962"/>
                <Baseline points="5785,1990 5875,1990 5965,1990 6054,1978 6144,1978 6234,1978 6323,1978 6413,1972 6503,1978 6592,1978 6682,1978 6772,1972 6861,1966 6951,1972"/>
                <TextEquiv>
                    <Unicode>wenig verbesondt, ist erscheuen. Es sind</Unicode>
                </TextEquiv>
            </TextLine>
            <TextLine id="tr_1_tl_21" custom="readingOrder {index:20;}">
                <Coords points="4302,2094 4640,2110 5146,2054 5358,2106 5478,2040 5582,2078 5586,2000 5492,1972 5416,2010 5114,1984 4780,2016 4712,1982 4574,2024 4398,1990 4306,2014"/>
                <Baseline points="4315,2086 4333,2086 4423,2091 4512,2086 4602,2080 4692,2074 4781,2068 4871,2062 4961,2062 5050,2056 5140,2050 5229,2050 5319,2050 5409,2044 5498,2038 5588,2044"/>
                <TextEquiv>
                    <Unicode>Sie sollten nicht unsere Handlungskraft durch</Unicode>
                </TextEquiv>
            </TextLine>
            <TextLine id="tr_1_tl_22" custom="readingOrder {index:21;}">
                <Coords points="5792,2118 6088,2082 6282,2114 6548,2080 6862,2104 6976,2088 6978,2004 6620,2002 6446,2052 6282,2004 6192,2038 6116,2010 5792,2042"/>
                <Baseline points="5803,2097 5815,2086 5905,2086 5995,2080 6084,2080 6174,2080 6264,2074 6353,2074 6443,2074 6532,2074 6622,2074 6712,2074 6801,2074 6891,2068 6981,2074"/>
                <TextEquiv>
                    <Unicode>zwei recht die Bände. Auswerden habe</Unicode>
                </TextEquiv>
            </TextLine>
            <TextLine id="tr_1_tl_23" custom="readingOrder {index:22;}">
                <Coords points="4316,2218 5566,2164 5586,2122 5488,2074 5288,2136 5230,2088 5074,2076 4954,2128 4768,2104 4666,2148 4584,2112 4320,2120"/>
                <Baseline points="4327,2193 4333,2193 4423,2193 4512,2193 4602,2187 4692,2181 4781,2175 4871,2169 4961,2169 5050,2163 5140,2157 5229,2157 5319,2151 5409,2151 5498,2145 5588,2145"/>
                <TextEquiv>
                    <Unicode>Entwilligung lähmen. Das ist die alte Ironie</Unicode>
                </TextEquiv>
            </TextLine>
            <TextLine id="tr_1_tl_24" custom="readingOrder {index:23;}">
                <Coords points="5786,2204 5950,2194 6068,2242 6334,2196 6518,2242 6642,2200 6732,2218 6844,2166 6958,2190 6960,2104 6892,2086 6792,2128 6706,2090 6442,2098 6382,2142 6258,2154 6164,2116 6064,2166 5980,2128 5788,2134"/>
                <Baseline points="5797,2181 5887,2181 5977,2181 6066,2187 6156,2187 6246,2187 6335,2181 6425,2181 6515,2175 6604,2175 6694,2169 6784,2169 6873,2163 6963,2169"/>
                <TextEquiv>
                    <Unicode>ich viele grössere und kleinerenaht über</Unicode>
                </TextEquiv>
            </TextLine>
            <TextLine id="tr_1_tl_25" custom="readingOrder {index:24;}">
                <Coords points="4332,2314 4524,2340 4726,2314 4770,2348 5262,2264 5508,2306 5542,2294 5548,2174 5176,2170 5074,2228 4902,2236 4662,2192 4498,2232 4338,2206"/>
                <Baseline points="4345,2307 4381,2307 4470,2307 4560,2301 4650,2295 4739,2289 4829,2277 4919,2283 5008,2271 5098,2271 5188,2265 5277,2259 5367,2259 5457,2265 5546,2271"/>
                <TextEquiv>
                    <Unicode>der Romantität, die dem Pathes die Spitze</Unicode>
                </TextEquiv>
            </TextLine>
            <TextLine id="tr_1_tl_26" custom="readingOrder {index:25;}">
                <Coords points="5822,2300 6044,2330 6512,2284 6760,2338 6940,2288 7024,2316 7026,2238 6770,2200 6660,2244 6574,2214 6512,2246 6392,2214 6198,2256 6068,2222 5824,2240"/>
                <Baseline points="5833,2289 5923,2289 6012,2289 6102,2295 6192,2289 6281,2283 6371,2283 6461,2283 6550,2283 6640,2277 6730,2277 6819,2271 6909,2277 6999,2283 7029,2295"/>
                <TextEquiv>
                    <Unicode>die Duistände – leider in unverst Geheimsprache —</Unicode>
                </TextEquiv>
            </TextLine>
            <TextLine id="tr_1_tl_27" custom="readingOrder {index:26;}">
                <Coords points="5814,2432 5874,2408 5906,2406 5916,2414 5972,2398 5992,2406 6022,2398 6094,2400 6094,2358 6062,2376 6036,2376 6004,2346 5970,2354 5932,2332 5898,2358 5816,2370"/>
                <Baseline points="5827,2408 5917,2390 6007,2390 6096,2402"/>
                <TextEquiv>
                    <Unicode>geschrieben.</Unicode>
                </TextEquiv>
            </TextLine>
            <TextLine id="tr_1_tl_28" custom="readingOrder {index:27;}">
                <Coords points="4338,2438 4368,2452 4390,2450 4410,2434 4440,2448 4478,2442 4516,2450 4540,2438 4566,2448 4576,2438 4602,2440 4604,2362 4572,2362 4560,2352 4532,2358 4478,2324 4422,2334 4400,2322 4366,2344 4340,2342"/>
                <Baseline points="4351,2408 4441,2408 4530,2402 4608,2408"/>
                <TextEquiv>
                    <Unicode>abbricht.</Unicode>
                </TextEquiv>
            </TextLine>
            <TextLine id="tr_1_tl_29" custom="readingOrder {index:28;}">
                <Coords points="4352,2530 4940,2542 5264,2480 5492,2526 5546,2510 5552,2396 5424,2374 5102,2452 4948,2424 4548,2470 4356,2448"/>
                <Baseline points="4363,2516 4387,2516 4476,2516 4566,2510 4656,2504 4745,2498 4835,2498 4925,2492 5014,2486 5104,2486 5194,2480 5283,2474 5373,2468 5463,2462 5552,2468"/>
                <TextEquiv>
                    <Unicode>Doch, uns liegt heutzeitige in alle dem!</Unicode>
                </TextEquiv>
            </TextLine>
            <TextLine id="tr_1_tl_30" custom="readingOrder {index:29;}">
                <Coords points="5846,2528 6636,2540 6832,2506 6980,2534 7014,2520 7016,2392 6638,2462 5848,2448"/>
                <Baseline points="5857,2516 5941,2516 6030,2516 6120,2516 6210,2516 6299,2516 6389,2510 6479,2510 6568,2504 6658,2504 6748,2504 6837,2498 6927,2498 7017,2510"/>
                <TextEquiv>
                    <Unicode>Peter Nansen, den sie kennen, auf seiner Production</Unicode>
                </TextEquiv>
            </TextLine>
            <TextLine id="tr_1_tl_31" custom="readingOrder {index:30;}">
                <Coords points="4350,2654 4440,2620 4734,2674 4870,2606 5108,2628 5430,2568 5500,2592 5532,2518 4780,2524 4720,2572 4356,2550"/>
                <Baseline points="4363,2623 4369,2623 4458,2612 4548,2617 4638,2617 4727,2612 4817,2606 4907,2600 4996,2594 5086,2588 5176,2582 5265,2576 5355,2570 5445,2564 5534,2570"/>
                <TextEquiv>
                    <Unicode>Marduff sagt: O hevor, hervor,</Unicode>
                </TextEquiv>
            </TextLine>
            <TextLine id="tr_1_tl_32" custom="readingOrder {index:31;}">
                <Coords points="5846,2626 6046,2668 6136,2632 6436,2620 6784,2656 6886,2620 6984,2634 6984,2556 6654,2600 6294,2550 6202,2594 6078,2562 5846,2578"/>
                <Baseline points="5857,2617 5947,2617 6036,2617 6126,2623 6216,2623 6305,2617 6395,2617 6485,2617 6574,2612 6664,2617 6754,2617 6843,2617 6933,2617 6987,2623"/>
                <TextEquiv>
                    <Unicode>wieder aufgenommen und u. a. eine nicht</Unicode>
                </TextEquiv>
            </TextLine>
            <TextLine id="tr_1_tl_33" custom="readingOrder {index:32;}">
                <Coords points="5272,2692 5342,2718 5362,2704 5400,2712 5482,2692 5608,2736 5612,2528 5582,2536 5516,2588 5490,2588 5440,2616 5342,2616 5312,2596 5274,2602"/>
                <Baseline points="5283,2677 5343,2671 5433,2671 5522,2665 5612,2671"/>
                <TextEquiv>
                    <Unicode>Tougne nor heart</Unicode>
                </TextEquiv>
            </TextLine>
            <TextLine id="tr_1_tl_34" custom="readingOrder {index:33;}">
                <Coords points="5870,2762 5970,2740 6212,2774 6282,2730 6526,2722 6724,2768 6968,2768 7038,2742 7038,2666 6826,2632 6624,2680 6502,2640 6350,2702 5870,2688"/>
                <Baseline points="5881,2725 5971,2725 6060,2731 6150,2731 6240,2725 6329,2725 6419,2725 6509,2719 6598,2725 6688,2725 6778,2725 6867,2725 6957,2725 7041,2737"/>
                <TextEquiv>
                    <Unicode>unbedeutende grosse Nevelle erscheinen lassen.</Unicode>
                </TextEquiv>
            </TextLine>
            <TextLine id="tr_1_tl_35" custom="readingOrder {index:34;}">
                <Coords points="4580,2786 4812,2780 4910,2822 5268,2792 5380,2818 5452,2790 5452,2722 5378,2702 5186,2720 5106,2700 4984,2752 4826,2740 4766,2708 4674,2752 4580,2724"/>
                <Baseline points="4590,2779 4650,2779 4739,2779 4829,2779 4919,2779 5008,2773 5098,2767 5188,2767 5277,2767 5367,2761 5457,2761"/>
                <TextEquiv>
                    <Unicode>Cannot conceive nor name thee.</Unicode>
                </TextEquiv>
            </TextLine>
            <TextLine id="tr_1_tl_36" custom="readingOrder {index:35;}">
                <Coords points="5876,2874 6106,2900 6422,2836 7036,2856 7036,2744 6956,2772 6340,2758 6208,2804 6106,2758 5876,2760"/>
                <Baseline points="5887,2833 5977,2833 6066,2833 6156,2833 6246,2827 6335,2833 6425,2827 6515,2827 6604,2833 6694,2827 6784,2827 6873,2827 6963,2827 7041,2839"/>
                <TextEquiv>
                    <Unicode>selbst tief er leider kranken Er hat zuviele.</Unicode>
                </TextEquiv>
            </TextLine>
        </TextRegion>
    </Page>
</PcGts>
