7645 3688
1570 416 2442 564 1 1 1/2 1/4 „ „ 4 „ — „ 9 „
3164 420 3706 568 Von tädtigen und kosten wäre, nicht schon.
1240 366 1470 586 7,7
2280 634 2552 808 52 x
1874 842 2596 994 Hopenhagen 5 Januar 22.
1404 1042 2126 1184 Verehrter lieber Freund
1320 1254 2598 1400 Es war mir eine Freude, im Ihnen zu
1314 1380 2584 1510 hören, eine noch grössere, dass sie jenes
1318 1488 2568 1622 schon alte Buch, das ich seit 1915 nie
1314 1576 2596 1748 wieder angeschen habe, mit Befriedigung gelesen.
1332 1718 2574 1850 Welcher Flich für mich, eine Sprache zu
1326 1818 2592 1930 schreiben, die Niemand versteht. Ich indehte
1320 1890 2590 2052 Ihnen so gern die späteren Bücher, Voltaire,
1338 1992 2590 2164 Ausar, Michelangels, Ingeschickt haben. Auch
1350 2116 2600 2272 was ich in der letzten Zeit über Somor ge¬
1366 2224 1578 2354 schrieben.
1446 2328 2584 2454 Ich weiss nicht, ob Ihre Eilungen davon,
1374 2426 2570 2588 gesprochen, dass (weil es am 3. November
1378 2552 2584 2680 50 Jahre her war, dass ich meine ersten
1374 2622 2626 2790 Vorträge an der Kopenhagener Universität Hielte)
1378 2736 2628 2932 hier große Feier waren, Fackelzug der Studenten
7156 386 7322 516 4:7:4
6852 432 7014 604 G.C. M.
5316 436 5480 540 1e à 1e
5788 782 7124 950 verbunden. Der Genues, den ich durch das
4374 820 5668 1002 und anderes. Es würde mich das 40
5818 890 7066 1054 Lese Ihrer Worte gehabt habe, ist
4392 966 5188 1104 Jahren sehr erfreut haben
5848 1010 7132 1158 Hindert Mal grösser, als das eidefiehr
4512 1028 5714 1202 Am 15. Jänser soll ich von der Aufführung
5850 1134 7146 1280 Vergnügen, das Sie durch meine
4458 1154 5708 1318 von Turtufe von der Bühne des Dagmaren
5868 1224 7102 1376 belehrenden Bücher gehabt haben können.
4468 1240 5732 1386 Fenters über Mohöre reden. Am 19 wieder
5998 1308 7152 1472 Ich viele durch das Intervieur, wie sich
4488 1356 5740 1512 an die russischen Schauspider frugösisch reden¬
5886 1432 7150 1560 Unannehmlichkeiten Sie durch das alte, nur
4582 1480 5734 1618 Dann vorschwinde ich Ende dieses Mo¬
5906 1522 7178 1702 schorzhafte und witzige, Peigen gehabt haben,
4512 1586 5734 1750 mals für einige Zeit. Ich will mich
5924 1638 7164 1802 Der jetzt überall frührende Antivemitismus
4512 1664 5744 1842 wahrlich nicht zu meinem 80. Geburten
6488 1728 6732 1820 geben
5938 1750 7150 1892 und die Tugendbolderbe im Verein
4518 1792 5770 1956 Inz. Pfürde wünschen lassen. Die Bächerlach
5930 1848 7182 2020 solche Peinltate. Als ob die Menschen
4522 1920 5130 2052 keit würe zu gross.
5920 1968 7174 2102 durch die Umstände dieser Zeit nicht genug.
4698 1988 5756 2144 Ich las hier einmal im Herbst
5926 2086 7136 2234 litten, gehen sie mit zehnſachen Eifis
4500 2108 5762 2256 in einer Deitung ein Intervien eines mir
5932 2170 7154 2332 darauf los, sich gegenseitig das Leben
4536 2194 5748 2342 unbekannten dünischen Journals etc. mit
5944 2300 6734 2434 noch saurer zu machen.
4546 2308 5758 2466 Ihnen, worin Sie sehr freundliche Worte
6166 2376 7168 2508 Ich habe immer Wien in meinem
4542 2414 5766 2576 über mich sagten, ich glaube die Freund¬
5960 2460 7164 2652 Gedanken immer mit Mitleid, Theuer
4552 2524 5750 2670 lichsten, die in jenem Blatte je über
6654 2578 7188 2702 können. Ses verstehen
5986 2604 6528 2740 wird Dankbarkeit.
4560 2642 5164 2788 mich gestanden haben.
5998 2676 7220 2912 des unser Freund Bern-Hofmann wird
4644 2716 5774 2884 Ich bleibe Ihnen immer verpflichte und
