7989 3624
2022 404 2326 554 17/1
2842 416 3022 572 V. F.
1958 1056 2998 1200 viel in diesen Kreiden einleid, obent
538 1032 1866 1198 verdüstert. Indes sie lebt. Sie liegt zuer noch
538 1198 1896 1358 In Bette aber es geht ihr hörer; die kaum Licht
1996 1232 2898 1332 Einmal Empfehlungsschreiben halte.
544 1304 1442 1460 eine Stunde aus den Bette sein.
2040 1338 2988 1464 Ihr in diesem gesegneten und in
3122 1322 3274 1482 ernde
706 1442 1824 1570 Ich las irgendwo, in Ferenz glaub' ich,
2016 1440 2884 1592 Land hatte ich wieder seit
2964 1472 3292 1668 Ryn
568 1512 1798 1692 Aus über die Aufführung Ihres Stückes
2022 1592 3290 1698 Ich bin schon mehr als N Tage hier. Aber
560 1650 1860 1796 einem deutschen Blatt, konnte aber nicht darin
2040 1722 3272 1844 wenn es böwerden schön ist, dann ist es
586 1780 1860 1926 klag werden. Sind Sie mit dem Facultät für
2034 1818 3248 1950 hier am Fusse des Itwa in der Harken
598 1892 1082 2038 frieden gewesen?
2054 1950 3234 2112 bovelirten Wärme am Ufer des Kleerès
712 2028 1852 2152 Ich ging am Ferug nach Rm, wo die
2070 2074 3224 2262 unhalten sehr schön. Hier hat jeder
602 2118 1882 2270 Andenken der philosophischen Facultät artig ge¬
2054 2198 3308 2362 Fleell ihre Geschichte, hier haben.  Arabes wird
632 2248 1828 2384 mög waren mich mit einer sehr nettiv
2046 2334 3286 2468 Normanne uder. Spuren hinterlissen, hier
616 2366 1860 2512 Adresse zu begrünen. Es war dort bald
2078 2430 3298 2596 hat Heine's Platen gelebt, wird noch giebt
638 2484 1882 2642 kält, bald waren, doch trocken, aber in
2066 2566 3290 2692 Das was in Taormöne nicht wenige deutscher
632 2604 1896 2744 Neapel würde ich im morgen Regenwetter
2076 2694 3010 2838 Herren mit seinen Leidenschaften.
638 2690 1834 2878 verfolgt. Dort wahr ich ewers ganz
2220 2796 3302 2964 Ich habe Geld gesellig am Tage, einsam
676 2834 1590 2976 die ganze Aristellinte, da nun
1682 2858 1840 2952 mich.
5612 412 6706 574 1 1/2 1/4 „ „ —„ — „ 9 „ 4 „
6970 406 7548 562 Von tädtigen verwandten wurde, als eben
5726 858 6668 1070 Koperberg 7 Jan. 99
5474 1066 6668 1280 Lieber Dr. Schutzler, sehr getr.
5470 1250 5734 1370 Couard
5492 1300 6706 1468 Habe Sie Dank für Ihre Zeilen.
5458 1398 6676 1574 Was lite ich wohl alles erlebt
5492 1512 6692 1704 Seit ich Sie ich. jetzt Tage
5512 1644 6710 1810 ist wieder zu Bett; die Vermeinte
5550 1738 6590 1924 für ist zurückgeleit
5614 1842 6696 2002 Ich blieb ein selbes Jahr in
5472 1970 6758 2144 Itehen kam furück, gab hier zwei
5510 2060 6710 2248 Bücher aus, einen Band meiner
5530 2196 6750 2374 Vorschts (stauneur 10?) wird ein
5504 2260 6806 2468 Buch über einem verstorbenen Freund,
5546 2394 6698 2594 das hier unver ihr zwein Erfolg
5592 2512 6822 2690 gehabt haben, in 8 Tage ausverkauft.
5574 2630 6722 2798 Preiste wieder aus werde per
5566 2732 6804 2934 Mal Zürichgrosse dont Depentant
