8039 3529
1164 346 1484 558 4-1-17.
2028 438 2266 556 11:1:1
3220 430 3422 572 :1 1
1608 406 1852 574 P. F.
1808 674 2400 828 Kopenhagen 11 Mei 99
1350 876 2554 1040 Liebster. Sie haben mich sehr geehrt,
1348 1010 2626 1154 indem Sie mir Ihren Schmerz gesagt haben
1372 1136 2626 1280 Sie wünschen, dass ich darüber nichts Tage,
1400 1224 2578 1412 ich antworte denn nur: ich habe selbst viel
1406 1360 2648 1522 erfahren, Verluste gelitten, böweilen recht Har¬
1398 1430 2636 1610 tes ausgestanden; sie sind ging, ich bin,
1398 1562 2654 1716 wege deshalb sonst keinen Vergleich, ich glaube
1396 1688 2646 1814 aber, wir haben Eins gemeinsam, den inneren
1402 1774 2644 1918 Bern, der unversiegbaren Lebenstrieb, dem das
1410 1902 2314 2016 Leben immer wieder mich wird.
1552 1960 2560 2130 Ich kann dies sagen, dem meine Lage
1432 2100 2648 2258 scheint meine Worte zu verspotten. Seit 5
1434 2206 2702 2348 Monaten liege ich für Bett. Ich heile nicht
1444 2304 2690 2476 Eine Entzündung der Venen z sollst bis mir im¬
1464 2410 2690 2570 mer der anderen, beweilen bricht die Entzüm¬
1470 2520 2676 2702 dernz auf im Mal an drei Stellen aus. 5
1480 2622 2710 2802 Monate im Gefängnis machen eine lange
1502 2730 2732 2926 oder Zeit. Ich erhalte mir das Leben
5374 438 5658 618 V. F. W. & L.
4516 900 5824 1036 durch Lesen und Schreiben, erhalte mich berei¬
5978 898 6516 1044 ein Lebenszeichen.
6110 1020 7288 1170 Wie gut dass Sie nicht in seinem Schrift¬
4528 1028 5840 1150 den Besuche. Man hat hier eine Volksand¬
6032 1132 7256 1230 steller heimgesucht würden! Lesen Sie den
4516 1130 5828 1264 gabe meiner Schriften angefangen (Peter Nansen
6062 1224 7292 1364 Hl. Aufsitz pro patria den ich in der Zukunft.
4516 1244 5806 1366 Ihr guter Bekannter ist der Urheber) und
6080 1330 7220 1472 von ) April hatte? Nun fr. Presse und die
4540 1374 5822 1504 sie scheint Erfolg zu haben. Man hat circa
6086 1446 7256 1554 Zeit verweigerten, ihn zu drücken. Die Ostern
4538 1476 5828 1578 5000 Subsivibenten und drückt 6000 Exemplare.
6080 1548 7198 1684 reicher sind preussischer als die Preussen¬
4552 1600 5782 1716 Es erscheinen alle 14 Tage 10 Bogen, und es
6104 1662 7202 1790 Das arme Skandmarien, man seinigt im
4552 1718 5810 1826 wird etwas über 3 Jahre dauern. Demnach
6116 1748 7280 1888 Süden die Schleswiger, im Norden die Finmlän¬
4546 1830 5816 1944 gehören einige meiner grossen Schriften nicht
4560 1894 5828 2064 Diesem Voilaz. So viel Papier habe ich wenn
6122 1956 7244 2098 Ich erhalte Gottlob. täglich von den meisten
4568 2036 4880 2160 geschwärzt.
6116 2078 7268 2238 Gegenden Europus Brief und Bücher, sonst
4574 2152 5834 2280 Madame Marni, die ich übrigens nie gesehen
6122 2208 7282 2322 wäre ich in meinem Ebend zu Gerade gegen¬
4574 2256 5846 2404 habe, schrieb mir dass Goldmann bei ihr ge¬
6104 2298 7232 2438 gen. Ich lese stetig L'Aurore und. Le
4574 2390 5822 2530 wesen war und sich mit Freundschaft nach
6108 2390 7262 2538 Siècle, folys so vers Taz for Tag dem Verlang
4574 2502 5740 2648 ner erinnert hatte, was mich erfreut.
6134 2506 7256 2640 der Begebenheiten in Frankreich, Welches
4580 2618 5794 2776 Richard Beer Hofmann gibt mir nie
6128 2632 7256 2764 stück Seelenlehre. Ich habe in meinem
