7726 3657
2246 414 2902 554 1 1/2 1/4 „ „ 9 „ — „
2320 630 2570 750 21
2008 862 2538 1084 Schlors Strjebowitz
1840 1016 2492 1158 Schlesien. Oesterreich
2252 1136 2510 1244 10 Mai
2258 1230 2446 1358 [1801]
1344 1324 2588 1482 Liebster! – Ich habe Ihrer Brief und ich
1368 1426 2608 1580 habe den Roman mit der grössten Freude.
1368 1570 2612 1692 gelesen. Es ist so unter und tiefe Ein¬
1382 1662 2552 1796 ganz klein wenig. In roh haben Sie
1386 1762 2552 1900 doch vielleicht den Verknossend gemacht
1376 1838 2582 1996 Man hat den Eindruck, er habe eine
1398 1970 2554 2122 einliche Enttäuschweg erfahlen, die
1406 2076 2570 2222 Deine hat je freilich nicht in der
1416 2168 2540 2316 Umarmerz Toiletto machen können
1434 2266 2600 2410 Wie es bis der Marni heisst sub be¬
1452 2394 2608 2534 or not tub be, that is the question
1424 2504 2584 2646 Oder er hat vielleicht, wie es geht, so
1434 2596 2554 2738 viele Frauen an den Hals, dass er
1456 2702 2582 2888 nicht mehr verträgt. Jedenfalls
5294 420 5762 558 V. Mg. Gefährte.
6476 424 6842 570 1.    14.9.19   mai
5820 420 6322 592 Votre très-de-même.
5140 900 6408 1034 das Buch ist get. Die Nebenhändlung,
5164 1002 6388 1156 die Geschichte ist achönen Frau, sehr
5180 1124 5600 1258 fein geführt.
5296 1224 6364 1354 Ich glaube, dass ich am 16. das
5224 1324 6358 1458 von hier über Wien nach Abbazin
5232 1442 5422 1548 reise.
5666 1428 6300 1556 Wenn sie in Wien
5248 1530 6366 1674 dann und und ein Paar Schaden,
5254 1656 6344 1776 für mich übrig haben, möchte
5258 1744 6318 1900 ich schon Mittags um 3,45
5242 1848 6390 1958 nach Wien kommen und bis 8 Uhr
5248 1962 6382 2092 Abends bleiben. Sonst reise ich
5278 2084 5648 2190 nur durch.
5426 2162 6384 2292 Pitte, liebster Freund vnd Poets
5332 2250 6186 2392 um eine teile Antwort
5746 2376 5918 2534 Ihr
5810 2510 6382 2754 Georg Brandes
