7678 3657
3164 438 3330 584 1-1
1852 870 3254 1044 den Sie in so trauriger Dort sich den Muth und die
438 922 1760 1094 dass ich immer und immer wieder zu sie,
1884 994 3186 1172 Spannkraft bewehrt haben, ein Lustspiel zu
448 1038 1792 1188 und mir sagte: An Schmitzler will ich schreiben
1876 1110 3208 1250 schreiben. Ich kann nicht glauben, dass ich
462 1172 1136 1300 und kam nicht dazu.
1878 1206 3240 1362 ich über die niederschlagen des Zustände in Oester¬
616 1234 1788 1406 Ich glaube, dass wir, als Peter Sterb, ein
1882 1312 3242 1488 reich erfahren habe, übertrieben sei. Die Wand¬
456 1342 1768 1514 Puer Briefe wechselten, aber es ist lange her
1884 1422 3236 1556 lung von dem Zustand vor dem Kriez zu den
488 1468 1772 1622 Er starb Ende Juli 18. Geschen haben wir
1884 1522 3248 1678 jetzigen ist für uns alle, auch für die früheren
502 1544 1808 1718 uns nicht seit December 12, und was ist nicht
1876 1620 3218 1784 Ventralen, furchtbar, doch am allermeisten für
502 1678 1670 1828 in der Welt geschehen seit jener Zeit.
1920 1740 3260 1868 die Uderauswerthe Städte Wien und Budeperk
680 1780 1736 1928 Ich weiss ja augenblicklich Nichts über
1900 1836 3216 2004 Pétersbroz und Morhain. Die pour résorischen
520 1872 1780 2018 sie, nicht einmal, ob Sie in Wien weilen,
1926 1952 3236 2088 Fremde und Freundinnen, die ich hatte, sind
514 1992 1754 2134 Sie haben wol ihre Ihre Zuflücht zu irgend
1936 2054 3254 2200 nach Constantinopel versprengt, und leben die
524 2086 1802 2252 einer Villa genommen; aber der Brief wird
1954 2138 3260 2314 in Armuth; in Deutschland ist Alles unsicher
538 2216 1112 2376 Sie hoffentlich finden
1946 2254 3222 2442 und in Auflöswez; in Frankreich und England
670 2272 1834 2450 In irgend einer Zeitweg vah ich mit Freuden
1952 2366 3234 2494 sind mehrere meiner besten Freunde Jung's ge¬
538 2416 1838 2556 dass Die Schwestern einen grossen Bühnenerfte gehabt
1966 2464 3230 2634 werden und aller Vernunft verschlossen. Das
568 2508 1772 2674 haben. Ich fonde das Stdeck sehr für, sehr
1976 2588 3192 2754 grosse Publicum ist dort, wie überall, der
562 2624 1790 2754 unterhaltend und echten, bis leise erstennt
1982 2682 3236 2882 ewige Dummenkopf, der man genannt wird?
5020 814 6290 984 Ich hatte hier einen flüchtigen aber recht augen
5020 928 6292 1066 nehmen Besuch von einem osterreichischen Obersten
5006 1024 6290 1194 Namens Hrentz, der ein gutes Buch Die grosse
5032 1158 6342 1290 Phasse geschrieben hat, und danach einige weniger
5036 1276 5734 1404 gute, oder wiederholende.
5144 1328 6302 1492 Mein Leben ist einsam; ich arbeite viel,
5060 1448 6336 1602 habe wieder nachdem ich die zwei Bände über
5090 1560 6288 1706 Cäsar herausgab, eine grosse Maschine in
5826 1638 6014 1734 Jahren
5496 1652 5806 1736 seit anderthal
5114 1700 5806 1822 Arbeit; ich bin in der
5828 1658 6340 1814 Eliéni schen Rauséance
5110 1798 6324 1928 vertieft. Ob es was wird, weiss ich nicht.
5090 1862 6322 2020 Ich habe ja mehrois Altersgrenzen hinter mit.
5138 1988 6354 2146 Beu=Hofmanns merkwürdige Mysterie verstehe ich
5090 2082 6364 2228 als seine Antwort auf die immer mehrenschwellende
5024 2172 6348 2320 Bewegung des Judenhasses in Europa. Diese Bewegnung hat
5020 2284 6370 2382 auch den Norden erreicht, und mich zum Einsiedler gemachten.
5038 2346 6358 2468 Früher war ich Däne und morde so aufgefasst; plötzlich
5044 2422 6324 2554 werde ich jede genannt, und war es nie. Humon
5032 2520 6330 2640 lich, irgend etwas der Krapäle verständlich zu machen.
5140 2592 6370 2712 Ich hoffen dass es Ihrer Frau Gemahlin und Ihren Brudern
5032 2664 6370 2808 nicht übel geht. Ich drücke Ihnen im Herzen die Land¬
5510 2750 6186 2896 Jhr Georg Brandes
