7527 3658
2362 412 3132 564 1 1/2 1/4 „ 1 „ „ 4 „ —: —:
1764 952 1986 1092 Abbazie
2198 964 2532 1132 17 Maj 1807
1756 1060 2088 1216 Hotel Quitta
1388 1160 1950 1326 Verehrter Freund
1274 1388 2532 1538 Anbei die 30 Gulden. Hier ist überzogen,
1304 1498 2518 1644 durchaus nicht sehr warm und ich durch
1308 1614 2518 1752 die Unpunktlichkeit meiner Mitmenschen völlig
1322 1714 2506 1856 allein, mindestens jurei Tage, worüber ich
1322 1812 2524 1958 wüthe, da ich diese zwei Tage vorzüglich.
1310 1930 2542 2058 in Wien zugebracht haben könnte, während
1334 2018 2554 2158 Ich mich hier über die verlorenen Dich ärgern
1490 2120 2554 2268 Der Edig im Mattrigke nach Abbazin¬
1328 2228 2556 2370 nimmert im wenig an den von Taormina
1328 2330 2542 2496 nach Giardini. Hier blücken die Rosen,
1334 2462 2048 2552 mir nicht die meinen.
1544 2550 2536 2698 Haben Sie aufsichtigen und herzlichen
1382 2660 2554 2796 Dank für alle und erwiesenen Dienste.
1406 2742 2566 2936 Ich, der ich selbst überlaufen werde, wäre
5122 390 5482 568 V. P. M.
5564 422 5724 566 1/2
6478 438 6820 568 '   ̃: 1  = =
4854 924 6164 1064 uns es herst das jemand plötzlich konnte und
4884 1024 6154 1172 uns die Deit raubt. Nur unsere alte.
4896 1140 6158 1276 Freundschaft macht die Sache etwas leidlicher.
5112 1244 6052 1372 Nun erfuhr ich zur nicht. uns
4926 1330 6134 1494 Bevr. Hofmann vorhat und das interessirt
4932 1450 6086 1592 mich doch lebteßt. Das ist die Folge
4944 1552 6098 1698 jegendlich = schiller Schwutzheftigkeit, dass die
4944 1680 5854 1804 Anderen nicht zu Worte kommen
5124 1744 6070 1912 Ans. Wiederschen in 14/4 Tagen.
5630 1908 6132 2134 Yor Brandes
