7527 3658
2456 446 2632 566 j'y 1
2882 454 3442 614 Votre très bien aussi toutes les
1800 1008 2230 1140 Schloss Strzebourtz
2104 1104 2428 1250 Oesterr. Schlesien
2176 1222 2366 1344 13 May
1178 1326 1646 1452 Verehrter Freund
2212 1320 2392 1474 40
1148 1452 2430 1574 So ist meine Absicht, am 16sten um 3.45
1154 1552 2386 1690 in Wien anzukommen und um 8 25
1164 1658 2248 1790 Abends nach Abbezia abzureisen.
1340 1744 2448 1884 Ich will schon zum von der Nordbahn
1166 1854 2424 2004 In Ihnen fahren, weiss nur nicht, da ich
1196 1962 2454 2078 die Lage der Bahnhofe nicht kann, ob es
1200 2066 2460 2184 nicht besser wäre, erst meinen Koffer nach
1208 2196 2136 2326 der Südbahnstation für Jahren.
1406 2284 2398 2410 Es versteht sich im selbst, dass es
1190 2390 2470 2530 mir nur dort sein kann, Herrn Beer = Hofe
1214 2496 2446 2636 mann zu treffen. Ich weiss nicht, nann
1220 2610 2450 2742 die Mittag essen, ich werde wohl im Dinge
1122 2686 2474 2904 etwas frühstücken, also sagen wir um 5 Uhr
5964 460 6306 562 Votre très-Monsieur, à 1 à 1
5658 446 5824 578 G.C.F.P
5230 446 5450 592 1 7 1/2
4906 398 5080 624 G.
4272 1098 5564 1306 (oder wann es Sie passt nen weis in
4328 1244 5550 1386 voraus, wann man an einem bestrumten Tag
4332 1330 5578 1512 Hänger betr :).  Recht bedacht überlasse
4350 1472 5070 1584 ich Ihnen die Esopit.
4514 1510 5534 1694 Haben Sie vielen Dank für Ihre
4386 1678 4978 1804 freundliche Antwort.
4890 1774 5230 1908 Un Herzen
5092 1888 5270 2008 Ihr
5222 1908 5602 2130 Yorz Brandes
