7663 3688
2304 408 3384 594 1 1 1/2 t. p. a. 4 1/4 p. 1 4 1, 4 1 1, 1, 5 1, 6
1132 378 1514 610 V. W. C. F.
1952 440 2126 556 [incompréhensible]
764 728 1936 876 Vortrag soll in Berlin am 25 März
776 860 2002 1006 stattfinden, der zweite folgt innerhalb
782 980 2024 1154 einer Woche.  Dr Brandes weipt noch
776 1132 2048 1240 nicht in welchem Hotel es wohnen wird,
800 1246 2120 1424 weil sein Impresario dies für ihn arrangement
774 1382 2048 1518 wird. Dr Brandes bittet Sie deshalb
792 1510 1978 1686 die Güte haben zu wollen bei diesem
790 1648 2006 1848 Herrn, J. Span, Berlinerstrafe 149
788 1784 2044 1970 Charlottenburg, Ihre Adresse abzugeben,
804 1950 2074 2066 so dass er sich gleich nach seiner An¬
776 2030 2030 2214 kunft in Verbindung mit Ihnen setzen
792 2190 1004 2282 kann.
814 2266 2130 2434 Dr Brandes bittet Sie ein seine Ergebenheit
810 2394 2126 2560 und warme Freundschaft versichert zu sein
780 2512 1844 2670 und günst Sie auf das herzlichste.
942 2604 1816 2782 Mit verzüglicher Hochachtung.
1128 2718 1780 2880 fus Dr Georg Brandes
1468 2804 1928 2970 G. Rung/Schreter
5088 340 6350 572 1 1/4 „ —„ —: —” „ 4.„ „ 9, 4, 4.
4894 420 5078 742 I
5262 720 6088 914 Kopenhagen 1 März 1925
4934 830 5336 1026 Brandes
5070 1146 6024 1318 Hochwehrter Herr Schnitzler
5106 1280 6284 1468 Professor Brandes und am 24 März
5024 1452 6234 1636 Ahnds in Berlin eintreffen und hefft
5044 1580 6316 1758 gleich einer der folgenden Tage die Feinde
5058 1680 6290 1902 zu haben sich mit Ihnen zusammen zu
5078 1816 5310 1966 treffen.
5120 1938 6262 2154 Mit den herzlichsten Grüßen des Professor
5090 2056 5570 2266 Georg Brands
5536 2188 5902 2320 in Verehrung
5772 2280 6228 2472 G. Rung Schretär
