7710 3608
912 438 1284 628 Votre très fait une
1662 1076 2850 1224 neue Lage der jüdischen Bevölkerung in
378 1076 1496 1234 Ich bin traurig, dass ich Ihnen nie in
1674 1216 2910 1336 Wien durch den Antivemitismus eine an¬
310 1184 1542 1334 Buch von ähnlichem Interesse von und hätte
336 1334 1560 1454 schicken können. Und wir Sachen in deutscher
1672 1346 2904 1482 dere, die mit der ersteren scheint nur, in
348 1470 1542 1602 Uebesetzung sind und ein solches Freuel
1684 1476 2870 1626 nicht notwendiger Verbindung steht. Die
346 1576 1322 1704 dass ich sie nicht ansehen kann.
1696 1606 2462 1748 Geliebte ist nicht führer.
484 1704 1536 1842 Leider kenne ich nicht Oesterreich oder
1782 1720 2898 1876 Das Thema: die Dürflichkeit gegen das
336 1820 1556 1952 Wien gut genug, um im Stande zu sein,
1710 1860 2880 1982 wirkliche Wissen, mit Angst vor der Ehe
360 1940 1554 2084 eine. Anrecht darüber zu haben, wie über
1708 1966 2904 2114 versetzt, und die Collisionen, die diese
360 2046 1524 2216 lich das Bild ist, das die geben.
1732 2076 2898 2240 Contination veranlasst, macht viel¬
388 2200 1508 2316 Es scheint ähnlich. Aber haben Sie
1732 2210 2926 2354 leicht ein Buch für sich. Die Verrisseung
402 2316 1536 2462 nicht zwei Bücher geschrieben? Das
1750 2338 2942 2512 heit einiger Juden, die vernütigen Bezien
394 2436 1590 2594 Verhältnis des quelques Barons du seiner
1756 2486 2946 2622 den einiger junger Jüdemen, der Suobis¬
402 2574 1548 2724 Geliebten ist eine Sache, und die
1768 2592 2904 2744 mus eines jüdischen Jünglings, der
5980 550 6140 774 34
4842 664 5226 918 Brandes
5484 838 5880 1006 Ropenhagen
5754 954 6088 1084 18.12.10
4942 1166 5456 1324 Verehrter Freund
4888 1372 6212 1508 Wenn ich Sie lese, thut es mir bis, dass ich
4916 1480 6186 1640 so weit im Ihnen mehre und so selten,
4916 1580 6212 1768 Gelegenheit habe, mit Ihnen einige Worte für
4936 1728 5224 1876 wechseled.
5012 1816 6222 1982 Medardus habe ich sehr genau gelesen,
4952 1912 6172 2042 laut vorgelesen, um es recht zu würdigen.
4962 1988 6246 2158 Sie haben dort ein reiches Bitt aufgerollte.
5004 2094 6248 2276 Mit Uebereischnaz und Freude erfahr ich
4994 2200 6222 2378 einer Dritungnotäts, das das Stück trotz
5012 2324 6264 2494 seiner zwischen Anlage erfolgende aufgeführt
5018 2428 6260 2600 worden ist. Die – im Gotteschen dann über
5024 2552 6236 2692 Kleist — so feschude „Verwirrung des Gefühls“.
5050 2632 6268 2872 in Medardus ist so recht Ihre Domäne.
