7637 3657
1586 420 2356 590 Von tädtigen und wäre, nachricht zu länge, wie¬
1188 382 1438 588 V.1.11.
2990 424 3514 590 1 1/3 = 1 1 =
1894 1198 2172 1342 22. Mai
1440 1364 2206 1550 Verclarter Freund 901
1418 1534 2274 1694 Welch ein vorzügliches und einzielles
1434 1644 2282 1776 Buch sie dort geschrieben haben,
1456 1782 2268 1908 Eine ganze Prychologie in einer
1452 1884 2286 2016 Nuss schale. Der Schleibe nur ist
1464 1984 2278 2128 Aus willkürlich, wenn auch
1482 2110 1754 2190 amisant.
1474 2128 2294 2300 Ich verlasse heute Abluzia. Hier
1482 2258 1998 2372 war es sehr schörd.
1826 2348 2334 2578 Ihr ergebener Ch. B
6486 420 6860 560 1: ̃ —: —:  = =
5750 436 6132 580 V. F. v. M. Mänden.
5594 930 6234 1100 Rosenhagen 14 Juni 1901
5266 1238 5710 1364 Verehrter Freund
5190 1390 6262 1550 Zwar u. Kröfkajer ein Morlez – es gibt
5194 1468 6276 1630 so viele Monologie, Flauberts, the Antoine.
5192 1552 6302 1704 ist auch ein Monolog in aber das klein¬
5216 1646 6290 1784 Buch bat gar Feind Forma Achnlichen
5222 1718 6250 1876 hat mit der Ihrigen. Les lauriers
5238 1810 6288 1974 sont coupés las ich vor – le Jahren
5246 1888 6256 2052 glaub ich, als die Erzählung in la
5260 1988 6268 2136 Reone Indépendante stand, and is
5260 2068 6332 2210 machte mir einen starken und erstellen.
5264 2172 6334 2310 Eindruck, aber das Engelne hat ich vorges¬
5294 2340 6332 2520 Ich kam für durch Wien, blieb aber
