7583 3658
934 362 1120 524 1.° 1
1624 414 1780 524 1 7/1
1028 728 2322 866 Ich lernte im vergangenen Sommer einigermassen
1038 840 2364 1008 Englisch reden, hielt in Novembr. Decanter mit
1062 924 2376 1106 mit Esfelz Verlesungen in allen Städten England.
1082 1042 2352 1184 und Schefflands. Mai und Juni redete ich
1064 1142 2376 1286 in Nordamerika, in Neu Haven, Chicago, Minnea-
1080 1250 2376 1422 polis und New York. An meinem letzten Abend
1092 1366 2382 1536 in New York im Juni (93% Fuhrenheit) hatte ich
1116 1474 2334 1636 Das Comediz Theatre so soll dass über Fausend
1142 1588 2404 1706 Personen mit unverrichteter Sache wegychen müste
1208 1766 2372 1930 Und mich haben wir den schrecklichen
1182 1882 2406 2068 Weltkriez. Ich möchte Untergang für Pusland,
1220 1996 2384 2158 Rettung für Frankreich. Aber wir fragt nach
1172 2124 2400 2224 unseren Wünschen! Meine Tochter hat einen jungen
1088 2212 2392 2352 denntschen Wollwieffizier von 32 Jahren zum Gatten.
1110 2314 2394 2454 Sie ist hier mit einem kl. Mädchen von 6 Jahren und
1130 2392 2406 2548 einem Kl. Jungen von 2 Jahren in grosser
1136 2492 2362 2630 für ihren Mann, den die leidenschaftlich liebt.
1254 2574 2396 2710 Mein ehrerbietiger Griss an Ihre liebe Frau
1178 2670 2056 2820 Gemahlin. Ich bin Ihr treuer Freund
2076 2698 2430 2860 Georg Brandes
5576 422 6366 562 1 1 7 1/2 4 1/4 1 7, 4, 4 1, 4. 4, 1, 1 1,
4950 418 5508 562 1 1/4 + 1/10 „ 1 1 1 7 „
5570 930 6504 1128 Bravdes Kopenbergen 23 Dec 14
4764 1012 5294 1162 Kopenhagen 18. October 14
5596 1116 6186 1238 Vorunter und lieber Freund,
4442 1132 5322 1256 Verehrter Freund! Da ich erfuhr, dass
5608 1206 6524 1328 Es freute mich ein Lebenszeichen im Ihnen
4424 1232 5334 1332 die schwedische Akademie sich trotz ihres früheren
5618 1262 6524 1396 zu sehen. Es freut mich noch unter, dass
4442 1300 5356 1396 Plans entschlossen hatte auch in diesem Jahr die
5608 1356 6528 1472 Sie und die Ihrigen in guter und ruhiger Stim¬
4436 1378 5334 1494 Preise auszutheilen, wendete ich mich es das
5608 1432 6538 1544 mung sind. Meine einzige Trletät ist in Berlin
4454 1458 5224 1556 Comité. Man theilt mit mit:
5620 1506 6540 1626 verheirathet. Ihr junges Mann ist Felerkant und
4508 1512 5350 1640 Es ist ein puret Irrthurn, das Sie
5626 1582 6528 1696 Gardalienstraat der Artillerie, es morde schon im
4458 1610 5382 1730 in diesem Jahr vorgeschlagen gewesen, sie sind
5638 1660 6540 1756 Septembr zwei Oberlieutenant befördert und bekam.
4458 1674 5360 1808 überhaupt nie in Vorschlag gekommen. Die
5632 1734 6516 1826 ins Novemler das einem Freiz. Aber er ist in
4460 1758 5362 1870 Pflicht des Schweizens verbietet ihnen, mit
5632 1802 6534 1910 steter Lebensgefähr. Mein Tochter was nahrere.
4472 1838 5376 1936 mitzutteilen, wer vorgeschlagen ist. Aber
5630 1870 6534 1976 Monate hier mit zwei Kleinen, eines Tochter ein
4472 1906 5392 1992 man lässt mit verstehen, dass der Prässchon
5632 1948 6560 2046 7. Jahren und einem Zeugen von 2 Jahren, beide
4470 1968 4896 2066 weggegeben ist.
5632 2016 6564 2114 sehr hübsch; die ist jetzt in Berlin und untürlich
4518 2032 5392 2148 Wollen Sie im folgenden Jahr in Betracht
5624 2084 6546 2176 recht unruhig und mitgenommen von der ewigen¬
4482 2084 5380 2224 kommen müssen See vor Ausgang des Kommes
5638 2152 6554 2244 Spannung. Ich arbeite viel, schreibe im Am¬
4490 2166 5416 2318 den xxx Januars von so vielen und so würden
5650 2216 6558 2322 genblick im Buch über Goethe, paralle zu dem,
4502 2248 5314 2380 digen Namen wie möglich ausgeschlagen nach
5656 2282 6560 2378 ich einmal über Sepaare schrieb. Ausserdem habe
4496 2306 5012 2388 Unter dieven ist der weinige
5668 2360 6554 2438 ich fast jedem Monat ein grosses Essag veröffentlicht.
4502 2356 5010 2430 wird sie wol aber keines als¬
5648 2374 6602 2510 Grüssen der Herr Frei Gemahlin und Beer-Hoffmanns Ihr G.B.
4616 2408 5106 2536 Augang, 5ter - Dieschönstründe
