7989 3624
2138 404 3362 580 1 1/2 1/4 „ — „ 9 „ „ 4 „ 5 „ 50
1828 430 2050 550 1/4 „ „ —„
586 922 1828 1062 weil meine Mutter konnte war.  O
1980 936 3316 1104 Preussen, Nacht Frankreich einmal.
632 1032 1842 1202 leff Uit war ich in Polen, wo
664 1166 1866 1336 Ich wegen eines Breites der Pote
2154 1146 3334 1318 Mit entziger genossender Freude
606 1242 1882 1430 (das Nitsch und polnische übereiten)
2076 1258 3268 1434 las ich der Vermächtnis ist
638 1380 1786 1538 worden) eingeladen und keinste
2090 1390 3036 1562 Sie völlig originalis Dring
670 1490 1230 1592 versöttert.
2064 1520 3326 1706 Cisiret wird vornehmen, tief paarumestrat
728 1570 1950 1772 Schrück in Einen Bez aus Lemberg.
2074 1652 3296 1858 und humain. Zennen Sie führte ich
620 1686 1878 1844 Sicht eine Mutter 14 Tage dann selbst
2098 1784 3254 1968 Kleine Erzükte von Huspmans¬
632 1782 1804 1934 Kruck konnte wird Mutter nicht
652 1880 1834 2052 schen in der letzten Wochen ihres
2118 1912 3278 2082 Un delevine die gehandelt und ähnlichs
638 1992 1876 2150 Leben wird nach aus ihres Be¬
2100 2022 3304 2212 Thema, nur mit grober oder wichtige
664 2100 1900 2274 ordigung dazu. Ich habe nie
2126 2194 3344 2334 ganz anders, etwas ist du ein bis¬
680 2230 1822 2382 wirn einzigen Tag in Vergnügen
2118 2274 2904 2428 des Verwandtschaft).
686 2346 1822 2478 versinnet, meiner Mutter für besondere
2258 2364 3308 2538 Es ist nur Schade, dass das
846 2456 1866 2608 Und ich täge ich in Streit
2040 2458 3238 2684 Stich so ganz und zur Frauung
644 2554 1850 2712 mit der Deutschen wegen der Acten
2070 2654 3304 2802 ist dann wird es nicht so viel
606 2680 1874 2906 Fresbrung der Ihnen aus Schleswig
632 2816 1740 2964 Diebst es etwas wiederlicheres als
2066 2778 3316 2978 Bühnmessen habe können, wie
7184 424 7762 618 1: " " " 9: 7: 7
5254 810 6574 986 Ich es unerschloren. Der Vater ist minderbar
5290 940 6570 1112 gezeichnet. Aber ich habe
5288 1066 6570 1278 Ihr Telent so lieb. Ehrreichterit
5290 1218 6514 1368 schon, weil es von Ihnen ist.
5462 1344 6534 1516 Warum lärst das Feuer Freund
5308 1470 6562 1628 Bar Upere mo in sehr tören?
5326 1582 6574 1732 dit er ein bisschen Laub? Er ist doch
5330 1682 6150 1820 ein so ferner Mensch.
5362 1802 6532 1962 Denken Sie, was es heisst für eine
5278 1916 6568 2030 dann von meinem Temperament vhlt
5440 2030 6568 2184 dilger, Geduld haben führten
5344 2154 6556 2304 und wieder, nachdem ich eine
5332 2280 6324 2420 ein halbes Jahr 10 verlor.
5422 2418 6396 2524 Behalten sie mich bet.
5554 2534 6020 2684 Ihr ertheilen
5828 2654 6520 2870 Georg Brandes
