7605 3657
1116 408 1938 528 V. R. W.C. F. & M. M. de F.
1004 750 2372 936 ja Neuand dort. Aber ich bin in der Regel
1004 858 2388 1020 mit in einem Schraubenstock; ich kann nicht fest¬
1022 948 2388 1116 wenn ich wollte, uns zu weitläufig zu erklären. Er
1038 1068 2366 1238 leichter zu erklären is) daß ich egentlich nie Geld
1038 1178 2402 1348 In meiner binnen habe. Aus Deutschland bekenne ich nie
1046 1288 2410 1456 einen Pfaring, habe dort auf lange nicht einmal mehr
1050 1386 2408 1520 eines Verleger und stehe mit keiner Drilung in Verbindung
1058 1478 2412 1652 In Dünemark verdruck ich durch im Buch im Jahre 10
1074 1602 2396 1760 375 konen, aus England bekennen ich als Poyelty
1062 1732 2408 1884 für ein Dutzend Binde jährlich 400 Frau. – Ihre
1074 1828 2420 1982 Einnahmen werden sich glücklicherweise anders gestalten.
1202 1912 2406 2078 Ich habe das Glück gehabt, meine Mutter Arnes
1088 2030 2406 2160 länger zu behalten, als es Ihnen gestattet wurde.
1076 2148 2356 2270 Die Mutter ist ja vielleicht das einzige inbedingt
1106 2222 2430 2410 sichere, das wir zum Vertrauen haben, um so uner¬
1106 2360 2440 2506 setzlicher Sie müssen jetzt 50 Jahre als sein, ich
1106 2456 2438 2602 in weniger Monaten 70, deshalb einigermassen Bolit,
1094 2564 2184 2702 obwohl mein Temperamenten Fusselbe geblieben.
1050 2670 2214 2856 Ihr drücke Ihre Hand in alter Ergebenheit.
2116 2718 2488 2896 Glorz Brandes
5930 412 6584 556 V. R. W.C. & C. F. G.
4894 778 5346 996 p.d. Slagen 39
5694 824 6580 996 Paris, Hobl 1e Jéna 3 Febr. 12 88
5098 940 5356 1036 Schönürl
5690 926 6468 1094 Verichtet Freund, verehrte Freundin,
4858 1004 5344 1180 Adresse
5684 1042 6612 1188 Ihr lieben und schönen Porträits haben.
4566 1142 5104 1274 Verehrter Freund
5682 1142 6612 1256 mich hier eingeholt, wohin ich gefloren sein)
5676 1218 6588 1326 um verschiedenen Festlichkeiten in Koperhagen.
4480 1226 5386 1368 Da es zehn oder elfe Jahre her ist, dass
5700 1290 6604 1424 zu vermelden. Ich bin dann wir dank
4476 1328 5374 1446 ich in Wien war, habe ich um einen
5664 1338 6576 1474 Wir, dass auch Sie, die ich so sehr
4482 1402 5410 1520 Vorwand zu heben, es wiederzusehen, mich
5702 1416 6592 1546 schätze, an mich (bei dieser schmählichen
4494 1480 5396 1584 engagiren lassen, ein Paur erbärmliche
5702 1498 6562 1610 Krägekomischen Gelegenheit) gedacht haben.
4504 1550 5392 1672 Vorträge zwischen 20, und 23 November dort
5760 1574 6556 1712 Ihnen gegenüber ist ein Herz voll.
4500 1618 5396 1742 In halten (Urania). Da nun Sie ein Haupt¬
5722 1638 6618 1776 On a eu l'idée saugrenne - du schisonolle
4490 1698 5414 1816 strück von meinem Wien sind, möchte ich gerne
5688 1726 6610 1838 den Rathaufraf wie einen in der Universität mit
4510 1766 5356 1890 nommen, ob Sie wol zu der Zeit sich in
5718 1796 6576 1900 den Schriftstellern vorenstaltete ausschluss – bin
4508 1840 5404 1972 Wien befinden (nur auf einer Karte antworten).
5708 1852 6604 1960 Saal der kgl. Bibliothek zu einem A.B. = Archiv.
4526 1920 5380 2056 Ich nächte noch gerne Beer-Stoffmann
5708 1934 6588 2028 Der vorwandeln und mit meiner Büste zu versehen.
5738 1978 6600 2108 Da sollen öderliche Literaturhistorischen der En¬
4528 1998 5382 2118 und Wassermann und Hofmannsthal haben.
5730 2046 6596 2212 Kraft in meiner alten Liebeschriften schräffeln.
4492 2062 5416 2202 die ja alle Weer sind, da sind aber für
5712 2114 6272 2208 Das soll mir Freude ansehen,
4510 2132 5022 2246 mich die Hauptperson.
6102 2184 6384 2256 für Arthur S.
5834 2190 6042 2264 büchlichern.
5840 2240 6044 2300 einer die
6034 2192 6438 2336 Die Distanz von 20 Jahren
4588 2192 5444 2340 Ihr sehr ergebener Gros Brandes
5886 2282 6090 2406 Ihr ew.
