8039 3529
1344 788 2308 934 Leben wenig so Lehrreiches gelesen.
1528 908 2552 1034 Ihr Buch habe ich noch nicht den
1326 1014 2554 1150 halten; ich werde es mit derselben ernsten
1318 1112 2590 1280 Aufmerksamkeit lesen, womit ich Ihnen immer
1334 1214 2552 1394 folge. Ich las kürzlich das Vermächtnis
1336 1334 2582 1472 wider; es verdient, dass man dazu zurück¬
1348 1430 2600 1562 kehrt. Ein kleiner Einnes Schwedischer Jour¬
1342 1534 2554 1688 nalest hatten Sie vor einigen Tagen in einem
1336 1674 2534 1782 Stockhølmerblatt, das mich Ingeschickt wird,
1350 1746 2584 1936 angegriffen; es brannte nur dieruger, dage¬
1342 1882 2578 2034 gen. In schreiben, habe es nicht gethan, weil
1348 1968 2588 2120 Ich ein wenig müde bin und soviele lorrecturen
1348 2102 2572 2232 täglich zu besorgen habe, thue es vielleicht
1360 2216 2586 2336 noch. Doch ich kann Ihnen vielleicht einmal
1348 2308 2240 2458 auf bessere Weise mützlich sein.
1422 2410 2228 2540 Ich drücke Ihnen die Hand.
1888 2504 2532 2670 Jur. Aparz Brandes
5816 1010 6188 1134 Der 12. Juni 99
5340 1208 6166 1326 Verclarter Freund! Ich bin willig
5280 1302 6194 1426 Alles zu Ihnen uns Sie von mir wün¬
5304 1386 6208 1494 schen. Ich bemerke mir, dass ich Antoine
5308 1470 6200 1590 gar nicht kenne, ihn nicht gesehen habe.
5304 1550 6202 1658 nicht ahne, ob er meiner Namen je ge.
5316 1632 6166 1750 hört hat. Seien Sie aber nur so
5304 1724 6218 1820 freundlich mir seinen Vornamen und seine
5304 1788 6202 1906 Adresse auf einer Karte zu schicken. Denn
5322 1874 6222 1972 werde ich ihm mit Vergnügen schreiben.
5314 1942 6176 2062 so wird ja nicht meiner Schuld sein,
5322 2018 6196 2146 falls er von meinem Brief keine Notiz
5328 2082 6212 2198 nimmt. Ihr las ihre Stücke mit 918.
5298 2162 6212 2278 seine Vergnügen, habe zwar einige Leitrache
5310 2248 6164 2334 Bedenken, die Sie gelegentlich hören könne.
5386 2306 6190 2406 Ein halbes Jahr habe ich im dette
5328 2360 6282 2502 vertracht; in diesen Tagen aufgestanden. Der ergebe
