8068 3624
404 388 1010 540 Monsieur M. G. A. C.
1434 396 1846 588 jusqu'à l'éviter
1970 428 2278 592 Mais Monsieur
3236 434 3636 564 — 1 „ „ —„ —
2360 430 2808 576 1  ƒ 4 ̃ 1 ƀ 1 ̒ 1
1524 796 2410 984 64 letters from Georg Brandes
1542 968 2204 1062 to A.S. From 26.V.1894
1972 1050 2204 1120 1 original
1546 1056 2408 1188 to 28 VIIIul926 2 Copies (duplicated)
1536 1162 2188 1260 several originals missing.
1684 1244 1954 1326 10. 1 1897
1690 1298 1854 1376 16:1.
1684 1362 1942 1444 25.1.98
1700 1420 1900 1500 16. 3.
1700 1484 1952 1580 7.1.99
1702 1564 1942 1646 11. 5. "
1720 1694 2008 1778 5. 3. 1913
1724 1770 2014 1848 18. 9. 1918
1552 1826 2424 1946 There is no copy of letter 17.8. 1920
1570 1936 1802 2022 Include.
1590 1992 2430 2096 1) 3 letters from Edith Brander to A's
1954 2072 2294 2154 Nos 26, 27, 28
1978 2142 2348 2256 Gertrud Runge
1636 2228 2284 2320 Brandes Secretary to A.S.
1858 2298 2308 2396 Nos 56, 57, 55, 64.
5542 168 5902 330 30-12-23
5954 242 6106 392 Br
6174 212 6484 394 Nr. 1.26 m-
4596 256 5424 436 Brandt Kostenhagen 26 Mai 98.
5546 346 6424 518 Hochreichster Herr Dechter Schmiedel
4330 374 4772 542 Hochgeehrter Herr!
5552 458 6348 630 In dankbem Erinnerung
4322 504 5430 652 Zwei Mal schon haben. Sie mich verpflichtet, das
5548 542 6772 694 schöner Stunden in Ihrem Herrn Schriftsteller
4336 610 5448 754 erste blie durch Zusendung Ihres Amtol und jetzte
5542 646 6932 808 gast freundlichem Hause Dr. Arthür Schnitzler
4348 714 5466 832 durch Ihr Märchen. Wenn ich nicht gedenkt
5542 756 6156 842 sende ich Ihnen die
6234 760 6894 910 Sternwerkstrafe 71
4360 808 5424 930 habe, so liegt es mir daran dass ich täglich
5542 804 6200 954 herzlichsten Glückwünsche
6408 858 6892 996 Wien VIII
4370 912 5460 1030 allen viele Bücher erhalte um mich bedenken,
5570 888 6202 1048 für des neue Jahr.
6458 944 6742 1066 XVIII
5654 984 6026 1108 Ihm sagebene
4378 1002 4658 1116 In Rönnen
6500 1024 6910 1156 Pestreich
5724 1044 6156 1200 Gertrud Rung
4384 1074 5486 1200 Aber sind das Märchen muss etc Ihnen danken
4390 1182 5490 1292 Es ist eine so gute und gedragenen Arbeite, wie
7378 1146 8054 1342 v. Kopenhagen 12 Juli 26
6950 1152 7218 1320 60
5602 1260 6230 1394 war Schmuck des Hauses
4402 1276 5482 1422 ein Rechter sie selten empfängt. Sie haben hier
6622 1234 8060 1378 Freund! Haben Sie herzlichten Dank für herzliche Worte. Unter¬
5708 1336 6516 1452 Ich bitte, gelegenstlich Bestem¬
6628 1354 8052 1488 Ihren Uebeln scheint einen 83 Greis das Ohrbiden das einzige ernste¬
4400 1374 5454 1492 eine viel höhere Stufe erreicht als in Ihrem
5602 1398 6526 1538 und seine Gemahlin sehr herzteiß, von
6622 1424 8038 1556 Glückherweise ist es nicht schlimmer, als dass Sie sich geistfreundlich,
4406 1452 5450 1602 früheren Buch. Die Frauengestellen sind alle
5606 1498 6020 1596 mir zu grüssen.
6614 1508 7990 1628 mit den Leuten unterhalten können, und theatralischen Erfolg erleben.
5684 1556 6386 1660 Ich weiss nicht, ob sie Zeit zu
4384 1584 5484 1704 sehr fein und richtig gezeichnet und die Handlern,
6622 1574 8002 1706 Ich las fürglich sehr genann aufs Vere Bertrice’s Schleier und fand
5618 1612 6384 1702 haben. Sonst würde ich Ihnen
6622 1648 8022 1780 darin Tiefen, eine Einsicht in die Frauenseele, die ich nie ghelt
4384 1680 5410 1772 des Stücks ist gut und logisch geführt.
5612 1630 6520 1762 thyralina von den Rumänen Paul Istrat.
6616 1716 8008 1846 hat und nie erwerben könnte. Bin dazu geschaffen von complicirtoren
5634 1728 6508 1824 empfehlen. Er schreibt französich und hat
4518 1730 5502 1878 Hochachtungsvoll Ihr Georg Brandes¬
6604 1784 8026 1894 Frauen an der Nase herumgeführt zu worden und mir die einfachen
5620 1786 5918 1880 grosse Frische.
5768 1790 6524 1992 Ihr getreuer Freund
6628 1850 8010 1990 zu verstehend. – Sie sind und bleiben für mich der Angebracht
5112 1860 5280 1952 1
6646 1930 7978 2052 Wiens. Da die auf vielen Menschen wird auf dem Theute
5920 1932 6418 2102 B. D. Bl. Ihr
4646 1922 5208 2064 Hopenhagen 21. April 26
7522 2026 7898 2106 die Einsamte
7524 2082 7898 2150 naha stand,
7890 2022 8064 2156 Sr. M
4328 2016 5228 2174 Mein erbster Freund. Sie und einer
4330 2124 5230 2258 der wenigen Menschen, dem ich nur Gutes
7164 2168 7798 2342 Kopenhagen 30 Dec. 25
4348 2210 5230 2360 verdanken, einen wahren geistigen Reichs¬
5828 2196 6110 2428 tot huijs
6954 2298 7466 2434 Mein liebster Freund
4336 2310 5236 2428 tum. Heute las ich fum zweiten.
6238 2276 6438 2416 S
4346 2398 5230 2518 male – rach Monaten – Ihr Fiefsinniges
6974 2394 7812 2536 Das Jahre das zu Ende, und ich habe
4336 2474 5226 2592 Danna über den Weiher, und verstam
6936 2496 7820 2648 Ihnen unendliches zu danken, dass
4342 2546 5236 2666 es inniger als die erste Mal hatte
6944 2592 7798 2716 es in Wien für mich einigermassen
4336 2624 5236 2718 meine Freude daran. Sie haben dort
6944 2682 7798 2786 gut ablief. Sie als Arzt wissen¬
4292 2704 4762 2810 eine Seite anzei¬
4752 2724 5232 2822 schlage, die in der Gegen¬
6924 2758 7810 2866 dass übelte Menschen meistens beschwer¬
4346 2776 4920 2900 wert selten gehört wir
4906 2780 5230 2930 Verso klingen
6918 2818 7822 2986 lich sind. Sie haben es mich nicht
4370 2868 5236 3002 hartzutage selten von der Bühne, und
6918 2932 7806 3084 sichten lassen, aber Ihr. Haus in Wien
4358 2950 5228 3102 Sie sind zu den ausführlicheren Peplaten
6928 3016 7776 3154 mit ein kein gewesen. Sie
4370 3028 5052 3174 älterer Eiten zurückgekehrt.
6912 3100 7812 3246 haben wol in 35 Jahren unsere
4384 3134 5046 3226 meistern diesen Stil, und die
6910 3174 7784 3354 Freundschaft ununterbreiben bewahrten.
4364 3190 5288 3334 Das Stück ist ein schönes Ganzes.
6946 3308 7534 3434 obschon Sie immer mehr
6934 3386 7678 3526 als ich im Stande war. Ihr
6954 3478 7186 3550 Lastfreunde etc.
