7989 3624
1918 361 3746 590 1 1 1/4 1 7 1/2, 4, 4. 4, 5, 4 1, 4 f. 1, 3, 4; 4, 0/0,
1280 370 1843 615 décembre de l'auteur avec
1986 801 3360 1056 gut frider und jeder Gelegenheit, vergreifen
549 899 1537 1085 Yours was "Hymlager bringed".
2013 985 3335 1194 Sie mündlich und schriftlich zu preisen.
740 1024 1875 1176 So entzückt ich war über Ihr letztes
561 1130 1877 1283 Größeres Schmöpiel – ich entreien mit des
2184 1151 3335 1285 Ist es nicht sonderbar? Mein so richtiges
608 1228 1841 1367 Tills nicht uor der junge Mann im
2045 1246 3346 1419 und würdiges Hausfest. an die deutschen
608 1348 1841 1494 ersten. All dortet – so fremd ist mir
2059 1364 3323 1564 haben möcht die Neue seine Prene, wie
606 1451 1868 1573 der kl. Errichter den See und Kürzlich.
2213 1498 3357 1696 Frankfurter Instanz abgewiesen. Nun
602 1603 1905 1707 schickten. Ich weiss ja nicht ob irgend
2082 1650 3303 1796 dersuche ich mein Glück bei Barth,
602 1705 1895 1868 eine bisherische Notiz zu Grunde liegt.
2063 1741 3337 1925 Die Natron. Ich lasse es in allen Gerich
611 1873 1918 1959 Sonst aber kommt die Idee nur sonderbar
2088 1868 3298 2038 sonst erscheinen. Es ist ein Bozen gros
2088 1977 3012 2100 über die schlesweysche Sache
617 1968 1911 2111 vor, das zurückene Leute - seien sie auch
2218 1995 3337 2152 Ich habe sonst wenig arbeiten können
627 2075 1930 2227 noch so abgespannten eine Kneipe besuche
2063 2091 3305 2243 Nur Annie Viranti aus dem Italiän
2100 2197 3230 2356 Ihnen in dänische Verse gebrachten
631 2234 1934 2363 sollten wenn sich von Schauspielern revo¬
2256 2336 3346 2440 Tit liebenswürdiger fragten mich
640 2349 1923 2542 Entwäre Seenen vorspielen zu lassen.
2122 2431 3369 2597 Cenmel in einem Brief: Wie sind. Ihre
661 2502 1861 2640 Es ist so verdament künstlich 10 aus.
2134 2517 3369 2681 Vase, und sie gut? Nansen findet
656 2626 1916 2738 Klamiüstück, wie die Norddeutschen sagen:
2184 2667 3394 2813 Sie akademisch, ein Urtheil des ich
781 2751 1943 2885 Sonst wissen Sie, den ich in Sie
2184 2772 3394 2967 in bisschen Landsch finde, dann sie
697 2835 1959 3005 verliebt bin wird alles was Sie machen
4565 340 4944 577 1 Mtr. I
5241 356 5816 599 V. träs. Männerin gef.
5346 829 6635 1033 sind sehr persönlich, aber als Vorse
5391 965 6631 1135 sind sie gut. Das Einzige auf der
5403 1087 6585 1230 Welt was ich kann es:  "Dünisch
5421 1251 5702 1339 schreiben.
5489 1301 6567 1500 Ich trücke Ihre Hände. Kürzlich
5423 1476 6572 1648 erführt ich, dass Goldmann wieder in
5421 1559 6406 1766 Europa binn. Das freut. mich
5927 1707 6483 1882 Ihr ganz ergebener
6000 1852 6601 2125 Georg Brauts
5403 2156 6647 2302 Mein sämst in nächster Woche hier an.
5425 2288 6637 2465 meine Gesammelte Schriffen (!) Wien
5441 2422 6644 2599 Ingeben und glaubt an einer Ersatz.
