7529 3608
1494 404 1956 540 V. R. W.C. J.
1080 434 1358 598 1/2/16
2274 564 2430 744 36
1066 704 1582 898 Brandes
1500 836 2314 1008 Nopenhagen (genügend Atesse)
1716 962 2106 1106 6 October 11
1256 1146 2052 1306 Verehrter und lieber Freund
1166 1270 2486 1452 Graf Prazor, wüsischer Diplorant, vieljähriger Ueber¬
1188 1396 2482 1546 schjer, Ibrens ins Französische - es hat für
1178 1500 2468 1660 Frau eine schwedische Gräfin und kennte unsere
1206 1610 2434 1740 Spracher – hat eine Tochter, die durch die
1202 1704 2464 1840 Wirksamkeit des Vaters Iben = Enthusinstin wird
1214 1832 2094 1976 Iboen = Burstekerin geworden ist.
1398 1890 2460 2074 Fräulein Projor soll am 12ten in Wien
1202 2030 2506 2180 Hedda spielen. Der Vater hat mich wiederholt
1236 2128 2470 2286 gebeten, ihr die Bahn zu ebenen durch einen
1226 2236 2500 2372 Achtel in der N. Fr. Presse. Ich antworten ihm
1244 2328 2510 2502 7) dass ich in keinerlei Verbindung mit der N. F. Peren¬
1242 2440 2488 2598 stehe 7 dass ich seine Tochter nie gesehen habe.
1380 2552 2452 2684 Er gibt nicht nach, flebt immer als
1272 2632 2516 2816 alter Freund, ich möge jemand in Wien seines
5554 406 6204 574 1 1/2 t. p. v. w.
4696 436 5054 600 J. A.
5138 422 5298 552 G.C.P.
5682 870 6968 1020 Schittlend, weil die Universität sein Andruss mich
4278 956 4660 1084 halber plagen.
5710 986 6930 1120 à l'occasion seines 500 jäuriges Pritchens ferne
4336 1026 5540 1170 Ich keine Niemand, der mit Thalersachen
5742 1092 6992 1244 Ehrendreter ernannt hatte. So sah ich allerlei
4336 1118 5558 1292 ergendwie in Brükowz Stett, als Sie allein.
5718 1198 6452 1352 Malerischls in Schottland.
4444 1208 5570 1380 Meine Bette ist also; fordern Sie, sicher
5956 1324 6978 1452 Ich weis jedoch, dass unter Geist
4308 1352 5558 1478 Freund und in Wien gewiss nicht schmächtiger
5736 1414 6932 1558 in Wien als in Edenburgt ist, und Sie
4320 1436 5594 1598 Mecited, irgend einen Journalisten auf, das Frl.
5722 1512 6986 1690 sind mir der eigentliche Vertreter dieses Geistes.
4342 1540 5528 1740 Proyer (in de Prippe un Susanne Desprès).
4378 1666 5526 1846 zu intervieren und für Sie in wenig
5956 1708 6806 1868 Ihr in alter Freundschaft ergebener
4372 1792 5030 1922 Stimmung zu machen.
6450 1838 6956 2054 Georg Brandes
4586 1914 5078 2030 Dies ma lorvée.
4458 1974 5552 2178 Aber ich mag nicht dies langweilige Deuz¬
5938 2052 6988 2156 Ich habe leider Ihre Adresse vergessen,
4374 2122 5574 2282 abschicken ihre Ihnen aufs Nure zu sagen,
5926 2150 6706 2290 uns den Brief verspäten wird.
4392 2224 5594 2406 wie lieb ich Sie trotz der Entfernung und meines
4386 2364 5612 2520 Alters habe, und wie gerne ich Sie wiedersche.
4552 2458 5624 2644 Ich habe in Italien, Frankreich und Dünemark
4440 2588 5592 2738 in diesem Frühjahr 3 Monate durch Veuer¬
4464 2728 5586 2872 entzunderung verloren. Ich war jetzt in
