7599 3608
1028 348 1316 636 14th May 9
1826 446 2004 590 1
1794 772 2470 934 Kopenhagen 11 März 1906
1214 1102 2100 1264 Verehrter und lieber Freund
1176 1304 2432 1484 Haben Sie herzlichen Dank für die gute
1198 1420 2440 1612 Jebe, die Sie mir schickten, Ihr letztes
1238 1520 2506 1698 Schauspiel. Ich habe meine Freude daran
1242 1644 2518 1804 gehabt. Die Welt Ihrer Thantarie zieht mich
1268 1754 2524 1886 immer in und ernst meine Bewunderung, die
1268 1858 2530 2016 ich alles wenig Rantavis besitze und erstaunen
1286 1962 2428 2094 dass ein anderer all das erfinden kann.
1414 2076 2508 2222 Sich lange beschäftig es Sie, wie der
1302 2138 2542 2348 Gedanke an den nahen Tod die Gefühle be¬
1320 2252 2512 2440 einflussh, Schleier der Beatrice, Lieutenant
1308 2352 2536 2558 Gustl, usw. Hier. variiren sie das Thema;
1340 2474 2556 2644 der Gedanke an den Tod des Liebsten wirkt.
1332 2562 2554 2738 ebenso. Sie sind ein Grübler über den Tod,
1342 2676 2584 2868 im schon Ihr „Storben zeigte. Die Hälfte
5854 440 6048 546 V.J.
4176 1046 5518 1222 Jurer production ist Thanates, tes Hälfte Ers ge¬
4228 1164 5522 1318 widmet. Aber dadurch haben Ihre Arbeiten eine
4252 1242 5524 1432 So grosse Spannweite (wenn das Wort deutsch¬
4242 1420 4392 1510 St.
4362 1472 5492 1616 Ich las eine sehr zuverständigke Pritik über
4272 1582 5516 1734 Ihr Werk in dem Tag; es scheint und, das
4282 1686 5540 1824 Die meiste deutsche Kritel alleyn viel fertige,
4306 1814 5582 1958 Begriffe und Ansprüche mitbringt; die ist weniger
4308 1934 5014 2050 geschmeidig als die consrige.
4508 1996 5522 2148 Es war mir sehr lieb, Sie jene Stunde
4368 2118 5530 2264 bei Fulde for treffen. Ich möchte, dass
4368 2208 5544 2372 Sie einmal wieder nach Dünemark kämen.
4738 2324 5392 2468 Ihr denkler verbundenen
5038 2496 5558 2706 Gros Brandes
