7599 3608
2746 410 3038 534 Votre très bien de l'auteur, pour la
1720 414 2482 552 1)1   "    M.   1   /   l 1  /1
1868 962 2322 1134 11 Juli 06
1404 1240 2010 1434 Verclarter Freund
1320 1498 2384 1630 Wenn ich Ihre Karte einigermaassen nicht
1332 1608 2408 1762 dechiffrire – die Schrift ist räthsel.
1360 1728 2362 1860 haft – so fragen Sie nach meinem
1354 1850 2372 1996 Befinden und sagen mir dass...
1360 1972 2224 2132 Jemand mich grüssen lässt.
1480 2100 2344 2248 Ich bin heute aus dem Spital
1396 2232 2396 2360 heraus, nur noch sehr, sehr math.
1392 2322 2404 2488 stolpre aber unter um wich zum
1412 2440 2182 2596 Jehen wieder zu genöteren.
1532 2568 2392 2708 Ich würde sehr gerührt, dass
6678 408 6960 536 Votre très de
4438 1222 5478 1428 Sie meiner gedacht hatten. Hoff-
5626 1302 6108 1398 sch orst sein.
4456 1362 5502 1514 thal schichte mir Thor und Tod.
5764 1380 6608 1532 Urlaufig soll ich arm Sau¬
4492 1492 5486 1654 Es ist schön und sein, machte mir aber
5710 1504 6608 1662 Empfangsrede an das Alltling.
4502 1614 5448 1748 lange nicht den Eindruck wie die
5714 1648 5942 1766 halten.
4498 1720 5408 1886 frei antrkrsirenden Schauspiele.
5994 1706 6450 1856 Ist ergebener
4648 1824 5412 1990 Ueber Ihre eigenen Ministère
4496 1940 5438 2106 Kann ich das letzte Viel gar
6090 1890 6698 2090 Yours Brandes
4530 2052 5464 2230 nicht dazu, mit Ihnen zu reden,
4528 2158 5280 2330 wollte es doch sehr gem.
4626 2276 5390 2434 Ich komme noch eines Tages
4580 2386 5430 2536 nach Hlsruzer und versuche,
4592 2506 5372 2636 an Ihre sind für Clopfer
4616 2598 5404 2762 Aber etwas künftig und
