7645 3688
1496 910 1722 1032 Brund
1862 922 2390 1080 Vossenhagen 17 August 20
1510 1086 1966 1222 Verehrtester Freund
1498 1220 2376 1336 Am 13. Juni schrieb sch Ihnen nach
1492 1316 2376 1430 langen Scheveiger einen sehr langen
1492 1400 2400 1514 und ausführlichen Brief in der Hoffnung
1516 1486 2394 1582 in wenig über die, die Ihrigen wird
1510 1550 2210 1680 gemeinsame Freunde zu hören.
1624 1630 2406 1734 Ich erhielt nie ime Diele Antwort
1528 1716 2406 1826 und da es immarlei aufsich ist, dass
1504 1798 2402 1904 mein Brief die nicht erreicht hat, die
1522 1864 2394 1994 laube ich mir die Anfrage, ob die ihm
1514 1944 2386 2064 erhalten haben, ob sie zum Antworten
1528 2018 2418 2136 - was ich höchst natürlich, finde - nicht
1528 2096 2400 2222 aufgelegt waren. Ein Vermisch würde sie
1540 2196 2406 2292 wahrlich nicht treffen. Aber in früheren
1514 2254 2448 2384 Zeit antwortenden Sie willig, obwol
5736 422 5934 530 10 / 6
5354 1562 6142 1686 die Correspondenz des Alles ein¬
5388 1650 5918 1746 corvée geworden St.
5388 1706 6106 1836 Die Verhältnisse sind sie in
5340 1780 6130 1900 Wien besonders schwerig und bevorig.
5324 1848 6150 1966 Ich denke mir, dass Sie überhängst nicht
5352 1930 6016 2046 den Sommer in Wien verbringen.
5298 2012 5512 2164 G.C.F.P.
5584 2024 6144 2162 Ihr in alter Freundschaft
5686 2122 6182 2274 ergebener Gros Brandes
