7645 3688
1786 412 2064 580 V. F.C.F.
1792 1026 2364 1180 Voyenhagen 11 Juni 23
1458 1126 2358 1244 Liebster Schnitzler, Seren Sie bedankt für
1458 1202 2378 1294 die Güte, die Sie nicht weniger als drei
1458 1270 2372 1368 mal einen Patenten aufsuchen lies, Ich
1464 1330 2360 1436 war und die Ihnen vom ganzen Herzen
1458 1390 2352 1502 dankbar. Ich hoffe dass Sie in Stock.
1458 1464 2376 1574 Wolm gute Erfahrungen machte. Ich habe leider,
1446 1524 2354 1626 keine schwedische Zeitung gesehen. Ich
1458 1586 2366 1674 habe den Wunsch, dass es Ihnen in der
1486 1658 2370 1774 Lübschen Stadt gute ging und dass Sie
1466 1726 2382 1808 was verdienten. Die schwedische Krone
1458 1794 2358 1888 ist viel mehr werth als die dünische
1588 1878 2370 1972 Ich bin anzublickten auf dem
1474 1932 2372 2044 Lande (Hornbek, Villa Iris) um mich
1468 2020 2346 2116 zu erholen, und es geht mir sehr gut.
1486 2076 2384 2196 wäre nur nicht das Sommer so schlecht,
1478 2158 2368 2272 der Wetter so kalt und regnerisch. Ich
1480 2242 2370 2342 habe recht viel gearbeitet, gebe die Cte
1480 2308 2380 2410 Ausgabe meiner alten vor halblendert Jntoren
1504 2368 2050 2472 geschriebenen Hauptströmungen
1504 2436 2054 2536 vermehrter und verbesserter
2150 2390 2436 2512 tath, merge
5740 402 6014 542 V. tr. 1/4
6702 428 7012 548 1määrte
5116 932 6066 1040 Ierthümer aus und füge Binsemehrheiten
5140 996 5324 1092 hinzu.
5122 1026 6046 1174 Es war eine wahre Freude sich mich
5128 1130 6078 1240 Sie wiederzwischen, anscheinend unangefoch¬
5104 1198 6052 1306 ten, von all dem Ungemach, das sich
5122 1288 6046 1394 über Ihr Land wie über ganz Europe
5116 1348 6054 1462 gextängt hat. Sie haben augenscheinlich
5128 1418 6066 1538 nicht weniger Widerstandskruft als Ihr
5156 1502 5876 1656 jugendlicher Verstören etc. B.
