7675 3657
2652 434 3018 572 V. F.C. v. M. K.
1692 424 2192 574 1 1 1 1/2  =  =
1768 656 2172 874 Ropenhagen
1936 794 2444 954 23 August 14
2096 912 2470 1042 am 10.5.14
1362 1124 2128 1288 Verehrter wird lieber Freund
1284 1202 2506 1410 Erst jetzt erhalte ich Ihren Schwerzerbrief
1236 1346 2502 1498 vom 3 August. Es war 20 Tage unterwegs.
1326 1464 2546 1612 Ich berückte kaum zu sagen, wie gerne ich
1308 1554 2550 1740 etwas für Sie thun möchte. Sie wissen, wie
1260 1648 2552 1818 lieb ich Sie habe und wie sehr ich der schütze.
1386 1764 2568 1918 Leider bin ich nicht der rechte Mann. Ich
1314 1878 2568 2046 bin in der schwedischen Akademie ganz unbeliebt.
1446 1954 2604 2156 Erstens: ich glaube nicht, dass der Schwede
1352 2076 2568 2230 der Ihnen von Oesterreich sprach, wirklich etwas
1388 2178 2596 2360 wüssti. Jedes Jahr werden völlig unrichtig. Ge¬
1370 2288 2604 2468 rüchte in Verlauf gesetzt. Die Eingeweiteten dürfen
1394 2386 2624 2572 nichts sagen. Der Preis wird 1914 gar nicht
1404 2474 2618 2676 vertheilt, erste Frühlenz 1915. Man hat
1430 2628 2460 2792 November abgeschafft, Juni eingeführt.
5696 410 6406 540 1 1/2 1/4 t. p. a. v. 4. 2/4.,, rue 1, 4, 6/4, r,
6500 412 6814 546 V. F.F.C.
5338 420 5510 530 "    "  "
5744 850 7012 1012 die dämische Akademie der Wissenschaften mich
4302 916 5590 1054 Zweitens. Man fragt nicht speciell im Ministerium
5768 954 7032 1140 einstimmig zum Übelpreis vor und hat
4280 1022 5632 1160 oder in der Allademie. Jedes Jahr haben alle Mitglieder.
5784 1084 7056 1224 nie später einen anderen Vorschlag machen wollen.
4290 1120 5614 1266 einer Universität und alle Mitglieder der Akademie
5784 1202 7018 1316 Die Schweden aber, die mich lassen, weil
4340 1208 5584 1364 mien des Landes eine Stimme. So haben
5796 1278 7066 1438 ich einen russischen Flüchtling, der in Stockholm
4350 1338 5602 1478 hier Universität professoren und Akademie mitglieder
5820 1400 7042 1542 gefesselt war, gegen Auslieferung schützte,
4376 1456 4890 1578 jeder eine stimme.
5834 1504 7060 1640 haben erklärt, dass von mir nie die Rede
4530 1530 5606 1692 Ich habe keine. Denn obwohl Ehren
5844 1604 7054 1756 sein konnte. So impopulär bin ich dort.
4396 1646 5620 1772 Doctor an schettischen Universitäten und Ehren¬
5840 1722 7042 1866 Sie schon also dass ich ganz ausser Lage.
4410 1736 5596 1896 mitglied der amerikanischen Akademie des
5856 1822 7012 2000 bin, jemand officiell zu empfehlen.
4422 1854 5608 2014 Wissenschaften und künste, der italienischen
4422 1954 5662 2118 der norwegischen, der Royal Society wer¬
5958 2030 7018 2178 Vierters. Ich kenne indessen privat
4540 2066 5672 2200 bin ich nicht einmal ordinares Mitglied
5872 2130 7072 2296 einige einflussleiche Mitglieder der Akademie,
4446 2196 5648 2326 der Reischen Akademie, noch angestellt
5880 2232 6886 2380 und ich werde Ihnen schreiben.
4494 2288 5396 2422 an der dünischen Universität
6000 2330 7080 2476 Nur ist dies nicht der Moment
4572 2392 5518 2530 Bin also nie gefragt worden.
5910 2456 7024 2604 Hein Mensch in Schweden denkt
4492 2484 5644 2652 Drittens. Schon vor sehn Jahren
5904 2558 7088 2712 an anderes als an den Ritz; das gep.
4476 2608 5616 2742 schlugen viele fremde Schriftsteller (von a.
5914 2664 6956 2820 Land ist zur Vertheidigung gegen
4458 2706 5628 2870 Anatole France) mich fum Nobelpreis
5916 2800 6546 2956 Kusland gerüstet.
4500 2810 5644 2970 vor; schon vor 9 Jahren schlug.
