7678 3657
1342 408 1666 568 V. M. I.
2056 676 2606 822 Lopenhagen 18 Sept 18
1266 606 1600 876 Brande
1374 798 2098 954 Lieber verehrter Freund
1320 1008 2632 1160 Mein Trieb war, augenblicklich einen so herzlichen
1322 1110 2640 1298 Brief zu beantworten. Es war mir nicht möglich,
1352 1234 2652 1404 mit zu finden. Endlich nach endeshalb Jahres
1340 1328 2656 1476 Arbeit sind die zwei Bände über Läsar, der erste
1362 1438 2638 1614 von 500, der andere von 600 Seiten grossen Formats,
1368 1548 2298 1694 vollendet, und ich kann aufahren.
1434 1658 2614 1788 Erinnern sie sich einmal vor Jahren, es uns
1406 1740 2634 1910 eben an Deren Geburtstag und Sie waren so
1392 1852 2648 2010 Bundlich gewesen mich zu Tisch einzuladen; ich
1404 1938 2646 2102 sagte: Sie sind gerade 20 Jahre jünger als ich,
1398 2056 2662 2196 Sie antworteten: Und wir beabsichtiget, auch ferner
1422 2160 2650 2326 diese Distanz von einander zu halten. — So ist
1422 2254 2686 2414 es gegangen die Dostang ist geblieben, eine Seelische
1416 2396 2118 2556 Entfernung nicht eingetreten.
1554 2498 2672 2638 Ich habe sie nie vergessen, mich immer mit
1442 2576 2686 2742 Ihnen beschäftig, und noch die zurücken freundliche
1464 2682 2638 2878 meiner, obwol uns uns nicht selten sahen.
5300 430 5454 550 10/1
5690 844 7060 1016 gesehen. Dann plötzlich in den fünf - sechs letzten
4358 858 5614 1028 Hier hat man in dem vorigen Saiven versucht,
5726 954 7072 1080 Lebensjahren, schloss er sich mit einer Innigkeit an
4302 1002 5620 1144 zwei Ihrer Stück zu spielen, ich seh das eine,
5744 1056 7064 1186 mich, dass ich eine Art Hauptpursen in seiner Ge¬
4322 1092 5604 1210 Das Stück über den Schauspieler, das sehr gefiel
5744 1152 7072 1304 denkenwelt wurde, er widmete mir öffentliche seint
4328 1196 5638 1340 und nicht übel gegeben werde. Jetzt wird wien
5742 1282 7076 1404 Prücher, schrieb öftes über mich – natürlich meistens
4328 1308 5576 1448 der Auss von Ihnen, an einem andern Theutel,
5738 1354 6844 1502 inblücklich – aber mit dem besten Willen.
4344 1418 5614 1562 gespielt werden. Man hat hier beider immer
5856 1490 7078 1636 Es war aber, sehr traurig, die Abnahme seiner
4340 1516 5614 1652 neniger Kunstverstand; doch werden Sie geschätzt.
5774 1570 7042 1736 Kräfte zu verfolgen. Man litt fast mit ihm.
4328 1624 5628 1778 nur sagt unsere unglaublich idistische Kritik, die
5904 1674 7048 1826 Und doch ertrückt dies Einzelne in dem
4328 1732 5650 1872 seien von Peter Vansen beeinflusst. Ich glaube,
5784 1804 7048 1942 allgemeinen Jammer der Menschheit. Glauben
4334 1828 5632 1974 die schrieben, bevor Sie seinen Namen gehört hatten,
5828 1902 7052 2036 Sie nicht als auch, dass diese Hügel, Erde gar
4352 1948 5282 2068 Und so wäre die Anlichkeit!
5842 1994 7054 2124 nannt, in dem Weltall den Record bestia¬
4548 2006 5620 2180 Neusens Tod war die Veranlasowen Ihres
5848 2100 7090 2250 lischer Stupidität geschlagen hat? Es scheint
4346 2146 5650 2314 guten Briefes. Drever Tod hat mich Frl. ergriffen,
5860 2200 7066 2386 mit unmöglichen; dass ein anderer Globen in
4358 2236 5630 2398 so tief, dass es mir ist, als Lebte es noch¬
5874 2304 7090 2490 dünneren und welhafteren Wissen bewohnt sein.
4352 2352 5668 2520 Mit gegenüber ein sonderbarer Mensch. Diesig  Jahr
5086 2444 5296 2538 in 25/
5866 2434 6058 2562 kann.
4380 2464 5610 2610 hat es mich gekannt, und mit nie näher
5922 2530 7096 2712 Ab und für werde ich von Oesterreichern auf
4384 2554 5626 2722 getreten. In seines beiden Ehen war ich nie
5916 2664 7028 2796 gemacht, aber es ist zuletzt unerträglich,
4376 2666 5636 2854 in sein Haus geladen, ich habe nicht einmal
5916 2760 7106 2940 von seinem Landsleuten als Gebrauchsgegenstand,
4414 2764 5662 2980 in einem flüchtige Besuch je seine Wohnung,
