3812 3687
2027 674 2238 832 59
2314 694 2460 827 a
1816 967 2523 1135 Kopenhagen 21 Juni 25.
1176 1203 1719 1326 Mein lieber Freund
1234 1296 2533 1437 Sie waren diesmal wieder sehr gütig gegen
1191 1429 2525 1545 mich in Wien. Ich ging nach Salzkörz,
1214 1502 2530 1635 verlor aber doch vier Wochen mit Bronchitio,
1219 1606 2532 1773 bin hier, wird kann über die Gesundheit nicht
1218 1741 2487 1876 klagen, obwol der Sommer hier kalt und
1233 1857 1685 1955 unheimlich ist.
1369 1952 2550 2080 Ich hätte Ihnen sehr gerne mein kleines
1271 2052 2510 2193 Buch Hellas geschickt, aber leider durch
1259 2151 2563 2306 allerleit Verlegerschwierigkeiten lässt die deutsche
1282 2289 2116 2412 Uebersetzung auf sich warten.
1427 2349 2513 2508 Es war schön, Sie und Ihr Heim¬
1279 2477 2505 2630 wieder zu sehen. Es that mir leid zu
1346 2582 2518 2728 merken, dass Ihre Amming nicht
1341 2685 2558 2832 heiter war. Sie waren nicht deshalb
1341 2789 2578 2934 weniger liebenswürdig, aber ich gönnte
