7583 3658
1100 374 2322 586 1h 1/4 nr 1/m2t 4 1/2, nr 3 1/3, n. 1, 4 1, 6/4.
1146 740 2458 908 beigareltes geracht, zuviel Werkz getrunken sein
1170 860 2448 1000 Herz scheint gelitten zu heben, er hat seit
1176 946 2482 1110 3-4 Wochen einen schwachen Fieber, das nicht
1214 1060 2462 1218 weichen will. Ich liebe ihn sehr und
1218 1180 1950 1318 bis um ihre bekümmert.
1434 1270 2468 1406 Liebster Freund Empfehlen Sie mich
1250 1394 2370 1546 die Ihrigen und bleiben Sie mir gut.
1812 1494 2464 1760 Ihr gesch Brandes
5168 386 5598 566 Votre très-ciès de l'année
5796 322 6134 528 1,7/17.
4926 740 5206 830 Broude
5506 860 6316 1032 Vopenhagen d. 13 December 15
5068 1076 6344 1208 Verehrter Freund. Es war mir eine augenehme
5058 1212 6314 1358 Ueberraschung, so bald von Ihnen zu hörend. Ich
5070 1292 6332 1456 erwartete das nicht. Ich bin leider bettlä¬
5104 1412 6284 1558 gerig. Sie wissen als Ärzt, wie längnierig
5112 1516 6338 1648 Dies verdarmte Uebel ist, gegen welches das
5106 1604 6368 1760 Perwin erst zehn Jahre nach meinem Tode gefunden
5106 1716 6374 1860 wird. Warme Unschläge imponiren den Bevillem¬
5142 1822 6368 1972 nicht, wird ich kann ihnen das nicht verdenken,
5284 1916 6344 2052 Peter Neusen soll besser sein. Es ist nur
5178 2038 6394 2180 ein Bronchités, das ein schwaches Fieler verur¬
5166 2200 5368 2288 sacht.
5236 2234 6378 2396 Sie haben ja vötly und unbestreitend Recht,
5178 2366 6372 2494 wenn die behaupten, als Monatiller nicht mit
5218 2464 6372 2606 irgend einer über Persönlichkeiten identisito,
5208 2560 6390 2716 Zu sein. Aber die Schlusiscene scheint jedoch
5218 2684 6386 2856 dem Potaleindrich Zusammenſamen zu sollen.
