7663 3688
430 412 724 586 -:11:1  1/2
992 356 2232 566 1 1 1/4 „ — „ „ 9 „ 4 „ 5 „ 10 „
2096 572 2250 696 52
1258 858 2516 1032 In der letzten Zeit habe ich ein Both
1264 976 2550 1120 auf dem April, das beweissen will.
1276 1078 2486 1232 dass das Leben Jesu (ungehühr wie
1296 1172 2536 1346 das Leben Wilhelm Tells) nur sage ist.
1302 1310 2556 1426 Ich habe in paar Kapitil schon voröffentig
1320 1412 2560 1532 licht und werde bald damit zu Ende
1326 1500 2556 1662 sein, erwarte nur Rückkehr der Gesund¬
1326 1622 2556 1738 heit. Es wird leider viel Hohenl verursachen.
1392 1734 2542 1862 Diener Brief ist ein sehr schwacher
1374 1818 2562 1982 Ausdruck meiner freundschaftlichen Gefühle.
1386 1926 2550 2076 Mit den Jahren beiben weniger fründe,
1410 2046 2550 2174 mit denen man sich güstig verwandt.
1384 2140 2544 2284 fühlt was von denen man etwas lernt.
1404 2246 2554 2394 Sie sind einer von diesen ganz wenigen
1366 2358 1672 2506 für mich.
1350 2446 2538 2580 Grund sagte mir ein Buch das ich 1918
1344 2548 2564 2638 über Cäsar schrieb sei deutsch erschienen. Ich
1326 2622 2568 2754 habe weder ein Exemplar nicht im Honoras gesehen
1648 2704 2440 2862 Ihr Georg Brandes
5306 442 6500 630 1 1 1 1/2 1/4 a. p. a. 1 4 1/10 „ 4 1 4 „ —„ —
6588 436 7330 580 1 1/2 1/4 4/4 „ „ 4 „ —„ —: —:
4128 390 4542 602 1f.,, 1
5016 440 5190 570 1
5006 634 6110 866 Brandes) Kopenhagen 17-2-25
5050 814 5306 946 Rues
5210 1026 5838 1154 Hochverschwer Herr!
5198 1194 6346 1336 Dr Georg Brandes bittet Sie dringend
5150 1336 6326 1470 ihm nicht zu mütchen, daß es Ihnen
5162 1440 6350 1572 diesmal nicht persönlich schreibt. Die
5168 1550 6406 1716 bevorstehende Vertragsreise nimmt die Zeit.
5174 1678 6346 1820 des Doktors derartig in Anspruch, daß
5178 1798 6420 1966 es qu'unde ist suis correspondent selle
5198 1920 5540 2040 zu führen.
5252 2014 6352 2180 Dr Brandes beauftragt mich deshalb,
5214 2160 6374 2328 Shien, hochwehrter Herr, zu sagen,
5240 2270 6448 2436 deß es ihm eine ganz besondere Freude.
5240 2402 6410 2540 sein wird sich mit Ihnen, irgendwo
5282 2504 6332 2678 zusammen zu treffen. Der erste
