8068 3624
2432 408 2672 578 1/11
2808 426 2956 560 II.
2318 704 3746 834 die wenigen, an die ich Vertrauen haben konnte. Und ich mache
2342 782 3680 918 könne meine Bekanntschaften, habe zu sich Täuschungen erlitten.
2342 870 3740 988 Unter uns – bitte, sagen die es Niemand – die sogenannte Mensch¬
2360 964 3708 1078 heit ist eine abschmliche Bande. Egets ja glücklicherweise,
2354 1032 3726 1158 einige Anwohnen. — Logenhagen ist im Sommer eine Wüste,
2342 1126 3740 1224 aber ich mez nicht reisen, arbeite stetig, aber es ist, die Arbeit
2366 1190 3726 1300 des schlechten Kopfes“ wie mein alter Schuldirecter sagte, wenn ich
2366 1260 3714 1368 meine Irrthümern mit meinem Thies entschuldigen wollte. – Sie
2364 1338 3714 1470 reden doch wenigstens Erfolge aufzuweiden, in meinem Theil gibt es
2384 1428 3714 1538 keine Erfolge; ich verkaufe 1500 des 2000 Exemplare in meinem
2384 1498 3344 1578 Patris und die Uebersetzungen bringen nichts ein.
2384 1484 3678 1636 gehält und seien Sie innigst bedankt. Ihr Gesch. Brande¬
1596 1824 2296 1982 Lopenhagen Gœthes Geburtstag
2674 1922 3546 2048 gegenüber wird mir unvergesslich.
1880 1936 2200 2032 25/2   1226
210 1924 1100 2048 Ich habe keine Zeitungen in deutscher
2662 1996 3554 2122 ein, uns freilich ein bisschen Cächern.
222 2000 1106 2120 Sprache, weiss deshalb nicht, ob das
1398 2014 2296 2124 Verehrter Freund seit April 1925 hat
214 2082 1088 2202 Stück aufgeführt worden noch ob es
2674 2094 3508 2224 lich bließ, da die 84 jährigem
1380 2086 2294 2210 ich sie nicht gesehen, und es ist mir, als
1380 2170 2294 2280 sich ich sie gestern. So lebhaft stehen Be¬
238 2154 1118 2284 Erfolg hatte. Sie wissen, dass ich Ihnen
2670 2184 3548 2304 sich gewöhnlich nicht lange einer
1392 2234 2290 2338 mir vor Anzen. Seitdem haben, die eine
242 2240 1106 2348 täglichem Erfolg wünsche. - Ich dritte
2660 2242 3348 2390 Erinnerung erfreuen können.
1386 2302 2300 2398 weite, Frise nach den canarischen Inseln,
240 2314 1124 2438 mir, dass ich Anfang Mey im meiner
2752 2330 3546 2506 N'importe! So linge wir
1392 2366 2300 2478 gemacht, sich freundlich meiner erinnert, mir
228 2386 1126 2502 Gesundheit willen nach Harlobad reise
2684 2428 3554 2564 das Tageslicht sehen, het es nicht
1398 2442 2278 2562 die Sonderburg tiefsinnige Traumnovelle zug
216 2468 1132 2584 Ich bin wol mehr als in Dutzend mal
1374 2518 2276 2636 sandt; vermittlich noch anderes hervorgen.
2680 2526 3546 2678 viel, ob wir uns schneller oder lang.
244 2532 1136 2652 das dem Kriege dort gewesen. Jetzt wird
1380 2582 2270 2704 brachte. Ich bitte nur, mich nicht zu
246 2600 1112 2712 es wol dort, wie überall, ärmer
2680 2616 3536 2738 seiner bewegen. — Ich haben Ihnen
232 2672 1114 2780 sein. Die Sprache trlaut mich leider.
1386 2654 2286 2778 vergessen; ich war in Karlsbed, Prage,
2674 2706 3532 2854 noch nicht für die feine Exzählung
1396 2732 2278 2842 Schandann, meiner Gesundheit halber, und
246 2740 1118 2876 von Ihnen, Mein deutscher Verleger, Erich¬
2668 2784 3538 2930 Die Frau des Pichters gedankt, nichts,
1404 2806 2294 2914 bin nicht krank, arbeite weiter mit For¬
236 2820 1114 2936 Reiss, hat Fallissement gemacht. Alles
2638 2872 3542 3004 ich sie weniger schätze aber ich
1404 2870 2276 2976 schungen über Petrus u. Paulus. Ueber
238 2898 1132 3056 war er mir schuldig war, mit Jahren,
2652 2938 3544 3072 hatte sie schon vorgendwo gelesen bevor.
1404 2942 2288 3046 Petrus erschien vor langer Zeit am Büchlein
240 2952 738 3078 ist in Pauch aufgegen,
2658 3008 3550 3112 Sie in Buchform erschien. Mit Freude las
1422 3006 2294 3120 aber da mein Verleger in Berlin bannterst ist,
276 3028 740 3124 Ich loffe, das es
780 3014 1094 3156 Ihnen und die
1416 3078 2228 3182 wurde es nicht deutsch publicirt.
2650 3072 3548 3226 ich, dass Sie Teutererfolge haben. Am,
250 3084 1078 3218 Kindern gut geht. – Frau Gertrud kein
2720 3152 2996 3230 me wir alle sich
1524 3136 2294 3236 Es war schön, dass ich in Wien
256 3152 1072 3282 die Sie freundlich empfingen liest sie
3114 3174 3276 3302 9th
2722 3196 2996 3310 dem Herzen
1418 3184 2344 3362 Ihr Garten sein dürfte. Ihre junge Tochter
262 3238 1124 3368 schr. Ihr Freund Georg Braudes
6056 418 6224 576 1
5936 720 6628 872 Kopenhagen 22 April 9
5440 950 5894 1068 Verehrter Herr
5356 1154 6670 1282 Kürzlich sah ich in Berlin im Deutschen Theater
5374 1288 6604 1402 der Schauspiel Liebelei und es drängt mich,
5362 1402 6664 1540 Ihnen for sagen, welch starken Eindruck es auf
5366 1494 6658 1626 mich gemacht hat. Seit langer Zeit habe
5374 1614 6672 1716 ich bei einem deutschen Stück nicht so viel
5378 1716 6634 1870 gefühlt. Es hat mich ganz ergriffen. Die Mehr
5392 1832 6640 1972 führung, die Sie vermutlich kennen, was ganz
5392 1936 6652 2068 auf der Höhe des dramatischen April, Reicher
5392 2034 6622 2180 Rittner, Jarno, besonders die forma alle
5410 2164 5708 2284 vorzügtert.
5422 2258 6660 2372 Es ist nicht hübsch zu Ihnen, dass Sie mich
5422 2364 6652 2492 vergessen haben in Ihrem Erfolg und unistr
5428 2476 6676 2610 das Diez nicht sandten, da ich doch alles Ande¬
5446 2586 5966 2686 re im Ihnen habe.
5438 2632 6680 2798 Mit herzlichsten Gruss Ihr Georg Brandes
