7529 3608
2060 404 2630 544 ̃'̃::̃ ; «: t:f: t
892 336 1076 614 1.
1704 828 3054 1010 Ihnen geht und wie es Beer-Stoffmanns geht,
246 884 1568 1046 Sehr sein ist die schwache Andeutung einer
276 996 1558 1170 gonstigen Verwandtschaft frwirchend Helene und
1708 974 2952 1162 den ich (der M. Jahren, glaube ich) mit Ihnen
282 1112 568 1238 Napoleon.
1710 1100 2080 1244 kennen lernte.
426 1180 1616 1352 Die ganze Wieneratmaphäre von 100 Jahren
1820 1240 2970 1374 Ueber mich selbst ist nichts Interessantes,
318 1302 1580 1448 haben Sie geben wollen. Und wenn ich nicht
1794 1342 3002 1518 wenigstens nichts besonders Gutes zu melden.
336 1418 1578 1554 me, by es denen besonders aus Herzen, Jn.
1804 1480 2426 1616 Ich bin nicht krank.
334 1514 1622 1672 zeigen auf welchem Hintergründ von Spiess¬
1984 1576 3024 1746 Haben Sie für die Preue Druck, wo¬
358 1626 1614 1800 beigeleitet und lässiger Proletät, die in
1844 1716 3048 1844 mit Sie bei jeder neuen Arbeit auch
348 1734 1650 1906 Wien for Blanco Wartge, and auf welchem Hintergrund
1844 1808 2384 1966 an mich denken.
366 1856 1668 2040 von unnationalem Wenn und Gehorsam den Erolerer.
2176 1978 3060 2130 Ich bin ihr unveränderlicher Freund
354 2014 1602 2130 gegenüber, die in Deutschland hervorttaten, der
342 2122 1632 2290 Herörsums einiger Wenigend sich geltend machte,
2450 2162 2980 2378 Quiz. X Brandes
378 2244 1632 2394 Eine nachsichtige Alenschenverachtung durchdienst des
390 2348 1590 2504 Schammspiel und findet m. a. in mir im
394 2470 586 2582 Echo.
438 2554 1640 2710 Ich möchte immer gerne wissen, wie es
5454 390 6132 554 1 1/4 1 1/2, rue 4, jusqu'a 4, p. 1,
6356 388 6984 546 Von tädtigen und überallen wurde,
5414 766 5890 954 Ropenhagen (nicht Haupt)
5036 926 5742 1068 Verührter Hove und Freund
4976 1050 5898 1166 Heute schickte ich Ihnen eine Bugstelle die
4976 1138 5916 1240 ich über der hier aufgeführtes Batht geschrieben.
5000 1212 5898 1320 habe und legte eine andere Bezahlte anbei. In¬
5000 1284 5930 1378 deutscher Spreche habe ich sonst Nielle. In Deutschland
5000 1348 5910 1456 habe ich nicht ermach mehr einem Verleger. Ich
5012 1410 5908 1520 geb in diesem Tagen ein Brochüre heraus, das
5012 1488 5694 1586 Sie lesen ja leider nicht Dämisch.
5132 1550 5926 1678 Ihr grosser Brief machte mir Freude.
5036 1632 5908 1748 Wie schön dass es Ihnen endlich gut geht.
5040 1720 5950 1826 Nur die Schmerkörz mit gefällt mir gar nicht.
5036 1794 5914 1890 Es ist hämpig von den höheren Mächten, mit
5030 1868 5694 1968 Solchens ach schadles zu halten.
5102 1944 5940 2044 Wir geht es nicht drei verkleend, aber
5048 2000 5956 2106 ich bin nicht krank. Alberne im jetzten
5048 2070 5958 2174 weiter Hotel Lutetia, Bonlevand Paspait, Paris,
5126 2136 5968 2250 Ich drücke Ihr Hand in aller Freundschaft
5292 2200 5992 2356 der ergebener Herz Brandes¬
