7710 3608
5538 711 5935 911 Braudes
6176 746 6589 911 VILLA SAN REMIGIO.
6262 895 6519 987 PALLANZA,
6363 885 6712 1047 LAGOMAGGIORE
4221 914 5453 1070 Muth und die Innigkeit eines anderen, die
6382 1025 6722 1149 (uch Juni 108)
4237 1060 5462 1200 Verkleit, der Leichtsinn und der Ernst der
4259 1165 5468 1330 Therese bilden aber zusammen den Hern
5703 1149 6259 1355 Verehrter Freund
4281 1292 5427 1438 des Buches, nicht wahr? Ich
5608 1365 6820 1527 Seien Sie bedankt, dass Sie, obwohl wir
4253 1419 5487 1596 freue mich über den inneren Reichthum
5573 1476 6824 1609 uns so selten sehen, sich immer meiner erin¬
4243 1581 6798 1780 des Willes, und sehe ja sehr gut die vielen neu und mir die Freude breiten, jedes
4262 1701 5440 1841 Diesammentränge (J. A. dass das Wesen des
5605 1688 6801 1888 neues Buch, dass die hervorbruque, aus
4272 1819 5487 1990 Inderi dem Baron unverständlich und doch
5586 1812 6830 1999 Ihren eigenen Händen zu erhalten. Es ist
4288 1904 5478 2088 verständlich ist) aber nicht den strengen
5621 1923 6824 2130 mir, der ich so viele Bücher bekomme,
4288 2034 5500 2209 nothwendigen Fudammentanz. - Ihre Gestalten
5621 2060 6795 2247 immer ein Fest, wenn uns von Ihnen
4300 2145 5503 2320 sind fesselnd. Ich kenne nicht eben solche
5640 2196 5913 2361 aularyt
4285 2263 5491 2425 Menschen, aber glaube an ihre Wahrheit.
5697 2269 6808 2456 Ich habe Ihr Bach auf einer Reise
4335 2374 5487 2542 Wenige Bücher fissel mich wie die ihrigen
5649 2418 6814 2612 gelesen, lanzsam und sorgfältig und mit
4256 2482 5487 2637 Ich glaube immer etwas Verwandtes zu schören,
5687 2555 6858 2729 sa grossem Interesse, dass pd Unterbrech¬
4329 2590 5535 2736 Ich habe Sie kurz gesagt ausserordentlich lieb.
5700 2682 6313 2806 weg mir eintret war.
4640 2691 5357 2847 Ihr Georg Brandes
