7989 3624
1282 418 2742 596 1 1 1/4 „ „ —„ —: „ 4, 4, 5, 4 1/2.„ 9, 4 f. 4, 8, 4
2108 994 2408 1146 22 Januar 99
1440 1104 2390 1248 Liebes Herr Doctor! Es war ein Fehler im mit
1444 1188 2414 1328 Dass ich nicht für die Novellensammlung dankte.
1464 1296 2396 1408 ich habe sie mit grosser Aufmerksamkeit zu
1458 1380 2402 1470 5 Eisen. Für mich ist die Noralle die fürst in
1468 1434 2368 1570 Geschleppelis stamm – ich erinnere mich nicht des
1452 1524 2412 1636 Litels – ein Meisterwerk erstaunlich mehr und
1446 1582 2378 1702 Bts packend; nur, ein (sehr kleiner) Fehler gegen
1470 1656 2408 1770 den Schluss, dass die Frau zuletzt alles ge¬
1464 1742 2412 1836 steht. Als ob Frauen je gestanden, wenn kein
1488 1820 2414 1910 Beweise vorliegen, sind wenn sie keinem absolut
1482 1888 2396 1980 überlegenen kam gegenüber stehen! Ein
1474 1940 2288 2038 Ernshies Misterwerk ist es dennoch.
1516 2008 2414 2106 Meine Gedichte! Was soll ich darüber
1518 2072 2412 2178 sagen. Ihnen Sie Däusch, so werden sie ein
1522 2136 2432 2242 Erkennen dass zwei oder drei sehr gut sind.
1486 2182 2430 2306 Recourterant = Besuch” und Harold Haar¬
1486 2270 2430 2366 Jäger in Frumarken. Es ist eine Art Jugend¬
1468 2342 2412 2434 de Trgebuch. – Ich lege noch immer zu The¬
1500 2392 2308 2498 Nachen 5 Wochen, Sie wären ja was zwar
2094 2468 2260 2526 mal ant¬
1762 2458 2020 2588 Doch Bosten
2008 2506 2260 2578 grüm 9.
5272 384 6784 578 Monsieur l'honneur de l'exposé d'yvérieur, l'éviter et l'intérieurement du 1er, etc.
4952 396 5176 580 "V."
5702 862 6544 1082 Kynlagen 10 Mörz 99
5372 1130 6034 1286 Liebster Dr. Benitzler
5308 1222 6624 1368 Ich bin leider noch zur Bett, bei sind ob
5308 1326 6624 1476 3 Monate so vergangen. Ich schreibe Ihr
6120 1442 6528 1590 d. Zestern
5326 1476 6042 1590 nen heute weil ich I
6120 1560 6618 1708 nicht will, den
5332 1566 5944 1714 Karte für Sie ent¬
6452 1684 6622 1772 ff. et M.
5678 1722 5956 1796 Herrn Fürg
6454 1754 6648 1898 möglich
5500 1790 5852 1924 Sollen.
5348 1874 6650 2036 Nein zu sagen. Es ist der dünische Schrift¬
5348 1978 6664 2124 seler Karl Larner, ein talentoller Hinschei
5350 2078 6604 2272 gewesenhafter furgehörtig, sehr feinhörig in
5362 2204 6648 2334 allem Sprachbrechen, und unter Phonographie,
5360 2322 6660 2478 aber langerästig, weil er meiner nur wir
5356 2414 6668 2572 sich spricht, immer nur an einer „litterwischen
5374 2504 6634 2672 Vortheil damit wird Kritiken und öffentliches
5368 2638 6670 2790 hob haben will. Sie kennen den Typus.
5434 2758 6600 2896 Aber er kann Ihnen jederfalls einen
