7583 3658
1960 916 2984 1068 Ich vergass damals zu antworten.
486 922 1740 1068 Ueber die Feierlichen dritte ich natürlich wie
2064 1028 3138 1172 Inzend ein überücklicher Wiehl und
496 1070 1770 1238 Sie. Da ich die 20 Jahre ältet Sie gewiss mit
1960 1170 3216 1310 Journalist, der in einem dünischen Blatt irgend¬
532 1212 1484 1324 noch grosser Widerwille als Sie.
1974 1286 3162 1406 einen der gewöhnlichen Idiotischen Artikel
532 1290 1790 1466 Was Sie über die Kritikt gegen destimmt mich nicht
1986 1392 3240 1532 von einem sogenannt indeischen Correspondanten
526 1438 1758 1532 ich kenne nichts widerlichers und dämmeren,
1998 1502 3158 1660 gelesen hatte, bekam die Infall, in Anfang
616 1512 1754 1666 Lassalle sagte : «Dvis Attron un Menschen
2004 1634 3204 1762 des Krieges, mich deshalb einzugreifen, mit der
536 1638 1800 1766 sind mir vor Allem verhaush Journalisten und
2004 1726 3134 1860 dafür verantwortlich zu machen. Darin
542 1734 1794 1856 Zuden, – und ich bin beides“. – Ich hasse die
1986 1854 3168 1986 soll gestanden. haben, in Wien hingere man.
548 1848 1710 1978 Krötter und verachte sie, besonders die
572 1966 1006 2076 moralisierenden.
2104 1970 3182 2088 Ich hatte den Artikel nie gelesen, nie
722 2054 1752 2216 Einen Punkt muss ich beantworten,
2028 2066 3182 2226 geschen, viel weniger geschrieben oder auf
988 2144 1162 2224 Gespicht
554 2196 1160 2274 eine schwache
1152 2174 1766 2324 2. Léo sagen sch.
2020 2198 3132 2332 genommen. Nun ging diese Protéc un
562 2278 1784 2406 wirn wohl jetzt mehr über den Krieg als
2040 2296 3198 2448 Sie kauffend durch die deutsche und
584 2378 1740 2530 an Anfang. Einst schreiben sie mit
2032 2400 3144 2564 österreichische Presse, mit zurbezahlen
582 2474 1772 2648 ebenfalls, ich solle doch nicht glauben
2034 2510 2708 2616 Schimpfworten gegen mich.
2184 2594 3122 2746 Sie scheinen daran geglaubt zu heben.
620 2630 1546 2758 in Wien hersche Hrugersnoth.
2064 2682 3168 2820 so sind mir alle, so viele Beusend, Mal
2078 2804 3174 2962 wir erfahren haben, dass das Gedrukte
5128 412 5864 572 1 1/2, 4/4, 4 1/4 1 1 1, 4, 4. 4 1, 1,
6648 416 6920 584 1e,10
4954 922 6228 1114 nur kurzt war, ferner wieder glauben wir
4986 1092 5308 1182 au Aurs.
5130 1140 6268 1284 allein junger Schwiegerschen ist nach nicht
5052 1248 6284 1372 verwundt, aber leitet grässlich an Leere, fühls
5064 1352 6268 1492 es, als verlien er den Verstand, wurde alt
5056 1472 6272 1624 wird gern. Es ist immer bisser als Wunden.
5086 1600 5356 1714 und Tod.
5248 1692 6308 1898 Ich bin von gegen Herzen der Freund
5738 1898 6094 2090 G B
