7663 3688
1672 414 2850 550 1 1 1/2 1/10 „ „ —: —„ 4: —: 5: —, —:
2936 418 3138 560 V. F.
1490 942 2326 1126 Oesterreichichs Hof, Saklny
1234 964 1596 1126 Brandes
2062 1090 2322 1196 24/5.25
1342 1088 1548 1226 Ruy
1346 1228 2300 1442 Hochwehrte Herr Dr Schnitzler
1366 1406 2198 1574 Dr Brandes daupt I have
1340 1526 2318 1728 ergebnet für Ihme freundlichen
1342 1622 2324 1824 Brief. Wie Sie wahrscheinlich
1334 1766 2334 1966 aus den Zeitungen ersehen haben.
1336 1866 2318 2076 erbrankt De Brandes gleich nach
1348 1978 2312 2152 seiner Ankunft hier an Bronchihs
1364 2092 2210 2242 und es sah für ein Paci
1350 2194 2192 2354 sage wohl ernst aus, aber
1354 2286 2260 2472 glücklicherweise ist es gut ge¬
1350 2402 2216 2532 gangen, die Krankheit ist,
1348 2498 2276 2702 leinehr verüber, im 4 Morgen
6582 408 7216 548 1 1/2 1/4 „ „ —„ — „
5668 1004 6678 1180 Zie sagen, dass auch für ihn von
4594 1038 5546 1160 wird er, nun das Weltin schon
5680 1132 6686 1274 des zusammensein mit Ihnen,
4568 1148 5368 1320 bleitt, spazieren fahren.
5692 1252 6732 1416 hochreicheter Herr Doctor eine goée¬
4558 1256 5604 1422 Mit Aussnahme der ersten Woche
5696 1330 6756 1506 Freude, und daß er sich bei Ihm
4582 1396 5568 1584 hat die Sonne jeden Tag von
5704 1464 6632 1610 auf die ordentlich wohl befinden.
4580 1520 5488 1682 einem nolkenlosen Himmel
5698 1574 6648 1758 halen. Er würde sich sehr freuen,
4594 1640 5574 1802 niedergeschienen, und Salzburg
5716 1680 6646 1840 wenn Sie, im Sie andeichten,
4604 1736 5600 1904 hat sich in aller ihrer Schönheit
5702 1798 6600 1952 im Huht nach Kopenhagen
4588 1842 5476 2034 dargeboten; die Stadt ist ja
5702 1882 5932 1970 Rämen
4568 1990 5552 2162 entzückend und ich hoffe, dass
5734 1988 6692 2188 Ich machte gern die Gelegenheit
4554 2076 5588 2260 De Brandes bald im Stunde sein
5704 2100 6656 2236 benützen und Ihnen verehrter
4568 2206 5628 2382 nicht seinen Ausflüge zu machen.
5704 2206 6708 2350 und lieber Herr Deptn vom Herzen¬
5704 2312 6684 2452 danken für die schönen Stründen.
4582 2324 5530 2450 und etwas an der Schenkut
5704 2404 6610 2536 die ich bei Ihrem verbrachte
4558 2432 4980 2572 zu geniessen.
5728 2506 6714 2630 Mit besten Grußen von Dr. Brauens
4630 2526 5618 2706 De Brandes beauftigt mich Sie
5734 2600 5904 2712 mit
6024 2576 6692 2750 Ihrer Gertrück Reins
