4476 3432
1374 603 1470 696 86
375 626 945 755 A.S. an H.v.H.
377 729 1726 837 schon die dritte Vorstellung war schwach besucht.
392 847 1702 936 - Von meinen 3 Einaktern hattam dem Br. der ge-
384 931 1684 1036 färbte Vogel (wie es scheint weitaus) am besten
377 1031 1679 1126 gefallen. Aufführung wahrscheinlich Februar mit
378 1121 561 1219 Kainz.
377 1194 1651 1310 Seien Sie herzlich gegrüsst und lassen Sie uns
389 1308 910 1418 bald zusammen sein.
682 1397 785 1498 Ihr
783 1456 990 1576 Arthur.
790 1568 973 1657 adresse
3718 619 3798 699 87
2525 617 2935 769 A.S. an H.v.H.
2989 652 3113 779 70
3446 722 3712 827 Dienstag.
3184 818 3587 905 Anfang 99, 98?
2532 889 3807 996 Mein lieber Hugo, ich wusste gar nicht, dass Sie
2532 987 3780 1086 schon da sind. Morgen komm ich jedesfalls ins
2539 1095 3911 1182 Pfob und freu mich Sie endlich wiederzusehen. Pfob
2544 1181 3828 1268 ist allerdings wenig. Vor Pfob will ich morgen
2539 1261 3937 1372 komischerweise ins Jantschtheater zu Theodora, u.zw.
2544 1365 3923 1453 hab ich mit Wassermann vor 28 im Vorraum des Thea¬
2553 1428 3946 1547 ters Rendez-vous. Vielleicht hat er eine geschenk-
2551 1545 3873 1637 te Loge; ev. kaufen wir uns Bilietts. Vielleicht
2553 1629 3896 1732 sind Sie auch vor 18 im Vorraum. Eine gute Schau-
2553 1711 3543 1807 spielerin soll die Theodora spielen.
2551 1763 3922 1895 Mir ist es wieder innerlich recht miserabel gegan-
2555 1890 3927 1993 gen; aber mit dem Arbeiten besser. Im übrigen muss
2556 1997 3852 2094 ich über Burg mit Ihnen reden. Denken Sie, dass
2560 2082 3826 2187 der Kakadn nicht unbeträchtliche Chancen hat!
2607 2185 3692 2297 Aber das alles mündlich.-Vor Herzen Ihr
3374 2260 3585 2345 Arthur.
