4493 3432
1737 650 1947 776 71 71
525 712 1150 849 A.S. L'H.v.H. 56
1210 753 1639 894 Wien, 5. Juli 98.
479 878 1792 990 Mein lieber Hugo, das kann ich ganz gut so ein-
488 986 1755 1093 richten, dass wir uns etwa am 9. August treffen
495 1082 1784 1164 ob Innsbruck oder vielleicht München, das wollen
495 1148 1880 1274 wir noch sehen; ich dürfte ja vom 1.-9.August unter
495 1257 1771 1367 solchen Umständen (wenn nicht meine Mama doch
500 1360 1830 1472 noch auf mich Ansprüche macht) in Tegernsee sein.
995 1438 1111 1490 Ihre
504 1454 1832 1552 Hoffentlich wird Stimmung noch in Galizien
511 1556 1333 1650 besser. Haben Sie viel zu tun?
506 1627 1919 1744 Ich werde wahrscheinlich Montag abreisen; eine Reihe
509 1734 1892 1819 von Tagen in Graz bleiben. Sie werden ihmer wissen,
514 1817 1883 1908 wo ich bin. Wie wird das nur mit Richard sein, wenn
518 1910 1890 1995 unsser Rendezvous so weit hinausgeschoben ist? Ich
527 1999 1944 2100 erwarte heute einen Brief von ihm, der telegraphisch
527 2108 883 2180 avisiert ist.
525 2136 1953 2230 Ich schreibe an dem Stück, das vorläufig "Shawl" heis-
522 2184 1862 2270 sen soll; bin im 2.Akt, der mir aber bisher im Ton
525 2248 1310 2314 durchaus nicht gelingen will.
527 2252 1901 2366 Im übrigen bin ich recht gequält.- Schauen wir nur,
525 2316 1876 2431 dass dieses Zusammensein im August zustande kommt.
769 2387 1146 2464 Von Herzen Ihr
1136 2408 1337 2490 Arthur.
3957 605 4037 666 72
2736 598 3334 723 A.S. an H.v.H. (57)
3469 682 4058 776 Wien,Sonntag, 10.7.98.
2732 787 4014 874 Mein lieber Hugo, morgen Früh teise ich ab. Bis
2745 862 4066 961 Ende der Woche (16.) treffen mich Nachrichten in
2745 968 4064 1041 Graz, Hotel zum Elefanten. Für das neue Stück ist
2741 1056 4089 1143 mir viel und gutes eingefallen; doch werde ich es
2754 1153 4108 1230 vor August kaum beginnen, da ich ein bischen Burck-
2745 1241 3946 1333 hardt.Gregorovius, Geiger lesen will (dazu).
2763 1353 4105 1438 - Meine Stimmung ist recht düster; entkommen werd
2750 1422 3996 1541 ich ihr nicht. Lassen Sie doch bald von sich
2745 1543 2928 1625 hören.
3135 1606 3426 1718 Von Herzen
3341 1707 3457 1808 Ihr
3455 1796 3654 1881 Arthur
