4467 3431
195 165 291 267 i.°; —
979 618 1094 712 84
484 722 857 812 .S. an H.v.H.
1582 736 1707 818 110
937 825 1810 909 Beichenau bei Payerbach, Kurhaus,
939 877 1215 955 17.7.1900.
451 959 1874 1043 Mein lieber Hugo, wenn Sie diesen Brief bekommen, sind
449 1035 1822 1126 Sie schon wieder zurück von Ihrem kleinen Ausflug
449 1139 1844 1211 und haben hoffentlich alle Verdrossenheit verloren.
746 1185 979 1241 wirklich
443 1219 1851 1308 Ich wüsste nicht, was ich jetzt ohne Arbeit
445 1308 1874 1384 beginnen würde. Komme ich durch äussere Umstände, un-
443 1401 1781 1484 ruhige Verhältnisse durch einige Tage nicht dazu,
443 1475 1796 1553 wenigstens ein paar kurze Stunden zu schreiben, so
449 1556 1820 1642 versinke ich in eine wahre Schwermut. Hier bin ich
436 1657 1838 1734 nun im ganzen gut dran. Ob viel dabei herauskommen
443 1751 1872 1818 wird, bei dem nämlich was ich jetzt schreibe, ist xxxx
445 1829 1818 1900 ja noch nicht sicher, aber das wesentliche liegt ja
441 1929 1857 2005 wo anders. Nachher gibts ja beinah nur Aerger,ob ei-
436 2016 1853 2117 nem was gelungen ist oder nicht. Ich habe hier ein
430 2092 1887 2170 kleines Lustspiel neu geschrieben (dessen erste Fas-
425 2178 1913 2267 sung vor zwei Jahren in Tegernsee unter glücklichern
434 2265 1872 2374 Umständen entstand) und bin jetzt mit einer ziemlich
429 2367 1859 2443 sonderbaren Hovelle beschäftigt, die mir viele Freude
421 2476 792 2556 *)” Literatur”
427 2530 1004 2636 (14) "Leutnant Gustl".
3228 577 3330 686 84
3812 684 3934 770 111
2721 672 3128 781 A.S. an H.v.H.
2719 757 4090 872 macht. Von dieser hoff ich zuversichtlich, dass sie
2725 861 4087 961 auch Ihnen andern Freude machen wird. Meine grosse
2721 952 4116 1033 Novelle hab ich der N. Ltsch. Rundschau gegeben; sie
2721 1033 4114 1126 ist nicht übel ausgefallen; bisher kennen sie Salten
2721 1139 4098 1222 und Schwarzkopf, die beide sehr zufrieden scheinen.-
2731 1237 4074 1300 Wie lange ich noch hier bleibe weiss ich nicht ge-
2725 1311 4133 1395 nau;in etwa 8-10 Tagen dürfte ich' jedenfalls in Wien
2725 1402 4116 1471 sein; aber über die erste Augusthälfte herrscht noch
2721 1495 4062 1580 grosse Unklarheit.Mitte August soll eine Fusstour
2734 1569 4059 1664 begonnen werden, die ich in Alt-Aussee mit Richard
2729 1653 4040 1731 ausgeheckt habe. Paul Goldmann, Kern, Oskar Meyer
2721 1755 4068 1848 schliessen sich vielleicht an. Am Ende auch Georg
2725 1818 4035 1944 Hirschfeld (Elly dürfte wegen Kerr und Goldmann
2719 1922 3230 2015 sehr dafür sein.) -
2721 2007 4116 2094 Ein paar Stunden täglich plaudere ich mit einer an-
2729 2085 4109 2191 gehenden nicht hübschen Schauspielerin, die für ihre
2719 2178 4090 2269 18 Jahre von einer unglaublichen Klugheit ist. Sie
2725 2272 4064 2376 wohnt hier mit ihrer Schwester, die ein 16jähriges
2719 2371 4036 2441 keckes, aber gescheidtes Judenmädel ist;stets ist
2725 2443 3220 2532 +) "Bertha Garlan"
2669 2517 2940 2616 44) Olga.
