4480 3466
1494 634 1624 722 184
357 605 778 725 A.S. an H.v.H.
951 611 1214 764 121(119)
1084 724 1387 831 25.3.1909.
368 791 1751 915 Lieber Hugo, die Elektra hat mir bei der General-
377 893 1684 1017 probe schon einen starken Eindruck gemacht, und
374 981 1753 1106 gestern Abend einen noch viel stärkeren. Einen rei-
375 1099 1717 1203 neren hatt'ich zwischen Generalprobe und Auffüh-
381 1186 1750 1272 rung, da ich gestern Früh Ihre unverstrausste Elek-
381 1283 1766 1365 tra wieder las, die etwas einfach bewunderungswürdi-
385 1345 1762 1458 ges vorstellt und der ich für meinen Theil gestern
379 1443 1627 1555 Abend noch heftiger applaudiert habe, als der
381 1551 1728 1640 wahrhaft mächtigen Musik-Begleitung (ein Wort, das
381 1638 1422 1730 hier in höchstem Sinn zu nehmen wäre.)
381 1724 1750 1808 Olga schliesst sich meiner Ansicht, ebenso wie mei-
372 1786 1675 1928 nene Grüssen und Glückwünsche aufs wärmste an.
780 1886 1099 1987 Ihr Arthur.
3782 720 3900 813 185
2590 734 3000 851 A.S. an H.v.H.
3485 831 3785 919 21.2.1910.
3193 815 3317 929 120
2584 917 4046 1033 Lieber Hugo, ich danke Ihnen herzlich für die Komödie
2603 1008 4059 1121 von Christinas Heimteise; mit Vergnügen, bei mancherle
2595 1092 4061 1192 Bedenken mehr dramaturgischer Natur, hab ich sie gele-
2604 1192 4024 1285 sen, und erwarte mir ihre baldige Bühnenauferstehung
2608 1274 4037 1380 in konzentrieberer Form. Worüber ich mich, auf Wunsch,
2603 1374 4002 1473 gern und bald eingehender und mündlicher vernehmen
2604 1447 4031 1580 lasse. Morgen fahren wir auf ein paar Tage semmering.
2608 1553 2798 1666 wärts.
2774 1617 3319 1751 Herzlichst, auf bald
3071 1726 3178 1810 Ihr
