4493 3432
500 764 935 867 A.S. an H.V.H.
1052 753 1191 881 (58)
1266 858 1851 966 Graz, Freitag, 15.7.98.
502 940 1831 1061 Mein lieber Hugo, meine Absicht ist, Sonntag von
506 1037 1836 1142 hier fortzureisen; dann zu Bahn, Rad, Wagen weiter,
519 1145 1827 1230 vielleicht komm ich in die Fusch, da seh ich wohl
506 1250 1854 1314 noch Ihre Eltern, Donnerstag 21. Bad Gastein, Villa
509 1325 1902 1409 Wassing, dort treffen mich Nachrichten bis 23. (Bei
502 1426 1831 1536 meiner Mama ). (Also nicht offene Karte! ) - Dann
502 1534 1875 1625 schlängle ich mich allmählich nach Salzburg - und
511 1613 1856 1724 weiteres hören Sie noch.- Die Zeit hier vergeht
502 1730 1931 1807 leidlich, wenn auch nicht ganz nach meiner Laune; zum
506 1818 1825 1902 Familienleben, selbst in mässigem Umfang bin ich
502 1898 1851 2001 nicht geboren. Auch sind jetzt die Zustände durch
500 1986 1928 2102 die merkwürdige Vermengung von illegitimen und aner-
506 2080 1677 2203 kanntem.Einsicht und Halbheit, ganz unruhig.
500 2188 1882 2259 Zum arbeiten bin ich gar nicht gekommen; mit einer
500 2278 1959 2379 sehr lebhaften Sehnsucht ruft es mich zu meinem neuen
495 2357 1895 2435 Stück - und doch werd ich vorher wahrscheinlich was
495 2459 1964 2536 anderes schreiben. Die alte Skizze vom “Sohn” (Mutter-
486 2525 1869 2630 mörder) gestaltet sich in mir zu irgendwas aus, was
3885 196 4052 330 P.S.
3531 508 3665 614 7
3931 640 4013 726 74
2714 652 3297 784 A.S. an H.v.H. 58
2719 735 4042 847 beinah ein Roman sein könnte.- Dass ich von Wien
2719 836 3933 940 fort bin, ist mir recht; dass es von hier aus
2727 925 4096 1057 bald weitergeht, nicht minder. Das Radeln macht mir
2732 1039 4053 1132 Freude. Warum schreiben Sie mir in Ihrem letzten
2741 1109 4019 1228 (vom 12.) nicht, wies Ihnen geht? Das hoff ich,
2738 1215 4130 1305 wenn auch nur mit ein paar Zeilen, in Gastein zu er-
2738 1307 4035 1422 fahren. Richard schrieb mir kurz, ohne bestimmte
2736 1418 3429 1512 Zusage, nicht wohlgelaunt.
2747 1501 4116 1592 Lassen Sie uns auf ein schönes Wiedersehen hoffen.
3024 1602 3319 1693 Von Herzen
3317 1664 3412 1756 Ihn
3421 1759 3632 1834 Arthur.
3572 1865 4191 1970 10.6.98. Steindorf am
3346 1915 3429 2003 59
3817 1937 4180 1999 Ossiachersee.
2817 1966 3152 2058 Lieber Hugo,
2959 1986 4108 2071 die Radpartie war sehr schön; seit Dienstag
2831 2038 4101 2128 bin ich in Steindorf, wo es viel regnet; Sonntag
2828 2078 4169 2170 möchte ich gerne in Wien eine Nachricht von Ihnen
2831 2128 4107 2247 finden, ob man Sie vielleicht abends sehen kann.
3126 2175 3676 2263 Herzliche Grüsse Ihr
3692 2210 3861 2274 Orthur
3714 2254 3953 2342 Richard.
