4498 3432
1775 728 1887 826 15.
503 769 881 874 A.S. an H.v.H.
1006 715 1145 897 (17)
1217 799 1693 929 Wien, 14.7.1892.
508 897 1918 983 Lieber Hugo. Von Salten erfahre ich, dass Ihr Vater
519 976 1885 1031 krank war, aber bereits wiederhergestellt ist. Hof-
516 1019 1882 1072 fentlich erholen Sie sich zugleich von Ihrer Ver-
512 1051 1946 1120 stimmung und Abspannung und verbringen den kommenden
516 1095 1943 1175 Sommer und Herbst in so reicher Fülle des Innern und
519 1154 1745 1208 Teussern, wie ichs Ihnen von Herzen wünsche.-
512 1184 1937 1250 Gestern starb mein Grossvater; in wenigen Tagen rei-
512 1234 1859 1329 sen meine Eltern ab, und ich übernehme die Praxis
519 1295 842 1350 meines Papa.
516 1318 1866 1391 Seit einiger Zeit bring ich es zuwege, auch nachts
507 1372 1855 1438 literarisch zu arbeiten, und ich hoffe, meine ange-
519 1411 1951 1498 fangenen Sachen werden trotz anderweitiger Tätigkeit
521 1466 1225 1529 wohl fortschreiten können.
519 1502 1894 1571 - Hebbels Briefe lese ich jetzt, Leesings Leben von
516 1530 1937 1621 seinem Bruder geschildert, Annalen von Goethe. Hebbel
519 1595 1941 1655 war wohl nach Goethe der grösste Geist, den die Deut-
519 1627 1800 1702 schen in dem Jahrhundert gehabt haben; manchmal
510 1661 1937 1745 kommt mir vor, dass man ihn vor Nutzsche wird nennen
512 1723 1934 1789 müssen. Ich bin jetzt bei der Periode seines Lebens,
516 1773 1823 1866 wo er auf der Verlegersuche ist und auf Gutzkow,
903 1814 1834 1871 (unleserlich), Körner, zuweilen wohl
516 1828 674 1889 Laube,
516 1855 1875 1928 auch auf Schiller schimpft. Er hat aber auch noch
505 1898 1866 1984 manches andere zu sagen.- Wissen Sie, dass er eine
512 1953 1586 2035 Jungfrau von Orleans schreiben wollte? -
521 1996 1439 2058 Von Richard höre ich nichts, Sie?-
519 2041 1862 2098 Von Ihnen hoffe ich bald schönes und gutes zu er¬
510 2083 1889 2180 fahren; empfehlen Sie mich bitte den Ihren auf das
510 2146 738 2224 wärmete.
970 2174 1070 2255 Ihr
1109 2214 1291 2297 Arthur
3846 724 3958 796 16
2733 756 3116 858 A.S.an H.v.H.
3177 828 3302 929 181
3419 842 3848 940 Wien, 29.7.1892.
2792 926 4087 1015 Lieber Freund, nachdem Sie Ihr Gedicht nicht im
2822 999 4092 1061 nhalt haben wollen, möchte ich auch jeden Titel
2792 1042 4095 1101 weglassen, und es nur im selben Druck wie alles
2795 1085 4117 1161 übrige haben, jedoch mit oben weit freigelassenen
2799 1134 3519 1193 Rändern.- Einverstanden?
2799 1168 4126 1247 Vorgestern habe ich meine Novelle beendet.- Ich
2790 1236 4056 1288 hoffe, sie wird, wenn sie erst durchgefeilt ist,
2795 1274 4119 1331 als ehrenwerthe D Studie gelten können. Ich habe
2793 1311 4063 1377 sie plötzlich zu Ende schreiben müssen, nachts
2795 1363 4065 1411 im Café, während schläfrige Kellner bereits die
2786 1406 4038 1456 Sessel aufeinanderthürmten. Ich habe sie sehr
2790 1450 4042 1507 lieb gehabt -ich fühle mich ordentlich einsam
2795 1475 4090 1548 seit ich nicht mehr darüber denken muss. (siehe
2790 1529 4169 1602 Freund Y.) - Nun will ich wieder ans Stück.
2792 1575 4165 1645 Eben hab ich Blumenthal und Reicher geschrieben!
2786 1632 3892 1679 - wie verdreht eigentlich die Welt ist! -
2795 1673 4090 1730 Was macht Ihr Stück?- Ich wundere mich, dass Sie
2792 1727 4167 1775 zugleich zweiten und dünften Akt schreiben können.
2786 1759 4101 1811 So sicher bin ich meiner Gestalten nie! Es kann
2792 1793 4113 1878 ihnen doch im dritten Akt was einfallen oder gar
2795 1852 4115 1914 passieren, wovon ich im zweiten noch nichts rech-
2792 1880 4185 1950 tes weiss. Selbst wenn eine genaue Skizze vorliegt,
2795 1930 4161 1992 wage ich es nicht und habe gewiss keine Lust dazu!
2795 1967 4169 2042 Ich will mit ihnen weiterleben, und erleben Gedanke
2795 2017 4153 2092 für Gedanke und That für That, wie sie selber. Ich
2795 2067 4124 2140 darf manches vorausahnen, aber wissen darf ichs
2790 2123 2961 2198 nicht.
3002 2189 3291 2283 Herzliche
3280 2221 3377 2321 Ihr
3394 2276 3594 2365 Arthur.
