4467 3431
805 681 918 789 79
1446 687 1575 772 100
315 692 728 794 A.S. an H.v.H.
324 792 1737 878 von einer unbeschreiblichen Traurigkeit. Ich glaube,
321 871 1657 985 ich werde immer mehr arbeiten, so langs eben geht.
328 980 723 1076 Von Herzen Ihr
1333 1058 1552 1160 Arthur.
3143 699 3255 829 (80)
2573 772 2978 898 A.S. an H.v.H.
3737 787 3859 889 101
3364 887 3792 1002 Berlin.8.10.99.
2566 974 4014 1062 Mein lieber Hugo, gestern Abend hab ich die Beatrice
2595 1087 4034 1166 dem Brahm vorgelesen; mir scheint, sie hat auf ihn
2570 1169 3983 1251 gewirkt; eigentlich hatte er keine Einwendungen, und
2573 1264 4023 1344 jedenfalls kam ihm die Sache fertiger vor als mir, der
2566 1344 3998 1430 ich sie keinesfalls vorläufig aus der Hand gebe. Ich
2570 1453 3939 1530 weiss sehr genau, was noch daran zu machen ist; und
2564 1537 3987 1625 einiges wird auch gelingen. Die entschiedenste Ein-
2570 1617 4032 1708 wendung von Brahm war eigentlich der Monolog oder bes-
2553 1705 4010 1821 ser die Anrede des Andrea-das einzige Stückel, das Sie
2555 1805 3897 1903 kennen,-das er ganz hinaus haben möchte. Ich las,
2550 1905 4007 1978 mit einer Souperunterbrechung von 7-12; so lang würde
2552 1991 3719 2091 die Sache ungestrichen mindestens spielen!
2548 2082 3936 2175 Ich werde wahrscheinlich Donnerstag in Wien sein;
2542 2165 4007 2247 Paul Goldmann kommt auch und wird etwa 8 Tage bei mir
2542 2244 3974 2346 wohnen. Wann sind Sie wieder in Wien? Es wäre schön,
2542 2337 3480 2433 wenn G. Sie noch zu sehen bekäme.-
2537 2420 3826 2542 Ueber das äussere Leben hier lieber mündlich.-
2524 2530 3936 2634 Ich weiss nicht, ob Sie dieses Anfangsfeuilleton von
