<?xml version="1.0" encoding="UTF-8" standalone="yes"?>
<PcGts xmlns="http://schema.primaresearch.org/PAGE/gts/pagecontent/2013-07-15" xmlns:xsi="http://www.w3.org/2001/XMLSchema-instance" xsi:schemaLocation="http://schema.primaresearch.org/PAGE/gts/pagecontent/2013-07-15 http://schema.primaresearch.org/PAGE/gts/pagecontent/2013-07-15/pagecontent.xsd">
    <Metadata>
        <Creator>prov=READ-COOP:name=TrHtr:version=2.1.0:model_id=51170:date=25_07_2023_05:12</Creator>
        <Created>2023-05-01T21:56:33.531+02:00</Created>
        <LastChange>2023-07-25T05:12:36.610+02:00</LastChange>
        <TranskribusMetadata docId="1416436" pageId="54946287" pageNr="30" tsid="130585557" status="IN_PROGRESS" userId="64420" imgUrl="https://files.transkribus.eu/Get?id=HLHAXRPBKXSNFIRYFNPRZCBO&amp;fileType=view" xmlUrl="https://files.transkribus.eu/Get?id=WBYGMNWIKXPMQZTMDGALPFZD" imageId="44450372"/>
    </Metadata>
    <Page imageFilename="1416436_0030.jpg" imageWidth="4471" imageHeight="3432">
        <ReadingOrder>
            <OrderedGroup id="ro_1711831560259" caption="Regions reading order">
                <RegionRefIndexed index="0" regionRef="tr_2"/>
                <RegionRefIndexed index="1" regionRef="tr_1"/>
            </OrderedGroup>
        </ReadingOrder>
        <TextRegion id="tr_2" custom="readingOrder {index:0;}">
            <Coords points="450,696 1832,696 1832,1445 450,1445"/>
            <TextLine id="tr_2_tl_1" custom="readingOrder {index:0;}">
                <Coords points="460,792 560,799 604,781 768,799 905,761 1040,814 1091,785 1088,710 1035,714 996,690 456,704"/>
                <Baseline points="468,746 513,746 558,746 602,749 647,749 692,749 737,749 781,749 826,752 871,755 916,758 960,761 1005,763 1050,769 1095,772"/>
                <TextEquiv>
                    <Unicode>A.S. an H.v.H. 48</Unicode>
                </TextEquiv>
            </TextLine>
            <TextLine id="tr_2_tl_2" custom="readingOrder {index:1;}">
                <Coords points="449,934 1706,953 1827,898 1827,834 1582,849 1449,803 1327,840 449,814"/>
                <Baseline points="459,877 504,877 549,877 593,880 638,880 683,880 728,880 772,880 817,880 862,883 907,883 952,883 996,883 1041,883 1086,883 1131,883 1175,883 1220,886 1265,886 1310,883 1354,886 1399,883 1444,883 1489,886 1533,883 1578,883 1623,883 1668,883 1713,883 1757,883 1802,886 1832,886"/>
                <TextEquiv>
                    <Unicode>wieder aus Paris weg möchte, wenn's so ohneweiteres</Unicode>
                </TextEquiv>
            </TextLine>
            <TextLine id="tr_2_tl_3" custom="readingOrder {index:2;}">
                <Coords points="454,1026 471,1022 511,1031 538,1020 548,1027 575,1027 589,1038 615,1018 637,1018 637,940 626,942 604,931 588,940 529,934 509,944 496,934 454,934"/>
                <Baseline points="465,984 510,984 555,984 599,984 641,987"/>
                <TextEquiv>
                    <Unicode>ginge.</Unicode>
                </TextEquiv>
            </TextLine>
            <TextLine id="tr_2_tl_4" custom="readingOrder {index:3;}">
                <Coords points="449,1121 1038,1124 1037,1026 1015,1022 978,1040 929,1020 852,1040 816,1022 774,1040 706,1040 683,1018 589,1038 449,1027"/>
                <Baseline points="459,1071 504,1074 549,1074 593,1077 638,1077 683,1077 728,1077 772,1077 817,1077 862,1077 907,1077 952,1077 996,1077 1041,1080 1044,1077"/>
                <TextEquiv>
                    <Unicode>Das gibt sich wieder.</Unicode>
                </TextEquiv>
            </TextLine>
            <TextLine id="tr_2_tl_5" custom="readingOrder {index:4;}">
                <Coords points="805,1177 1460,1192 1615,1177 1615,1130 805,1132"/>
                <Baseline points="814,1163 859,1163 904,1163 949,1166 993,1166 1038,1166 1083,1166 1128,1166 1172,1166 1217,1169 1262,1169 1307,1169 1351,1172 1396,1172 1441,1172 1486,1169 1530,1169 1575,1169 1620,1169"/>
                <TextEquiv>
                    <Unicode>Seien Sie herzlichst gegrüsst</Unicode>
                </TextEquiv>
            </TextLine>
            <TextLine id="tr_2_tl_6" custom="readingOrder {index:5;}">
                <Coords points="1100,1267 1181,1268 1204,1285 1234,1268 1343,1281 1365,1270 1409,1276 1409,1239 1361,1226 1345,1234 1303,1215 1278,1228 1241,1223 1215,1245 1184,1221 1168,1230 1148,1215 1100,1232"/>
                <Baseline points="1110,1259 1154,1262 1199,1262 1244,1262 1289,1262 1334,1262 1378,1262 1414,1265"/>
                <TextEquiv>
                    <Unicode>Ihr Arthur.</Unicode>
                </TextEquiv>
            </TextLine>
            <TextLine id="tr_2_tl_7" custom="readingOrder {index:6;}">
                <Coords points="440,1354 1690,1372 1690,1259 1221,1287 1026,1246 688,1278 440,1254"/>
                <Baseline points="450,1339 495,1342 540,1342 584,1345 629,1345 674,1345 719,1348 763,1348 808,1345 853,1345 898,1345 943,1345 987,1345 1032,1348 1077,1348 1122,1348 1166,1351 1211,1348 1256,1348 1301,1351 1345,1351 1390,1351 1435,1351 1480,1351 1525,1351 1569,1351 1614,1351 1659,1351 1695,1354"/>
                <TextEquiv>
                    <Unicode>Statt gemischten Hausbrots ess ich gemischtes</Unicode>
                </TextEquiv>
            </TextLine>
            <TextLine id="tr_2_tl_8" custom="readingOrder {index:7;}">
                <Coords points="440,1453 471,1449 487,1462 511,1453 568,1467 606,1453 646,1460 701,1442 741,1444 739,1354 710,1365 684,1358 661,1372 591,1361 566,1371 542,1361 526,1374 438,1354"/>
                <Baseline points="450,1432 495,1432 540,1432 584,1435 629,1435 674,1435 719,1435 746,1432"/>
                <TextEquiv>
                    <Unicode>Hausbrot,-</Unicode>
                </TextEquiv>
            </TextLine>
        </TextRegion>
        <TextRegion id="tr_1" custom="readingOrder {index:1;}">
            <Coords points="2611,719 4097,719 4097,2528 2611,2528"/>
            <TextLine id="tr_1_tl_1" custom="readingOrder {index:0;}">
                <Coords points="3190,801 3217,805 3236,792 3250,790 3267,805 3274,799 3292,803 3309,799 3300,697 3281,692 3258,710 3239,712 3232,706 3225,712 3212,710 3205,703 3196,714 3181,717"/>
                <Baseline points="3196,769 3241,772 3285,775 3312,781"/>
                <TextEquiv>
                    <Unicode>49</Unicode>
                </TextEquiv>
            </TextLine>
            <TextLine id="tr_1_tl_2" custom="readingOrder {index:1;}">
                <Coords points="2648,794 2708,803 2727,788 2747,799 2832,794 2893,825 2973,805 3022,812 3020,719 2973,697 2887,730 2854,714 2790,732 2723,706 2681,721 2646,708"/>
                <Baseline points="2659,775 2703,775 2748,775 2793,775 2838,775 2882,775 2927,778 2972,778 3017,781 3026,781"/>
                <TextEquiv>
                    <Unicode>A,S, an H.v.H.</Unicode>
                </TextEquiv>
            </TextLine>
            <TextLine id="tr_1_tl_3" custom="readingOrder {index:2;}">
                <Coords points="3416,878 3457,889 3540,880 3582,898 3608,874 3645,891 3686,883 3714,900 3760,872 3785,885 3785,746 3758,761 3730,748 3705,765 3686,756 3635,766 3535,805 3475,783 3416,816"/>
                <Baseline points="3426,865 3470,865 3515,865 3560,868 3605,868 3649,868 3694,868 3739,865 3784,868 3790,868"/>
                <TextEquiv>
                    <Unicode>Paris, 6.5.97.</Unicode>
                </TextEquiv>
            </TextLine>
            <TextLine id="tr_1_tl_4" custom="readingOrder {index:3;}">
                <Coords points="2657,944 3838,958 3960,940 3960,881 3121,891 2975,818 2655,803"/>
                <Baseline points="2668,913 2712,913 2757,916 2802,916 2847,916 2891,916 2936,916 2981,919 3026,919 3070,919 3115,919 3160,922 3205,922 3249,922 3294,922 3339,922 3384,922 3429,922 3473,925 3518,925 3563,925 3608,925 3652,925 3697,925 3742,925 3787,925 3831,925 3876,925 3921,925 3963,928"/>
                <TextEquiv>
                    <Unicode>Mein lieber Hugo, Fischer hat den Satz von Mimi</Unicode>
                </TextEquiv>
            </TextLine>
            <TextLine id="tr_1_tl_5" custom="readingOrder {index:4;}">
                <Coords points="2666,1037 3168,1015 3256,1068 4066,1027 4044,967 2664,987"/>
                <Baseline points="2676,1008 2721,1008 2766,1011 2811,1011 2856,1011 2900,1011 2945,1011 2990,1011 3035,1014 3079,1014 3124,1014 3169,1014 3214,1014 3258,1014 3303,1014 3348,1017 3393,1017 3437,1017 3482,1017 3527,1020 3572,1020 3617,1020 3661,1020 3706,1023 3751,1020 3796,1023 3840,1023 3885,1023 3930,1023 3975,1023 4019,1023 4064,1023 4070,1023"/>
                <TextEquiv>
                    <Unicode>auf meinen Wunsch bereits ablegen lassen, und so ist</Unicode>
                </TextEquiv>
            </TextLine>
            <TextLine id="tr_1_tl_6" custom="readingOrder {index:5;}">
                <Coords points="2657,1119 3092,1119 3190,1161 4035,1141 4035,1086 3854,1046 3413,1090 3219,1057 2765,1082 2657,1038"/>
                <Baseline points="2668,1107 2712,1107 2757,1110 2802,1110 2847,1110 2891,1110 2936,1110 2981,1113 3026,1113 3070,1113 3115,1113 3160,1113 3205,1113 3249,1116 3294,1116 3339,1116 3384,1116 3429,1116 3473,1119 3518,1119 3563,1119 3608,1119 3652,1119 3697,1119 3742,1122 3787,1119 3831,1122 3876,1122 3921,1122 3966,1122 4010,1122 4040,1125"/>
                <TextEquiv>
                    <Unicode>die letzte Gefahr geschwunden. Ich hoffe,Sie haben</Unicode>
                </TextEquiv>
            </TextLine>
            <TextLine id="tr_1_tl_7" custom="readingOrder {index:6;}">
                <Coords points="2655,1204 3092,1268 4015,1225 4015,1166 3811,1153 3743,1192 3555,1150 2655,1161"/>
                <Baseline points="2665,1202 2709,1205 2754,1205 2799,1208 2844,1208 2888,1208 2933,1208 2978,1208 3023,1208 3067,1211 3112,1211 3157,1211 3202,1211 3246,1211 3291,1211 3336,1211 3381,1214 3426,1214 3470,1217 3515,1217 3560,1214 3605,1217 3649,1217 3694,1217 3739,1217 3784,1217 3828,1217 3873,1217 3918,1220 3963,1220 4007,1223 4019,1220"/>
                <TextEquiv>
                    <Unicode>meinen vorigen zweiten Brief, in dem ich Ihnen auf</Unicode>
                </TextEquiv>
            </TextLine>
            <TextLine id="tr_1_tl_8" custom="readingOrder {index:7;}">
                <Coords points="2657,1316 2969,1312 3093,1361 4048,1336 4048,1261 3986,1248 3639,1287 2657,1234"/>
                <Baseline points="2668,1289 2712,1298 2757,1301 2802,1301 2847,1304 2891,1304 2936,1304 2981,1307 3026,1307 3070,1307 3115,1307 3160,1307 3205,1307 3249,1307 3294,1307 3339,1310 3384,1310 3429,1310 3473,1310 3518,1310 3563,1310 3608,1310 3652,1313 3697,1313 3742,1313 3787,1316 3831,1316 3876,1316 3921,1316 3966,1316 4010,1316 4052,1313"/>
                <TextEquiv>
                    <Unicode>Ihr diesbezügliches Ersuchen geantwortet, erhalten? -</Unicode>
                </TextEquiv>
            </TextLine>
            <TextLine id="tr_1_tl_9" custom="readingOrder {index:8;}">
                <Coords points="2652,1411 2942,1409 3051,1464 3997,1422 3997,1378 3874,1345 3785,1380 2652,1334"/>
                <Baseline points="2662,1393 2706,1396 2751,1396 2796,1399 2841,1399 2885,1399 2930,1402 2975,1405 3020,1405 3064,1402 3109,1402 3154,1402 3199,1402 3243,1405 3288,1405 3333,1405 3378,1405 3423,1405 3467,1405 3512,1408 3557,1408 3602,1405 3646,1411 3691,1408 3736,1411 3781,1411 3825,1411 3870,1411 3915,1411 3960,1411 4002,1411"/>
                <TextEquiv>
                    <Unicode>Ist es ruhig geworden im Hause Loeb?- Wie geht es</Unicode>
                </TextEquiv>
            </TextLine>
            <TextLine id="tr_1_tl_10" custom="readingOrder {index:9;}">
                <Coords points="2655,1496 3267,1549 3999,1535 3997,1467 3946,1456 2801,1465 2655,1409"/>
                <Baseline points="2665,1495 2709,1495 2754,1495 2799,1495 2844,1495 2888,1498 2933,1498 2978,1498 3023,1498 3067,1498 3112,1498 3157,1498 3202,1498 3246,1501 3291,1501 3336,1501 3381,1504 3426,1504 3470,1504 3515,1504 3560,1504 3605,1507 3649,1507 3694,1507 3739,1510 3784,1510 3828,1510 3873,1510 3918,1507 3963,1507 4002,1507"/>
                <TextEquiv>
                    <Unicode>der geschädigten Verfasserin der Scenen aus einem</Unicode>
                </TextEquiv>
            </TextLine>
            <TextLine id="tr_1_tl_11" custom="readingOrder {index:10;}">
                <Coords points="2650,1591 2758,1606 2810,1591 3002,1602 3022,1591 3020,1540 2966,1559 2940,1542 2852,1557 2772,1526 2738,1529 2710,1507 2646,1513"/>
                <Baseline points="2659,1572 2703,1578 2748,1584 2793,1584 2838,1584 2882,1587 2927,1587 2972,1587 3017,1590 3026,1590"/>
                <TextEquiv>
                    <Unicode>Mädchenleben?</Unicode>
                </TextEquiv>
            </TextLine>
            <TextLine id="tr_1_tl_12" custom="readingOrder {index:11;}">
                <Coords points="2655,1679 3082,1681 3256,1732 4072,1697 4046,1602 3303,1659 2654,1604"/>
                <Baseline points="2665,1668 2709,1671 2754,1677 2799,1677 2844,1677 2888,1677 2933,1677 2978,1680 3023,1680 3067,1680 3112,1680 3157,1680 3202,1683 3246,1680 3291,1683 3336,1683 3381,1683 3426,1683 3470,1683 3515,1683 3560,1683 3605,1686 3649,1686 3694,1686 3739,1686 3784,1686 3828,1689 3873,1689 3918,1689 3963,1689 4007,1689 4052,1689 4076,1692"/>
                <TextEquiv>
                    <Unicode>- Die Delma (?) hab ich schon gehört ; gerade am Abend</Unicode>
                </TextEquiv>
            </TextLine>
            <TextLine id="tr_1_tl_13" custom="readingOrder {index:12;}">
                <Coords points="2646,1799 4088,1799 4075,1721 3281,1752 2646,1701"/>
                <Baseline points="2656,1766 2700,1769 2745,1769 2790,1769 2835,1769 2879,1769 2924,1769 2969,1769 3014,1772 3058,1772 3103,1772 3148,1775 3193,1775 3238,1775 3282,1775 3327,1775 3372,1775 3417,1775 3461,1775 3506,1778 3551,1778 3596,1778 3640,1778 3685,1778 3730,1778 3775,1778 3819,1778 3864,1781 3909,1781 3954,1781 3999,1781 4043,1781 4088,1781 4091,1784"/>
                <TextEquiv>
                    <Unicode>bevor Ihr Brief kam, als Orpheus. Sie hat eine mächti-</Unicode>
                </TextEquiv>
            </TextLine>
            <TextLine id="tr_1_tl_14" custom="readingOrder {index:13;}">
                <Coords points="2641,1889 4026,1896 4026,1836 3854,1816 3181,1841 2880,1825 2810,1781 2641,1799"/>
                <Baseline points="2650,1865 2694,1862 2739,1865 2784,1865 2829,1865 2873,1865 2918,1865 2963,1865 3008,1865 3052,1865 3097,1865 3142,1865 3187,1865 3232,1868 3276,1868 3321,1868 3366,1868 3411,1868 3455,1868 3500,1868 3545,1868 3590,1871 3634,1871 3679,1871 3724,1871 3769,1874 3813,1874 3858,1874 3903,1874 3948,1874 3993,1874 4031,1877"/>
                <TextEquiv>
                    <Unicode>ge, nicht immer edle Stimme, eine besondere Høhe der</Unicode>
                </TextEquiv>
            </TextLine>
            <TextLine id="tr_1_tl_15" custom="readingOrder {index:14;}">
                <Coords points="2641,1958 3186,1958 3316,2022 3544,1976 4092,1986 4090,1905 4011,1891 3442,1936 2639,1889"/>
                <Baseline points="2650,1948 2694,1951 2739,1954 2784,1957 2829,1957 2873,1957 2918,1957 2963,1957 3008,1957 3052,1960 3097,1960 3142,1960 3187,1960 3232,1960 3276,1960 3321,1960 3366,1963 3411,1963 3455,1963 3500,1963 3545,1963 3590,1963 3634,1963 3679,1963 3724,1966 3769,1966 3813,1966 3858,1966 3903,1969 3948,1969 3993,1969 4037,1969 4082,1975 4097,1972"/>
                <TextEquiv>
                    <Unicode>Da stellung und des Gesanges erreicht sie am Schluss;</Unicode>
                </TextEquiv>
            </TextLine>
            <TextLine id="tr_1_tl_16" custom="readingOrder {index:15;}">
                <Coords points="2641,2062 3259,2097 3604,2057 3822,2099 4046,2066 4044,2015 3957,1998 3568,2039 2641,1991"/>
                <Baseline points="2650,2047 2694,2047 2739,2050 2784,2050 2829,2050 2873,2050 2918,2050 2963,2053 3008,2053 3052,2053 3097,2053 3142,2053 3187,2053 3232,2053 3276,2056 3321,2053 3366,2053 3411,2056 3455,2053 3500,2053 3545,2056 3590,2056 3634,2056 3679,2056 3724,2059 3769,2056 3813,2059 3858,2059 3903,2059 3948,2059 3993,2059 4037,2056 4049,2056"/>
                <TextEquiv>
                    <Unicode>da bin ich tief ergriffen gewesen - bis dahin hatt'</Unicode>
                </TextEquiv>
            </TextLine>
            <TextLine id="tr_1_tl_17" custom="readingOrder {index:16;}">
                <Coords points="2633,2154 2863,2155 3035,2205 3124,2174 3431,2172 3493,2206 3599,2166 3705,2181 3705,2104 2823,2121 2633,2088"/>
                <Baseline points="2644,2142 2688,2142 2733,2145 2778,2142 2823,2145 2867,2145 2912,2145 2957,2148 3002,2148 3047,2148 3091,2148 3136,2145 3181,2145 3226,2148 3270,2148 3315,2148 3360,2148 3405,2148 3449,2148 3494,2148 3539,2148 3584,2148 3628,2151 3673,2151 3709,2151"/>
                <TextEquiv>
                    <Unicode>ich die Papier nicht vergessen können.-</Unicode>
                </TextEquiv>
            </TextLine>
            <TextLine id="tr_1_tl_18" custom="readingOrder {index:17;}">
                <Coords points="2632,2256 4044,2263 4044,2199 3858,2175 3323,2210 2632,2174"/>
                <Baseline points="2641,2232 2685,2232 2730,2232 2775,2235 2820,2235 2864,2235 2909,2235 2954,2238 2999,2235 3044,2238 3088,2238 3133,2235 3178,2235 3223,2238 3267,2238 3312,2238 3357,2238 3402,2241 3446,2238 3491,2241 3536,2241 3581,2241 3625,2241 3670,2241 3715,2241 3760,2241 3805,2244 3849,2244 3894,2244 3939,2247 3984,2247 4028,2247 4049,2250"/>
                <TextEquiv>
                    <Unicode>Jetzt eben komme ich von einer Matinee im Français,</Unicode>
                </TextEquiv>
            </TextLine>
            <TextLine id="tr_1_tl_19" custom="readingOrder {index:18;}">
                <Coords points="2628,2325 3110,2340 3314,2393 4039,2354 4092,2347 4092,2294 2626,2259"/>
                <Baseline points="2638,2324 2682,2324 2727,2324 2772,2324 2817,2324 2861,2324 2906,2324 2951,2324 2996,2327 3041,2324 3085,2324 3130,2324 3175,2327 3220,2327 3264,2330 3309,2330 3354,2330 3399,2330 3443,2330 3488,2333 3533,2330 3578,2333 3622,2333 3667,2333 3712,2336 3757,2333 3802,2333 3846,2336 3891,2333 3936,2333 3981,2336 4025,2336 4070,2336 4097,2336"/>
                <TextEquiv>
                    <Unicode>wo man den Misanthropen gegeben hat. Um hier  der ab-</Unicode>
                </TextEquiv>
            </TextLine>
            <TextLine id="tr_1_tl_20" custom="readingOrder {index:19;}">
                <Coords points="2624,2455 2730,2420 3079,2475 4086,2449 4086,2371 3999,2365 3119,2391 2832,2329 2624,2363"/>
                <Baseline points="2635,2414 2679,2414 2724,2414 2769,2414 2814,2414 2859,2414 2903,2417 2948,2417 2993,2417 3038,2417 3082,2420 3127,2417 3172,2420 3217,2420 3261,2420 3306,2420 3351,2420 3396,2420 3440,2420 3485,2420 3530,2420 3575,2423 3620,2423 3664,2423 3709,2423 3754,2423 3799,2426 3843,2426 3888,2426 3933,2426 3978,2426 4022,2426 4067,2423 4091,2426"/>
                <TextEquiv>
                    <Unicode>soluten Grösse inne zu werden, muss man sich doch erst</Unicode>
                </TextEquiv>
            </TextLine>
            <TextLine id="tr_1_tl_21" custom="readingOrder {index:20;}">
                <Coords points="2601,2562 3312,2570 3446,2529 3865,2564 3986,2544 3986,2467 2601,2477"/>
                <Baseline points="2611,2506 2656,2506 2700,2506 2745,2506 2790,2506 2835,2506 2879,2506 2924,2509 2969,2509 3014,2509 3058,2509 3103,2509 3148,2509 3193,2512 3238,2512 3282,2512 3327,2509 3372,2512 3417,2509 3461,2512 3506,2509 3551,2512 3596,2515 3640,2512 3685,2518 3730,2515 3775,2515 3819,2515 3864,2515 3909,2515 3954,2512 3990,2515"/>
                <TextEquiv>
                    <Unicode>historisch montieren, was weder bei Sophokles noch</Unicode>
                </TextEquiv>
            </TextLine>
        </TextRegion>
    </Page>
</PcGts>
