<?xml version="1.0" encoding="UTF-8" standalone="yes"?>
<PcGts xmlns="http://schema.primaresearch.org/PAGE/gts/pagecontent/2013-07-15" xmlns:xsi="http://www.w3.org/2001/XMLSchema-instance" xsi:schemaLocation="http://schema.primaresearch.org/PAGE/gts/pagecontent/2013-07-15 http://schema.primaresearch.org/PAGE/gts/pagecontent/2013-07-15/pagecontent.xsd">
    <Metadata>
        <Creator>prov=READ-COOP:name=TrHtr:version=2.1.0:model_id=51170:date=25_07_2023_05:12</Creator>
        <Created>2023-05-01T21:56:39.630+02:00</Created>
        <LastChange>2023-07-25T05:12:51.002+02:00</LastChange>
        <TranskribusMetadata docId="1416436" pageId="54946440" pageNr="68" tsid="130585597" status="IN_PROGRESS" userId="64420" imgUrl="https://files.transkribus.eu/Get?id=ARSGRYFMWIETGGKSVFXPLWKU&amp;fileType=view" xmlUrl="https://files.transkribus.eu/Get?id=YIFONRVVCBEZGRQZAYYROVFA" imageId="44450525"/>
    </Metadata>
    <Page imageFilename="1416436_0068.jpg" imageWidth="4513" imageHeight="3433">
        <ReadingOrder>
            <OrderedGroup id="ro_1711831591411" caption="Regions reading order">
                <RegionRefIndexed index="0" regionRef="tr_2"/>
                <RegionRefIndexed index="1" regionRef="tr_1"/>
            </OrderedGroup>
        </ReadingOrder>
        <TextRegion id="tr_2" custom="readingOrder {index:0;}">
            <Coords points="400,645 1931,645 1931,2428 400,2428"/>
            <TextLine id="tr_2_tl_1" custom="readingOrder {index:0;}">
                <Coords points="998,710 1017,718 1025,714 1031,720 1044,714 1069,735 1084,733 1096,630 1063,613 1059,617 1048,611 1044,613 1036,603 1033,607 1029,603 1010,601"/>
                <Baseline points="1009,704 1047,701 1092,695"/>
                <TextEquiv>
                    <Unicode>33</Unicode>
                </TextEquiv>
            </TextLine>
            <TextLine id="tr_2_tl_2" custom="readingOrder {index:1;}">
                <Coords points="445,733 487,720 527,735 573,727 601,743 731,727 767,744 840,722 838,681 792,670 779,680 744,662 664,674 605,653 546,674 443,664"/>
                <Baseline points="456,707 501,707 546,710 591,710 635,710 680,713 725,713 770,713 814,716 844,716"/>
                <TextEquiv>
                    <Unicode>A.S. an H.v.H.</Unicode>
                </TextEquiv>
            </TextLine>
            <TextLine id="tr_2_tl_3" custom="readingOrder {index:2;}">
                <Coords points="1670,739 1701,743 1712,737 1724,743 1729,737 1739,737 1750,743 1764,743 1773,735 1783,735 1781,689 1769,691 1762,687 1756,691 1729,680 1714,689 1706,681 1687,676 1680,681 1668,681"/>
                <Baseline points="1680,725 1725,728 1770,728 1788,731"/>
                <TextEquiv>
                    <Unicode>128</Unicode>
                </TextEquiv>
            </TextLine>
            <TextLine id="tr_2_tl_4" custom="readingOrder {index:3;}">
                <Coords points="439,817 1905,846 1903,743 1727,792 813,731 617,769 437,727"/>
                <Baseline points="450,791 495,794 540,797 585,797 629,800 674,797 719,800 764,800 808,800 853,803 898,803 943,806 988,806 1032,806 1077,806 1122,808 1167,808 1211,806 1256,808 1301,808 1346,811 1391,811 1435,811 1480,811 1525,811 1570,814 1615,814 1659,814 1704,817 1749,817 1794,817 1838,817 1883,820 1907,820"/>
                <TextEquiv>
                    <Unicode>Gelegenheit); Padua, Vicenza, Verona, Mailand. Luini, an dem</Unicode>
                </TextEquiv>
            </TextLine>
            <TextLine id="tr_2_tl_5" custom="readingOrder {index:4;}">
                <Coords points="437,910 1907,947 1905,876 1809,851 435,849"/>
                <Baseline points="447,886 492,886 537,886 582,886 626,886 671,889 716,889 761,889 806,889 850,892 895,892 940,892 985,895 1029,895 1074,895 1119,898 1164,898 1209,898 1253,898 1298,898 1343,901 1388,901 1432,904 1477,901 1522,904 1567,904 1612,907 1656,907 1701,910 1746,910 1791,910 1835,910 1880,910 1907,910"/>
                <TextEquiv>
                    <Unicode>ich (rein körperlich gemeint) vor Jahren vorbeigegan-</Unicode>
                </TextEquiv>
            </TextLine>
            <TextLine id="tr_2_tl_6" custom="readingOrder {index:5;}">
                <Coords points="441,998 1346,1002 1344,949 1288,937 1057,960 439,924"/>
                <Baseline points="450,979 495,979 540,979 585,979 629,982 674,982 719,982 764,982 808,982 853,982 898,982 943,985 988,985 1032,988 1077,988 1122,988 1167,991 1211,991 1256,994 1301,994 1346,994 1349,994"/>
                <TextEquiv>
                    <Unicode>gen war, ging mir wundervoll auf.-</Unicode>
                </TextEquiv>
            </TextLine>
            <TextLine id="tr_2_tl_7" custom="readingOrder {index:6;}">
                <Coords points="447,1099 1899,1111 1878,1021 445,1019"/>
                <Baseline points="456,1062 501,1062 546,1065 591,1062 635,1065 680,1065 725,1068 770,1068 814,1068 859,1068 904,1071 949,1071 994,1071 1038,1074 1083,1074 1128,1077 1173,1077 1217,1080 1262,1080 1307,1080 1352,1080 1397,1083 1441,1083 1486,1083 1531,1086 1576,1086 1620,1086 1665,1089 1710,1089 1755,1089 1800,1089 1844,1089 1889,1092 1904,1092"/>
                <TextEquiv>
                    <Unicode>Von "geordneter" Arbeit wäre nichts mitzuteilen. Zumeist</Unicode>
                </TextEquiv>
            </TextLine>
            <TextLine id="tr_2_tl_8" custom="readingOrder {index:7;}">
                <Coords points="437,1153 695,1195 781,1162 1899,1206 1897,1111 1691,1151 437,1094"/>
                <Baseline points="447,1149 492,1149 537,1149 582,1152 626,1152 671,1155 716,1158 761,1155 806,1158 850,1158 895,1161 940,1161 985,1161 1029,1161 1074,1164 1119,1164 1164,1164 1209,1167 1253,1167 1298,1170 1343,1170 1388,1170 1432,1173 1477,1176 1522,1176 1567,1176 1612,1176 1656,1176 1701,1176 1746,1179 1791,1182 1835,1182 1880,1182 1904,1185"/>
                <TextEquiv>
                    <Unicode>beschäftigte mich das sonderbare, oft begonnene, eininge</Unicode>
                </TextEquiv>
            </TextLine>
            <TextLine id="tr_2_tl_9" custom="readingOrder {index:8;}">
                <Coords points="433,1250 1023,1252 1153,1290 1788,1269 1787,1227 1630,1199 1330,1231 1004,1187 433,1195"/>
                <Baseline points="444,1238 489,1238 534,1238 579,1238 623,1241 668,1241 713,1241 758,1247 803,1244 847,1244 892,1247 937,1250 982,1250 1026,1250 1071,1253 1116,1253 1161,1253 1206,1253 1250,1253 1295,1256 1340,1259 1385,1259 1429,1259 1474,1262 1519,1262 1564,1262 1609,1262 1653,1265 1698,1265 1743,1268 1788,1265 1791,1265"/>
                <TextEquiv>
                    <Unicode>Mal beendet, jedes Mal hingeworfene Junggesellen,-</Unicode>
                </TextEquiv>
            </TextLine>
            <TextLine id="tr_2_tl_10" custom="readingOrder {index:9;}">
                <Coords points="433,1342 1865,1380 1863,1307 1657,1283 1035,1273 933,1313 431,1279"/>
                <Baseline points="444,1325 489,1325 534,1328 579,1328 623,1328 668,1328 713,1331 758,1331 803,1334 847,1331 892,1334 937,1337 982,1337 1026,1337 1071,1340 1116,1343 1161,1343 1206,1343 1250,1343 1295,1343 1340,1346 1385,1346 1429,1349 1474,1349 1519,1352 1564,1352 1609,1352 1653,1352 1698,1355 1743,1355 1788,1358 1832,1355 1868,1355"/>
                <TextEquiv>
                    <Unicode>Egoistenstück; Sie wissen, dass es zuletzt als Missge-</Unicode>
                </TextEquiv>
            </TextLine>
            <TextLine id="tr_2_tl_11" custom="readingOrder {index:10;}">
                <Coords points="433,1443 1834,1460 1832,1397 1781,1384 431,1370"/>
                <Baseline points="441,1412 486,1414 531,1414 576,1414 620,1414 665,1417 710,1417 755,1420 800,1420 844,1420 889,1423 934,1423 979,1426 1023,1426 1068,1426 1113,1429 1158,1429 1203,1432 1247,1429 1292,1432 1337,1435 1382,1435 1426,1435 1471,1438 1516,1438 1561,1438 1606,1441 1650,1441 1695,1441 1740,1444 1785,1444 1829,1444 1838,1444"/>
                <TextEquiv>
                    <Unicode>burt zur Welt kam, siamesisch gezwillingt. Nun scheint</Unicode>
                </TextEquiv>
            </TextLine>
            <TextLine id="tr_2_tl_12" custom="readingOrder {index:11;}">
                <Coords points="435,1523 1832,1542 1830,1487 1655,1454 433,1466"/>
                <Baseline points="444,1501 489,1501 534,1501 579,1504 623,1501 668,1504 713,1504 758,1504 803,1507 847,1510 892,1510 937,1513 982,1513 1026,1516 1071,1513 1116,1516 1161,1516 1206,1519 1250,1519 1295,1519 1340,1522 1385,1522 1429,1525 1474,1525 1519,1525 1564,1525 1609,1528 1653,1528 1698,1528 1743,1531 1788,1531 1832,1534 1838,1534"/>
                <TextEquiv>
                    <Unicode>der operative Eingriff, der mit Vorsicht unternommen</Unicode>
                </TextEquiv>
            </TextLine>
            <TextLine id="tr_2_tl_13" custom="readingOrder {index:12;}">
                <Coords points="428,1611 1884,1632 1882,1582 1745,1554 428,1561"/>
                <Baseline points="438,1588 483,1588 528,1591 573,1591 617,1591 662,1594 707,1594 752,1594 797,1597 841,1600 886,1600 931,1600 976,1603 1020,1603 1065,1603 1110,1603 1155,1606 1200,1606 1244,1606 1289,1609 1334,1609 1379,1612 1423,1612 1468,1615 1513,1615 1558,1615 1603,1615 1647,1617 1692,1617 1737,1620 1782,1623 1826,1620 1871,1623 1889,1623"/>
                <TextEquiv>
                    <Unicode>werden musste, gelungen- d.h. beide Geschöpfe leben, das</Unicode>
                </TextEquiv>
            </TextLine>
            <TextLine id="tr_2_tl_14" custom="readingOrder {index:13;}">
                <Coords points="426,1695 1878,1729 1878,1678 1580,1632 1453,1666 1246,1624 1166,1659 424,1640"/>
                <Baseline points="435,1671 480,1674 525,1674 570,1677 614,1677 659,1677 704,1680 749,1680 794,1683 838,1686 883,1686 928,1686 973,1686 1017,1689 1062,1689 1107,1689 1152,1692 1197,1692 1241,1695 1286,1695 1331,1698 1376,1698 1420,1698 1465,1698 1510,1701 1555,1701 1600,1704 1644,1704 1689,1707 1734,1707 1779,1707 1823,1707 1868,1704 1883,1701"/>
                <TextEquiv>
                    <Unicode>eine schwächlich, das andere mit höherer Vitalkraft be-</Unicode>
                </TextEquiv>
            </TextLine>
            <TextLine id="tr_2_tl_15" custom="readingOrder {index:14;}">
                <Coords points="418,1777 1827,1819 1825,1756 1756,1729 416,1718"/>
                <Baseline points="429,1767 474,1764 519,1764 564,1767 608,1767 653,1770 698,1770 743,1770 788,1770 832,1773 877,1773 922,1776 967,1776 1011,1776 1056,1779 1101,1779 1146,1782 1191,1782 1235,1785 1280,1785 1325,1785 1370,1785 1414,1788 1459,1788 1504,1791 1549,1791 1594,1791 1638,1794 1683,1797 1728,1797 1773,1797 1817,1797 1829,1797"/>
                <TextEquiv>
                    <Unicode>gnadet, aber xx ob sie endgültig gedeihen werden, ist</Unicode>
                </TextEquiv>
            </TextLine>
            <TextLine id="tr_2_tl_16" custom="readingOrder {index:15;}">
                <Coords points="412,1893 554,1857 752,1913 943,1876 1798,1911 1796,1819 410,1813"/>
                <Baseline points="423,1850 468,1850 513,1850 558,1853 603,1853 647,1853 692,1856 737,1856 782,1856 826,1859 871,1862 916,1862 961,1865 1006,1865 1050,1865 1095,1868 1140,1868 1185,1868 1229,1871 1274,1871 1319,1871 1364,1874 1409,1874 1453,1877 1498,1877 1543,1877 1588,1880 1632,1880 1677,1880 1722,1883 1767,1880 1800,1880"/>
                <TextEquiv>
                    <Unicode>noch nicht zu sagen. Das eine Kind wird eben aufge-</Unicode>
                </TextEquiv>
            </TextLine>
            <TextLine id="tr_2_tl_17" custom="readingOrder {index:16;}">
                <Coords points="416,1955 435,1956 479,1979 500,1976 513,1983 550,1972 573,1953 605,1962 645,1955 645,1903 611,1907 584,1893 552,1897 536,1911 489,1892 456,1890 441,1899 416,1893"/>
                <Baseline points="426,1940 471,1940 516,1940 561,1940 605,1943 650,1946 653,1943"/>
                <TextEquiv>
                    <Unicode>päppelt.</Unicode>
                </TextEquiv>
            </TextLine>
            <TextLine id="tr_2_tl_18" custom="readingOrder {index:17;}">
                <Coords points="424,2052 1890,2065 1888,1997 1834,1987 422,1972"/>
                <Baseline points="435,2020 480,2023 525,2026 570,2026 614,2029 659,2032 704,2032 749,2032 794,2035 838,2035 883,2038 928,2038 973,2038 1017,2038 1062,2041 1107,2041 1152,2041 1197,2044 1241,2044 1286,2044 1331,2047 1376,2050 1420,2050 1465,2050 1510,2053 1555,2053 1600,2056 1644,2056 1689,2056 1734,2059 1779,2062 1823,2062 1868,2062 1895,2062"/>
                <TextEquiv>
                    <Unicode>- Am Roman geschah nichts weiteres; über eine lustspiel-</Unicode>
                </TextEquiv>
            </TextLine>
            <TextLine id="tr_2_tl_19" custom="readingOrder {index:18;}">
                <Coords points="416,2134 1869,2166 1867,2111 1632,2079 414,2067"/>
                <Baseline points="426,2113 471,2116 516,2116 561,2116 605,2116 650,2119 695,2119 740,2122 785,2122 829,2125 874,2125 919,2125 964,2128 1009,2128 1053,2128 1098,2131 1143,2131 1188,2131 1232,2134 1277,2134 1322,2137 1367,2137 1412,2137 1456,2140 1501,2143 1546,2146 1591,2146 1635,2146 1680,2146 1725,2149 1770,2149 1815,2149 1859,2152 1874,2152"/>
                <TextEquiv>
                    <Unicode>artige moderne Komödie wurde meditiert. Im ganzen mehr</Unicode>
                </TextEquiv>
            </TextLine>
            <TextLine id="tr_2_tl_20" custom="readingOrder {index:19;}">
                <Coords points="403,2243 1787,2256 1785,2189 1712,2165 401,2165"/>
                <Baseline points="411,2200 456,2200 501,2203 546,2203 591,2203 635,2206 680,2206 725,2209 770,2209 814,2212 859,2215 904,2215 949,2215 994,2215 1038,2218 1083,2218 1128,2221 1173,2221 1217,2223 1262,2223 1307,2223 1352,2223 1397,2226 1441,2226 1486,2229 1531,2229 1576,2232 1620,2232 1665,2232 1710,2235 1755,2235 1791,2235"/>
                <TextEquiv>
                    <Unicode>Kunst-und Gedankenspiel als Schaffensintensität.-</Unicode>
                </TextEquiv>
            </TextLine>
            <TextLine id="tr_2_tl_21" custom="readingOrder {index:20;}">
                <Coords points="395,2304 1928,2353 1926,2289 1617,2245 393,2252"/>
                <Baseline points="405,2289 450,2289 495,2292 540,2292 585,2292 629,2295 674,2295 719,2295 764,2298 808,2298 853,2301 898,2301 943,2301 988,2304 1032,2307 1077,2307 1122,2307 1167,2310 1211,2310 1256,2310 1301,2310 1346,2313 1391,2313 1435,2316 1480,2316 1525,2319 1570,2319 1615,2319 1659,2322 1704,2322 1749,2325 1794,2325 1838,2328 1883,2331 1928,2331 1931,2331"/>
                <TextEquiv>
                    <Unicode>Mit grossem Vergnügen las ich die "mousquetaires" von Du-</Unicode>
                </TextEquiv>
            </TextLine>
            <TextLine id="tr_2_tl_22" custom="readingOrder {index:21;}">
                <Coords points="389,2395 1897,2434 1895,2367 1781,2342 387,2342"/>
                <Baseline points="400,2379 444,2379 489,2382 534,2382 579,2382 623,2385 668,2385 713,2385 758,2388 803,2391 847,2391 892,2391 937,2394 982,2394 1026,2394 1071,2394 1116,2397 1161,2400 1206,2400 1250,2400 1295,2400 1340,2403 1385,2406 1429,2406 1474,2406 1519,2406 1564,2409 1609,2409 1653,2409 1698,2412 1743,2412 1788,2415 1832,2415 1877,2415 1898,2418"/>
                <TextEquiv>
                    <Unicode>mas auf der Reise. Welche Leichtigkeit, welcher Reich-</Unicode>
                </TextEquiv>
            </TextLine>
        </TextRegion>
        <TextRegion id="tr_1" custom="readingOrder {index:1;}">
            <Coords points="2662,663 4125,663 4125,2493 2662,2493"/>
            <TextLine id="tr_1_tl_1" custom="readingOrder {index:0;}">
                <Coords points="3176,748 3195,744 3209,748 3218,741 3249,750 3253,746 3258,750 3283,746 3275,647 3264,649 3243,630 3239,634 3220,632 3199,618 3195,622 3184,618 3167,622"/>
                <Baseline points="3182,713 3227,719 3271,719 3286,722"/>
                <TextEquiv>
                    <Unicode>8</Unicode>
                </TextEquiv>
            </TextLine>
            <TextLine id="tr_1_tl_2" custom="readingOrder {index:1;}">
                <Coords points="2661,811 2714,828 2728,819 2833,834 2850,817 2899,817 2920,832 3043,855 3041,727 2972,756 2915,731 2834,758 2806,746 2661,760"/>
                <Baseline points="2671,806 2716,808 2761,808 2806,808 2850,808 2895,808 2940,808 2985,808 3029,811 3047,811"/>
                <TextEquiv>
                    <Unicode>A.S.an H.v.H.</Unicode>
                </TextEquiv>
            </TextLine>
            <TextLine id="tr_1_tl_3" custom="readingOrder {index:2;}">
                <Coords points="3861,817 3882,815 3892,823 3909,826 3963,811 3980,815 3980,725 3963,723 3947,731 3936,727 3924,733 3900,725 3871,744 3861,744"/>
                <Baseline points="3871,811 3895,808 3940,808 3985,808"/>
                <TextEquiv>
                    <Unicode>129</Unicode>
                </TextEquiv>
            </TextLine>
            <TextLine id="tr_1_tl_4" custom="readingOrder {index:3;}">
                <Coords points="2670,928 4075,912 4075,847 3936,836 3785,868 3651,823 2670,834"/>
                <Baseline points="2680,895 2725,895 2770,895 2815,898 2859,898 2904,898 2949,895 2994,895 3038,895 3083,895 3128,895 3173,895 3218,895 3262,895 3307,895 3352,895 3397,895 3441,895 3486,895 3531,898 3576,898 3621,898 3665,898 3710,895 3755,895 3800,895 3844,895 3889,898 3934,895 3979,898 4024,895 4068,898 4080,898"/>
                <TextEquiv>
                    <Unicode>tum! Einiger Leichtsinn verzeiht sich von selbst; und</Unicode>
                </TextEquiv>
            </TextLine>
            <TextLine id="tr_1_tl_5" custom="readingOrder {index:4;}">
                <Coords points="2667,1000 3972,989 4077,1021 4077,954 4026,941 2667,935"/>
                <Baseline points="2677,985 2722,985 2767,985 2812,982 2856,985 2901,985 2946,985 2991,985 3035,985 3080,985 3125,985 3170,985 3215,985 3259,985 3304,985 3349,985 3394,985 3438,985 3483,985 3528,985 3573,985 3618,985 3662,985 3707,985 3752,985 3797,985 3841,985 3886,985 3931,985 3976,985 4021,985 4065,988 4080,988"/>
                <TextEquiv>
                    <Unicode>die paar falschen Münzen wirken, als machte sich ein</Unicode>
                </TextEquiv>
            </TextLine>
            <TextLine id="tr_1_tl_6" custom="readingOrder {index:5;}">
                <Coords points="2661,1084 4010,1099 4033,1002 3901,1036 3718,1000 2661,1023"/>
                <Baseline points="2671,1068 2716,1071 2761,1071 2806,1071 2850,1071 2895,1071 2940,1071 2985,1071 3029,1071 3074,1071 3119,1071 3164,1071 3209,1071 3253,1071 3298,1071 3343,1074 3388,1074 3433,1074 3477,1074 3522,1074 3567,1077 3612,1074 3656,1074 3701,1077 3746,1074 3791,1074 3836,1077 3880,1077 3925,1077 3970,1077 4015,1080 4038,1077"/>
                <TextEquiv>
                    <Unicode>Kind einen Spass sie statt echten, die doch da sind,</Unicode>
                </TextEquiv>
            </TextLine>
            <TextLine id="tr_1_tl_7" custom="readingOrder {index:6;}">
                <Coords points="2663,1193 2686,1201 2733,1176 2846,1180 2871,1170 2972,1195 3025,1162 3054,1159 3054,1134 3018,1138 2978,1122 2938,1130 2892,1094 2833,1101 2751,1132 2701,1119 2663,1130"/>
                <Baseline points="2674,1158 2701,1158 2746,1158 2791,1161 2835,1158 2880,1158 2925,1158 2970,1161 3015,1161 3059,1155"/>
                <TextEquiv>
                    <Unicode>auszustreuen.-</Unicode>
                </TextEquiv>
            </TextLine>
            <TextLine id="tr_1_tl_8" custom="readingOrder {index:7;}">
                <Coords points="2672,1264 3987,1271 3987,1191 3420,1161 3356,1195 3159,1168 2672,1201"/>
                <Baseline points="2683,1244 2728,1247 2773,1244 2818,1244 2862,1247 2907,1247 2952,1247 2997,1247 3041,1250 3086,1247 3131,1247 3176,1247 3221,1247 3265,1247 3310,1247 3355,1247 3400,1247 3444,1247 3489,1247 3534,1247 3579,1250 3624,1250 3668,1250 3713,1250 3758,1250 3803,1250 3847,1250 3892,1250 3937,1250 3982,1253 3991,1253"/>
                <TextEquiv>
                    <Unicode>-Bahr hat mir von Ihren letzten Plänen erzählt,</Unicode>
                </TextEquiv>
            </TextLine>
            <TextLine id="tr_1_tl_9" custom="readingOrder {index:8;}">
                <Coords points="2663,1349 4089,1359 4121,1271 2663,1283"/>
                <Baseline points="2674,1331 2719,1334 2764,1334 2809,1334 2853,1334 2898,1334 2943,1334 2988,1337 3032,1334 3077,1337 3122,1334 3167,1337 3212,1334 3256,1337 3301,1337 3346,1337 3391,1334 3435,1337 3480,1334 3525,1334 3570,1334 3615,1337 3659,1337 3704,1337 3749,1337 3794,1337 3838,1337 3883,1337 3928,1337 3973,1337 4018,1337 4062,1340 4107,1346 4125,1346"/>
                <TextEquiv>
                    <Unicode>Richard, der gestern mit Paula und Mirjam bei mir war,</Unicode>
                </TextEquiv>
            </TextLine>
            <TextLine id="tr_1_tl_10" custom="readingOrder {index:9;}">
                <Coords points="2657,1422 2878,1462 4081,1424 4018,1369 3741,1397 3468,1344 2657,1372"/>
                <Baseline points="2668,1420 2713,1420 2758,1420 2803,1423 2847,1423 2892,1420 2937,1423 2982,1423 3027,1423 3071,1423 3116,1420 3161,1423 3206,1423 3250,1423 3295,1423 3340,1423 3385,1423 3430,1423 3474,1423 3519,1423 3564,1423 3609,1423 3653,1423 3698,1423 3743,1423 3788,1426 3833,1426 3877,1423 3922,1423 3967,1426 4012,1426 4056,1423 4086,1426"/>
                <TextEquiv>
                    <Unicode>desgleichen. Ich wünschte bald zu hören, wie weit Sie</Unicode>
                </TextEquiv>
            </TextLine>
            <TextLine id="tr_1_tl_11" custom="readingOrder {index:10;}">
                <Coords points="2663,1523 4079,1552 4066,1470 3440,1485 3233,1432 2663,1458"/>
                <Baseline points="2674,1516 2719,1510 2764,1510 2809,1510 2853,1510 2898,1510 2943,1510 2988,1510 3032,1510 3077,1510 3122,1510 3167,1510 3212,1510 3256,1510 3301,1510 3346,1510 3391,1510 3435,1510 3480,1510 3525,1510 3570,1510 3615,1513 3659,1513 3704,1513 3749,1513 3794,1513 3838,1513 3883,1513 3928,1513 3973,1513 4018,1513 4062,1513 4083,1516"/>
                <TextEquiv>
                    <Unicode>gediehen sind. Die deutschen Schall und Raucher sah</Unicode>
                </TextEquiv>
            </TextLine>
            <TextLine id="tr_1_tl_12" custom="readingOrder {index:11;}">
                <Coords points="2657,1611 4069,1634 4069,1552 3963,1540 2657,1548"/>
                <Baseline points="2668,1597 2713,1597 2758,1597 2803,1597 2847,1597 2892,1597 2937,1597 2982,1597 3027,1597 3071,1597 3116,1597 3161,1597 3206,1597 3250,1597 3295,1597 3340,1597 3385,1597 3430,1597 3474,1600 3519,1600 3564,1600 3609,1600 3653,1597 3698,1600 3743,1600 3788,1600 3833,1600 3877,1600 3922,1600 3967,1600 4012,1600 4056,1603 4074,1603"/>
                <TextEquiv>
                    <Unicode>ich vorgestern, Erdgeist, das Talent,das grosse Wede-</Unicode>
                </TextEquiv>
            </TextLine>
            <TextLine id="tr_1_tl_13" custom="readingOrder {index:12;}">
                <Coords points="2657,1703 4026,1716 4026,1657 3982,1645 2657,1642"/>
                <Baseline points="2668,1683 2713,1683 2758,1683 2803,1683 2847,1683 2892,1686 2937,1683 2982,1683 3027,1683 3071,1683 3116,1683 3161,1683 3206,1686 3250,1683 3295,1683 3340,1686 3385,1686 3430,1686 3474,1686 3519,1686 3564,1686 3609,1686 3653,1686 3698,1686 3743,1686 3788,1686 3833,1686 3877,1686 3922,1686 3967,1689 4012,1692 4030,1692"/>
                <TextEquiv>
                    <Unicode>kind'sche blitzt meines Erachtens nur selten auf.</Unicode>
                </TextEquiv>
            </TextLine>
            <TextLine id="tr_1_tl_14" custom="readingOrder {index:13;}">
                <Coords points="2663,1768 3079,1808 3543,1773 3711,1823 4054,1788 4054,1718 2663,1724"/>
                <Baseline points="2674,1764 2719,1767 2764,1770 2809,1770 2853,1770 2898,1770 2943,1770 2988,1770 3032,1770 3077,1770 3122,1770 3167,1770 3212,1770 3256,1773 3301,1773 3346,1773 3391,1773 3435,1773 3480,1773 3525,1773 3570,1773 3615,1773 3659,1773 3704,1776 3749,1773 3794,1773 3838,1773 3883,1773 3928,1773 3973,1776 4018,1776 4059,1776"/>
                <TextEquiv>
                    <Unicode>Vielleicht ernsthaft nur in der Figur des Dr. Schön</Unicode>
                </TextEquiv>
            </TextLine>
            <TextLine id="tr_1_tl_15" custom="readingOrder {index:14;}">
                <Coords points="2663,1865 4069,1899 4069,1802 2663,1819"/>
                <Baseline points="2674,1859 2719,1859 2764,1856 2809,1859 2853,1859 2898,1859 2943,1862 2988,1859 3032,1859 3077,1859 3122,1859 3167,1859 3212,1859 3256,1859 3301,1859 3346,1859 3391,1859 3435,1859 3480,1862 3525,1862 3570,1862 3615,1862 3659,1862 3704,1862 3749,1862 3794,1862 3838,1862 3883,1862 3928,1862 3973,1862 4018,1862 4062,1862 4074,1862"/>
                <TextEquiv>
                    <Unicode>(der einzigen, die wirklich vollendet gespielt wurde)</Unicode>
                </TextEquiv>
            </TextLine>
            <TextLine id="tr_1_tl_16" custom="readingOrder {index:15;}">
                <Coords points="2672,1956 4117,1979 4117,1890 3989,1874 3821,1911 2672,1897"/>
                <Baseline points="2683,1946 2728,1946 2773,1946 2818,1946 2862,1946 2907,1946 2952,1946 2997,1946 3041,1946 3086,1946 3131,1946 3176,1946 3221,1946 3265,1946 3310,1946 3355,1949 3400,1949 3444,1949 3489,1949 3534,1949 3579,1949 3624,1949 3668,1949 3713,1949 3758,1949 3803,1949 3847,1949 3892,1949 3937,1949 3982,1949 4027,1949 4071,1952 4116,1958 4122,1955"/>
                <TextEquiv>
                    <Unicode>(Reicher). Das unerträgliche aber an dem Stück ist mir,</Unicode>
                </TextEquiv>
            </TextLine>
            <TextLine id="tr_1_tl_17" custom="readingOrder {index:16;}">
                <Coords points="2657,2065 3333,2037 3711,2088 3854,2046 4050,2061 4050,1987 2657,1991"/>
                <Baseline points="2668,2032 2713,2032 2758,2032 2803,2032 2847,2032 2892,2032 2937,2032 2982,2032 3027,2032 3071,2032 3116,2032 3161,2035 3206,2035 3250,2035 3295,2035 3340,2035 3385,2035 3430,2035 3474,2035 3519,2035 3564,2035 3609,2035 3653,2035 3698,2035 3743,2035 3788,2035 3833,2035 3877,2035 3922,2035 3967,2038 4012,2038 4056,2041 4059,2038"/>
                <TextEquiv>
                    <Unicode>dass der Humor darin, der sich so satanisch gebärdet,</Unicode>
                </TextEquiv>
            </TextLine>
            <TextLine id="tr_1_tl_18" custom="readingOrder {index:17;}">
                <Coords points="2651,2145 3109,2132 3289,2168 3375,2130 3506,2165 3802,2130 3959,2166 3959,2090 3774,2065 3587,2100 3098,2054 2833,2094 2651,2058"/>
                <Baseline points="2662,2122 2707,2122 2752,2122 2797,2122 2841,2122 2886,2122 2931,2122 2976,2122 3021,2119 3065,2122 3110,2122 3155,2122 3200,2122 3244,2122 3289,2125 3334,2122 3379,2125 3424,2122 3468,2125 3513,2125 3558,2125 3603,2125 3647,2125 3692,2125 3737,2125 3782,2122 3827,2125 3871,2125 3916,2122 3961,2125 3964,2125"/>
                <TextEquiv>
                    <Unicode>nicht viel teuflischer ist als ein weitgereister</Unicode>
                </TextEquiv>
            </TextLine>
            <TextLine id="tr_1_tl_19" custom="readingOrder {index:18;}">
                <Coords points="2657,2210 2888,2256 4016,2231 4016,2172 3966,2161 2657,2163"/>
                <Baseline points="2668,2209 2713,2209 2758,2209 2803,2209 2847,2209 2892,2209 2937,2209 2982,2212 3027,2209 3071,2209 3116,2209 3161,2209 3206,2209 3250,2209 3295,2212 3340,2212 3385,2212 3430,2212 3474,2212 3519,2212 3564,2212 3609,2212 3653,2212 3698,2212 3743,2212 3788,2212 3833,2212 3877,2212 3922,2212 3967,2212 4012,2212 4021,2212"/>
                <TextEquiv>
                    <Unicode>Commis als Mephisto auf einem Maskenball, -der mit</Unicode>
                </TextEquiv>
            </TextLine>
            <TextLine id="tr_1_tl_20" custom="readingOrder {index:19;}">
                <Coords points="2651,2317 4062,2311 4047,2250 2649,2258"/>
                <Baseline points="2662,2295 2707,2298 2752,2298 2797,2298 2841,2298 2886,2298 2931,2298 2976,2301 3021,2298 3065,2298 3110,2298 3155,2298 3200,2298 3244,2298 3289,2301 3334,2301 3379,2301 3424,2301 3468,2301 3513,2301 3558,2301 3603,2298 3647,2298 3692,2301 3737,2301 3782,2301 3827,2301 3871,2301 3916,2301 3961,2301 4006,2301 4050,2301 4065,2301"/>
                <TextEquiv>
                    <Unicode>dämonischen Weibern Champagner zu trinken vermeint-</Unicode>
                </TextEquiv>
            </TextLine>
            <TextLine id="tr_1_tl_21" custom="readingOrder {index:20;}">
                <Coords points="2655,2413 4035,2424 4079,2416 4079,2346 2655,2350"/>
                <Baseline points="2665,2388 2710,2385 2755,2385 2800,2388 2844,2388 2889,2388 2934,2388 2979,2388 3024,2388 3068,2388 3113,2388 3158,2388 3203,2388 3247,2388 3292,2388 3337,2388 3382,2388 3427,2388 3471,2388 3516,2388 3561,2388 3606,2388 3650,2388 3695,2388 3740,2388 3785,2388 3830,2388 3874,2391 3919,2391 3964,2391 4009,2391 4053,2394 4083,2394"/>
                <TextEquiv>
                    <Unicode>während es sich um Kochinnen und Kleinoscheg handelt.</Unicode>
                </TextEquiv>
            </TextLine>
            <TextLine id="tr_1_tl_22" custom="readingOrder {index:21;}">
                <Coords points="2657,2514 2865,2533 2966,2479 3802,2529 4043,2497 4043,2439 3701,2418 3648,2449 3525,2418 3386,2451 2657,2434"/>
                <Baseline points="2668,2474 2713,2477 2758,2480 2803,2477 2847,2477 2892,2477 2937,2477 2982,2477 3027,2477 3071,2477 3116,2477 3161,2477 3206,2477 3250,2477 3295,2477 3340,2477 3385,2477 3430,2477 3474,2477 3519,2480 3564,2477 3609,2477 3653,2480 3698,2477 3743,2477 3788,2477 3833,2477 3877,2477 3922,2480 3967,2480 4012,2480 4047,2483"/>
                <TextEquiv>
                    <Unicode>Im ganzen lieb ich Dichter nicht, die ihren Nachlass</Unicode>
                </TextEquiv>
            </TextLine>
        </TextRegion>
    </Page>
</PcGts>
