4501 3432
416 600 1045 776 A.S. an H.v. H. (47)
1667 630 1762 748 51
1151 713 1531 814 Paris, 26.4.97.
1175 789 1679 871 5,Rue de Maubeuge.
380 827 1858 963 Mein lieber Hugo. Seien Sie mir herzlich gegrüsst. Ich
378 948 1796 1067 lebe im Innersten der Stadt wie ich in Wien um kei-
386 1045 1904 1153 nen Freie leben möchte; an der Kreuzung vieler Strassen,
384 1130 1762 1232 mitten im Lärm der Geschäfte und des Verkehrs. Der
384 1232 1785 1310 Zufall hat es gefügt, dass ich gerade hier die Woh-
373 1310 1777 1412 nung gefunden habe, wie ich sie brauche, und günstige
377 1404 1798 1539 Verbindungen von Goldmann haben sie mir verschafft.
373 1514 1798 1626 Ich sage mir, obwohl das nicht ganz richtig ist. Aber
365 1582 1800 1696 ich habe mein Zimmer allein und so viel Freiheit, als
363 1726 1734 1787 unter den bekannten Umständen möglich ist. Manch-
363 1824 1840 1911 mal möcht ich wohl lieber ganz allein sein; aber viel-
356 1898 1864 2010 leicht ist es nur die Sehnsucht, nach der ich mich sehne
354 2004 1849 2106 Ich bin nämlich bisher wirklich noch nie von Wien fort
354 2097 1817 2212 gewesen, ohne dort irgendwen zurückzulassen, um den ich
354 2192 1821 2250 mehr oder weniger "zittern" musste; das geht mir viel-
339 2235 1815 2343 leicht ab. Im ganzen aber fühl ich mich, wie Sie sagen
344 2299 1804 2432 würden, „eher“ wohl; insbesondere tritt das sonderbare
2667 626 3087 763 A.S. an H.v.H.
3208 626 3331 778 (47)
3899 683 3987 757 52
2674 763 4008 836 ein, was sich immer beinah einstellt, wenn ich auf
2667 827 4035 939 Reisen, besser: wenn ich nicht daheim bin; ich bin
2672 937 4112 1048 beinah gänzlich erlöst von den Bengigkeiten und Hypo
2672 1037 4025 1145 chondrien, die mir das Leben zuhause oft so heftig
2665 1109 4018 1228 stören. Aber auch dass ich gerade hier bin, freut
2657 1202 4076 1310 mich. Es ist mir oft, als wenn ich hier lieber leben
2655 1304 4073 1410 möchte als in Wien; aber das ist wahrscheinlich ein
2655 1408 4065 1495 Irrtum. Von allem was ich hier schon gesehen, möchte
2657 1501 4107 1575 ich Ihnen lieber erst in Wien erzählen; denn ich fra-
2651 1590 4058 1688 ge mich vergeblich, was ich heraussuchen sollte.
2644 1646 4154 1775 Das schönste hat mir bisher die Schauspielerei geboten;
2648 1779 4040 1877 es ist einfach was anderes als die Deutschen haben;
2644 1857 4056 1945 nicht immer was besseres vielleicht,-aber dem Wesen
2638 1968 4029 2034 der Stücke, die sie spielen, xxxwunderbar
2640 2050 4088 2140 verwandt, was ja schliesslich doch das wichtigste ist.
2634 2121 4050 2224 Dramen scheinen sie ja hier (wo denn?"?) auch nicht
2627 2222 4103 2315 mehr zu schreiben; ich habe Loi de l'homme (Hervieu);
2625 2311 3946 2409 Douloureuse.(Donnay).-Carrière (Hermant);- Snob
2636 2411 4037 2494 (Guiche) - gesehen- es ist ein vollkommener Sieg des
2617 2477 4050 2617 Feuilletons auf dem Theater. Ich habe wohl auch ein
