4467 3431
986 607 1080 708 81
1599 620 1721 713 104
547 629 946 741 A.S. an H.v.H.
544 739 1788 809 dere, kurz, ich kann mich kaum je eine Viertel-
544 824 1774 932 stunde wohl fühlen. Anfang März war ich ein
1254 890 1362 946 habé
551 916 1819 1012 paar Tage in Edlach; ich dort den Früh-
547 1006 1844 1105 ling finden wollen, aber Eis und zehn Grad
551 1105 1824 1196 Kalte, sowie Dora Speyer gefunden, die übrigens
551 1189 798 1279 lieb ist.
562 1261 1797 1360 Jetzt ist Brandes hier, erzählt sehr amüsant
553 1384 1774 1452 und ist gewiss was sehr besonderes. Und doch
556 1452 1813 1539 (warum-und doch”?) hab ich eher ein Gefühl der
556 1530 1786 1638 Entfremdung diesmal ihm gegenüber. Liegt wohl
551 1618 1111 1714 an meiner Stimmung.-
560 1692 1864 1801 Ich arbeite an nichts als an der langen Hovelle,
551 1785 1794 1902 die wohl (stofflich) so eine Art Seitenstück
556 1884 1718 1967 zur Femme de trente ans wird, eine Veuve de
564 1944 1781 2070 trente ans - vielleicht schliess ich sie auf
556 2059 1631 2148 der kam dalmatinischen Küstenfahrt ab.-
564 2157 1779 2233 Eben telefoniert mir Richard, ich möge in den
560 2238 1841 2326 Schachklub kommen - Ist das nicht ganz unwahr-
560 2323 1794 2413 scheinlich in Paris zu hören, dass hier weiter
565 2404 1846 2520 telefoniert wird - in den Schachklub gegangen--?
3146 753 3246 842 82
2606 753 3004 849 A.S. an H.v.H.
3728 755 3847 849 105
2597 834 3995 936 So ist es mir gewissermassen rätselhaft, dass gewies
2597 928 3923 1004 das Haus in der Rue Maubeuge Nr. 5 steht ja, dass
2597 1001 3986 1096 noch die Zimmer existieren, die Fenster - die Wasch-
2603 1084 2888 1176 tische -
2599 1187 3970 1268 Ich kann Ihnen gar nicht sagen, wie mir ist, während
2597 1263 3907 1340 ich diesen Brief ende. Als hätt ich's noch immer
2599 1355 3943 1420 nicht ganz verstanden - denn in diesem Augenblick
2592 1423 3986 1523 sind mir Dinge eingefallen, an die ich seitdem nicht
2597 1521 2832 1608 gedacht.
2599 1593 3939 1683 Leben Sie wohl. Wann kommen sie wieder? Werden wir
2597 1671 3961 1741 zusammen radeln? Ich bin neugierig auf das, was Sie
2590 1732 3688 1815 mir von der Namenlosen erzählen werden.
2603 1812 3230 1888 Von Herzen Ihr Arthur.
2592 1906 4041 1989 Grüssen Sie Hans Schlesinger und Bubi Franckenstein.
