4513 3433
1713 692 1821 810 124
1032 719 1225 825 m (89)
530 775 928 864 A.S. an H.v.H.
537 798 1804 942 Ich schreibe das Stück nun bis zum Schluss und
533 902 1802 1029 halte es selbst nur für eine sehr ausführliche
542 980 1828 1122 Skizze. Wenn dann einige Auftritte fertiger sind
539 1074 1876 1199 als ich geshnt, soll es mich angenehm überraschen.
549 1183 1856 1294 Keinesfalls setz ich mir einen Termin.-H.... hab
559 1239 1934 1399 ich ankässlich des Leichenbegängnisses von Richard
563 1341 1835 1484 Vater gesehen,und habe viel Sympathie für ihn.-
559 1425 1878 1571 Anfang nächster Woche denke ich nach Berlin zu
572 1503 1930 1632 fahren; für acht Tage etwa. Brahm scheint plötzlich
570 1616 1835 1713 von Stücken so überschwemmt zu werden, dass die
579 1715 1932 1807 liebe Beatrice wieder unter den Tisch fallen wird.
575 1800 1835 1911 Aber ich denke, unterm Tisch wird der Löwenfeld
575 1925 810 2003 sitzen.-
580 1948 1847 2083 -Die Leb. St. kommen im März mit der Sandrock am
586 2080 1249 2184 Volksth.zur Aufführung.-
587 2161 1868 2252 Ich bin schon sehr gespannt von Ihnen zu hören.
592 2212 1927 2344 Ich verspreche mir für Sie von dem römischen Auf-
592 2318 1922 2446 enthalt unendlich viel. Lassen Sie sich nur nicht
598 2422 1995 2537 verstimmen, wenn Arbeitslust und Kraft nicht gleich
592 2476 1965 2631 wieder da sind. Denken Sie nur was "produktion" für
3626 198 3890 304 1 1 „ „ II „
3371 704 3458 804 89
3955 692 4076 804 125
2841 728 3240 815 A,S. an H.v.H.
2844 801 4130 888 ein unfassbares.unmessbares und unbegreifliches
2839 898 4203 970 Ding ist -wie wir zuweilen schaffen, ohne es zu be-
2839 989 4127 1070 merken und ein anderes Mal (mir geht es öfters
2844 1077 4107 1152 so!) in aller Geschäftigkeit so gut wie nichts
2846 1169 4127 1251 geliefert haben.-Dass das "Aufgeschriebene" das
2846 1256 4153 1329 einzige ist, was von den Fernerstehenden kontrol-
2846 1350 4215 1430 liert werden kann, sollte uns nie verwirren. Für die
2844 1439 4130 1513 Andern werd ich gewiss nie ein Dichter sein wie
2850 1522 4156 1600 ich es vor drei Jahren einmal auf einem einsamen
2855 1605 4201 1673 Spaziergang von Wiesbaden nach Sieberich und heuer
2844 1699 4151 1771 im Sommer zehn oder gar zwanzig Minuten auf dem
2850 1771 4102 1856 Hiechtenstein war- Und das "übrigbleiben" kann
2850 1882 4069 1951 doch wohl kein Kriterium sein. In hundert-oder
2853 1962 4078 2045 zehntausend oder siebzigtausend Jahren ist gar
2844 2043 3207 2148 nichts übrig.
2844 2141 4128 2221 Aber das führt ins allgemeine,und da weht einem
2853 2231 4123 2304 die Luft zu kalt um die Ohren. Schreiben Sie mir
2851 2299 3642 2415 bald. Ich grüsse Sie herzlich.
2848 2403 2954 2479 Ihr
