4377 3408
1662 689 1758 769 35
491 761 874 876 A.S. an H.v.H.
948 804 1060 906 (34)
1358 817 1595 915 27.3.95.
495 891 1801 991 Lieber Hugo, nach dem Konsert Hubermann am Frei-
498 961 1697 1036 tag möchte Herzl mit uns soupieren. D.h. mit
495 1004 1821 1071 Ihnen „Richard, Bahr, mir. Richard weiss schon, hat
491 1061 1852 1121 zugesagt; Bahr wird soeben durch mich verständigt.
489 1099 1814 1162 Also wenn Sie können, bereiten Sie etwas Lust zum
495 1134 1388 1223 Aufbleiben für Freitag Abend vor.
882 1210 1186 1295 Herzliche
1182 1319 1430 1397 der Ihre
1306 1395 1471 1476 Arth.
998 1536 1173 1602 =========
556 2671 817 2781 nach Folge
3925 706 4014 795 36
2655 771 3081 871 A.S. an H.v.H.
3166 815 3281 923 35
3579 823 3838 936 26.11.95.
3362 858 3570 948 G. A. Deuilen
2645 891 4101 1002 Lieber Hugo, eben habe ich den Kaufmannssohn gelesen.
2655 967 4007 1047 Folgendes find ich: die Geschichte hat nichts von
2653 1023 4088 1091 der Wärme und dem Glanz eines Märchens, wohl aber in
2649 1071 4053 1130 wunderbarer Weise das fahle Licht des Traums, dessen
2647 1112 4079 1174 rätselhafte wie verwischte Uebergänge und das eigene
2647 1139 4074 1212 Gemisch von Deutlichkeit der geringen und Blässe der
2647 1189 4072 1260 besonderen Dinge, das eben dem Traum zukommt. Sobald
2640 1230 4131 1321 ich mir die Erlebnisse des Kaufmannssohnes als Traum
2642 1286 4038 1347 vorstelle, werden sie mir höchst ergreifend; denn es
2644 1321 4061 1399 gibt solche Träume, sie sind eigentlich auch Schick-
2634 1373 4053 1441 Sale, und man könnte verstehen, dass sich Menschen, die
2642 1417 4027 1488 von solchen Träumen geplagt werden, aus Verzweiflung
2640 1449 4113 1517 umbringen. Auch ist nicht zu vergessen: die Empfindun-
2634 1508 4105 1573 gen des Kaufmannssohnes sind wie im Traum geschildert;
2636 1549 3988 1599 die unsägliche Unheimlichkeit, die irgend ein Weg,
2636 1582 4079 1649 ein Kindergesicht, eine Tür annehmen kann, wenn man sie
2634 1636 4088 1712 träumt, finden kaum im wachen Leben ein Analogon. Ihre
2636 1660 3996 1728 tiefere Bedeutung verliert die Geschichte durchaus
2631 1717 4027 1775 nicht, wenn der Kaufmannssohn aus ihr erwacht statt
2629 1762 4074 1843 an ihr zu sterben; ich würde ihn sogar mehr beklagen;
2631 1806 3979 1864 denn das tödtliche fühlen wir besser als den
2629 1852 4024 1915 Tod.-Ich will mit alldem nicht sagen, dass mir nicht
2621 1901 4005 1954 auch ein Märchen deselben Inhalts, ganz desselben
2619 1941 3998 1997 recht wäre; aber Sie haben die Geschichte bestimmt
2625 1991 4005 2040 als Traum erzählt; - erinnere ich mich jetzt zurück.
2619 2032 4025 2079 so sehe ich den Kaufmannssohn im Bett stöhnend sich
2619 2067 3522 2129 wälzen, und er tut mir sehr leid.
2619 2104 4053 2175 Damit wäre auch alles zum Vorzug gewandelt, was sonst
2629 2156 3953 2219 befremden müsste: eine seltsame Trockenheit, etwas
2616 2203 3898 2249 hinschleichendes im Stil - was die Stimmung des
2619 2223 4011 2308 Traums unvergleichlich halt, der Märchenwirklichkeit
2616 2284 3188 2353 aber zum Nachteil ist
3301 2299 3979 2401 che Grüsse. Es wird sich
2612 2330 3146 2416 noch manches sagen:
3196 2321 3314 2410 sech.
3310 2473 3522 2536 Arthur.
2799 2668 3094 2779 auch xxx
