4498 3432
959 601 1056 739 1)
664 724 1964 844 Briefe Arthur Schnitzlersan Hugo v. Hofmannsthal
1146 914 1582 1014 Wien, 11.9.1891.
562 997 1830 1116 Lieber Freund, der Anfang vom Reichthum ist ab-
566 1086 1904 1178 scheulich - Sie kennen ja die Moderne Rundschau!-
560 1157 1900 1227 Plötzlich wurde das Ding gesetzt, obwohl es ausge-
562 1203 1881 1280 macht war, dass die ersten Kapitel vorher verän-
562 1254 1910 1316 dert werden müssen. Jedenfalls änder' ich für den
560 1304 1857 1357 Separatabdruck, die Fortsetzung ist besser. Vor¬
567 1331 1849 1410 läufig werd' ich in den weitesten Kreisen ver-
562 1402 792 1465 achtet.—
562 1395 1827 1504 Wann kommen Sie? durch wen hab ich Sie grüssen
560 1448 1942 1540 lassen? Salten ist in Miskolz, das wissen Sie wohl?
566 1525 1966 1598 Von Beer-Hofmann hab ich keine Nachricht. Das Mähr-
566 1563 1821 1631 chen reich ich der Burg ein, lass es vorher als
560 1587 1921 1683 Manuscript drucken. bringen Sie was mit?
571 1674 1144 1721 Bringen Sie was mit! -
562 1664 1894 1776 Leben Sie wohl, ich freue mich sehr Sie bald wie-
562 1747 1250 1836 derzusehen. Gan der Ihre
1242 1762 1499 1864 Arth.Sch.
3287 647 3425 762 12
2735 760 3122 875 an Hofmannth.
3455 828 3970 952 Wien, 21. Juli 1891.
2780 933 4134 1020 Verehrter Freund, eine Karte, die ich eben von Paul
2782 988 4130 1065 Goldmann bekomme, erinnert mich, wie üblich es ist,
2782 1018 4209 1108 Briefe zu beantworten, und wie ich Ihnen schon längst
2771 1082 4187 1157 hatte schreiben sollen, ja, wie ich Ihnen sogar hätte
2786 1125 4128 1201 schreiben wollen, wenn mein Gehirnmnnicht die ganze
2780 1171 4106 1242 letzte Zeit über tote Stellen hätte hinwegkommen
2782 1216 4073 1289 müssen. In zweierlei Perioden bietet einem das
2782 1248 4236 1329 Leben was, in der der Anfänge,wo tausenderlei über ei-
2782 1304 4230 1387 nen kommt, und man jeden Tag ein neues Blatt herzuneh¬
2778 1348 4234 1427 men hat, um nur drauf los zu beginnen. Dann die andere
2778 1399 4209 1470 Periode, wo man das Bedürfnis des Abschliessens hat -
2788 1429 4217 1519 wo man die alten Blätter nimmt und einem alle mögli-
2786 1489 4139 1551 chen Worte, Punkte und Gedankenstriche einfallen.-
2786 1519 4170 1608 die man vergass. Die erste Periode: wo man sich an
2788 1570 4166 1659 sich berauscht, die zweite: wo man sich an sich be-
2786 1610 4085 1698 ruhigt. Ich bin jetzt in keiner von beiden, also
2792 1651 4119 1749 arm und blöd. Nervös, sehr. Beer-Hofmann ist auch
2795 1702 4166 1795 schon weg, das wissen Sie ja.-In die Kugel komm ich
2795 1749 4168 1832 selten, es waren schon ein paar Ausschusssitzungen;
2794 1796 4172 1881 Special-Comitees sind gewählt worden; ich sitze im
2794 1845 4162 1917 Theatercomitee zusammen mit Pernerstorfer, Wengraf,
2792 1881 4141 1972 Osten, Kafka, Kulka.- Bis jetzt ist noch nicht viel
2797 1919 4215 2030 gescheidtes herausgekommen.- Mit Salten bin ich viel
2797 1966 4204 2062 zusammen, auch auf dem “Land” des Abends. Burckhardt
2790 2021 4126 2121 hat mir den Alkandi mit einigen schmeichelhaften
2801 2060 4234 2155 Worten zurückgesandt - ich habe ihn angenommen. Mein
2794 2109 4179 2202 Stück ruht und ist mir zuwider.- Wie geht es Ihrem
2792 2153 4232 2247 himmelblauen Einakter? Und wollen Sie mir nichts von
2797 2187 4256 2294 Ihren Sachen schicken? Sie würden mir eine wirkliche
2795 2251 4251 2347 Freude machen, seien Sie erster oder siebenter Grad; -
2797 2281 4313 2371 Gelesen wird mancherlei Burckhardt, Kultur der Renaissan
2805 2326 4288 2437 be, Goethe, nnalen, Lessings dramat. Entwürfe, Jonas Lie
2803 2394 4134 2467 etc. Besonders Nietzsche - zuletzt hat mich sein
2795 2418 4179 2530 Schlusskapitel und das Schlussgedicht zum Jenseits
2807 2475 4104 2560 von Gut und Böse ergriffen. - Erinnern Sie sich?
2795 2520 4106 2630 Nietzsche Sentimentalität! - Weinender Marmor!
