<?xml version="1.0" encoding="UTF-8" standalone="yes"?>
<PcGts xmlns="http://schema.primaresearch.org/PAGE/gts/pagecontent/2013-07-15" xmlns:xsi="http://www.w3.org/2001/XMLSchema-instance" xsi:schemaLocation="http://schema.primaresearch.org/PAGE/gts/pagecontent/2013-07-15 http://schema.primaresearch.org/PAGE/gts/pagecontent/2013-07-15/pagecontent.xsd">
    <Metadata>
        <Creator>prov=READ-COOP:name=TrHtr:version=2.1.0:model_id=51170:date=25_07_2023_05:12</Creator>
        <Created>2023-05-01T21:56:37.354+02:00</Created>
        <LastChange>2023-07-25T05:12:45.568+02:00</LastChange>
        <TranskribusMetadata docId="1416436" pageId="54946387" pageNr="54" tsid="130585582" status="IN_PROGRESS" userId="64420" imgUrl="https://files.transkribus.eu/Get?id=GFJMUCZQZCVTMQXHKYLHWWIZ&amp;fileType=view" xmlUrl="https://files.transkribus.eu/Get?id=LSIIXAIHGZQEFKWRAKCDWCWG" imageId="44450472"/>
    </Metadata>
    <Page imageFilename="1416436_0054.jpg" imageWidth="4681" imageHeight="3432">
        <ReadingOrder>
            <OrderedGroup id="ro_1711831580053" caption="Regions reading order">
                <RegionRefIndexed index="0" regionRef="tr_2"/>
                <RegionRefIndexed index="1" regionRef="tr_1"/>
            </OrderedGroup>
        </ReadingOrder>
        <TextRegion id="tr_2" custom="readingOrder {index:0;}">
            <Coords points="543,666 1960,666 1960,2248 543,2248"/>
            <TextLine id="tr_2_tl_1" custom="readingOrder {index:0;}">
                <Coords points="558,749 650,752 724,788 890,765 926,781 1201,772 1203,668 1183,662 1079,671 991,715 922,689 888,714 795,696 767,668 655,696 560,669"/>
                <Baseline points="567,731 581,728 626,734 671,737 716,737 761,737 805,737 850,737 895,740 940,740 984,740 1029,731 1074,725 1119,722 1163,719 1208,716"/>
                <TextEquiv>
                    <Unicode>A.S. an H.v.H. 80</Unicode>
                </TextEquiv>
            </TextLine>
            <TextLine id="tr_2_tl_2" custom="readingOrder {index:1;}">
                <Coords points="1643,761 1653,763 1674,751 1685,751 1690,756 1697,751 1706,756 1722,756 1742,745 1756,749 1754,685 1736,680 1713,691 1703,687 1692,698 1676,689 1669,698 1660,691 1641,691"/>
                <Baseline points="1653,743 1698,743 1742,746 1760,746"/>
                <TextEquiv>
                    <Unicode>102</Unicode>
                </TextEquiv>
            </TextLine>
            <TextLine id="tr_2_tl_3" custom="readingOrder {index:2;}">
                <Coords points="570,876 1404,874 1524,938 1885,917 1883,818 1706,834 1634,793 938,770 895,804 745,775 569,805"/>
                <Baseline points="578,862 623,865 668,868 713,868 758,868 802,868 847,868 892,871 937,871 981,868 1026,871 1071,874 1116,871 1160,874 1205,871 1250,874 1295,874 1339,874 1384,874 1429,874 1474,874 1519,874 1563,874 1608,874 1653,877 1698,877 1742,877 1787,877 1832,877 1877,877 1889,877"/>
                <TextEquiv>
                    <Unicode>Bahr gelesen haben. Ich schik's Ihnen hier. Er ist</Unicode>
                </TextEquiv>
            </TextLine>
            <TextLine id="tr_2_tl_4" custom="readingOrder {index:3;}">
                <Coords points="565,977 1192,971 1424,1026 1955,996 1955,945 1876,924 565,938"/>
                <Baseline points="575,963 620,960 665,963 710,963 755,963 799,963 844,963 889,963 934,963 978,963 1023,966 1068,966 1113,966 1157,966 1202,969 1247,969 1292,969 1336,969 1381,969 1426,969 1471,972 1516,972 1560,972 1605,975 1650,975 1695,975 1739,972 1784,975 1829,975 1874,975 1918,972 1960,975"/>
                <TextEquiv>
                    <Unicode>gewiss nicht nur ein Aff, sondern auch ein boshafter</Unicode>
                </TextEquiv>
            </TextLine>
            <TextLine id="tr_2_tl_5" custom="readingOrder {index:4;}">
                <Coords points="562,1099 586,1090 602,1100 620,1093 659,1109 710,1095 708,1017 696,1021 680,1017 675,1024 623,984 602,984 576,973 558,977"/>
                <Baseline points="570,1050 614,1050 659,1053 704,1053 713,1050"/>
                <TextEquiv>
                    <Unicode>Aff.-</Unicode>
                </TextEquiv>
            </TextLine>
            <TextLine id="tr_2_tl_6" custom="readingOrder {index:5;}">
                <Coords points="558,1180 1902,1148 1855,1100 558,1100"/>
                <Baseline points="567,1137 611,1140 656,1143 701,1143 746,1143 790,1145 835,1145 880,1145 925,1143 969,1145 1014,1145 1059,1145 1104,1148 1148,1148 1193,1148 1238,1148 1283,1148 1328,1148 1372,1148 1417,1148 1462,1148 1507,1151 1551,1151 1596,1151 1641,1151 1686,1151 1730,1151 1775,1151 1820,1151 1865,1148 1906,1148"/>
                <TextEquiv>
                    <Unicode>Wie gehts Ihnen? Flieert die Arbeit munter fort? -</Unicode>
                </TextEquiv>
            </TextLine>
            <TextLine id="tr_2_tl_7" custom="readingOrder {index:6;}">
                <Coords points="548,1259 1925,1261 1915,1190 548,1194"/>
                <Baseline points="558,1235 602,1235 647,1235 692,1238 737,1238 781,1238 826,1238 871,1238 916,1238 960,1241 1005,1241 1050,1238 1095,1241 1140,1241 1184,1241 1229,1241 1274,1241 1319,1244 1363,1244 1408,1244 1453,1244 1498,1247 1542,1247 1587,1247 1632,1247 1677,1247 1721,1247 1766,1250 1811,1250 1856,1250 1901,1250 1930,1250"/>
                <TextEquiv>
                    <Unicode>Dass Ihnen das Stück sich versagen könnte, ist ganz</Unicode>
                </TextEquiv>
            </TextLine>
            <TextLine id="tr_2_tl_8" custom="readingOrder {index:7;}">
                <Coords points="558,1360 1943,1362 1943,1279 1879,1272 1265,1305 558,1272"/>
                <Baseline points="567,1328 611,1328 656,1328 701,1328 746,1328 790,1331 835,1331 880,1331 925,1334 969,1331 1014,1331 1059,1334 1104,1334 1148,1334 1193,1334 1238,1334 1283,1334 1328,1334 1372,1334 1417,1336 1462,1336 1507,1336 1551,1336 1596,1336 1641,1336 1686,1336 1730,1339 1775,1342 1820,1342 1865,1339 1909,1339 1945,1342"/>
                <TextEquiv>
                    <Unicode>unmöglich; es geht in so reiner Linie vorwärts, dass</Unicode>
                </TextEquiv>
            </TextLine>
            <TextLine id="tr_2_tl_9" custom="readingOrder {index:8;}">
                <Coords points="555,1431 1515,1431 1662,1484 1860,1470 1860,1395 1604,1351 1344,1388 555,1378"/>
                <Baseline points="564,1420 608,1417 653,1420 698,1420 743,1420 787,1420 832,1423 877,1420 922,1423 966,1423 1011,1423 1056,1423 1101,1423 1145,1423 1190,1426 1235,1426 1280,1426 1325,1426 1369,1426 1414,1426 1459,1426 1504,1429 1548,1429 1593,1429 1638,1429 1683,1432 1727,1432 1772,1432 1817,1432 1862,1432"/>
                <TextEquiv>
                    <Unicode>es xxx nur xxx mehr auf die rechte Stimmung an-</Unicode>
                </TextEquiv>
            </TextLine>
            <TextLine id="tr_2_tl_10" custom="readingOrder {index:9;}">
                <Coords points="546,1514 1531,1519 1779,1583 1904,1551 1893,1478 544,1454"/>
                <Baseline points="555,1507 599,1507 644,1510 689,1510 734,1510 778,1513 823,1510 868,1513 913,1513 957,1513 1002,1513 1047,1513 1092,1516 1137,1516 1181,1516 1226,1513 1271,1516 1316,1516 1360,1516 1405,1519 1450,1519 1495,1519 1539,1519 1584,1519 1629,1519 1674,1522 1718,1522 1763,1525 1808,1525 1853,1525 1898,1525 1909,1525"/>
                <TextEquiv>
                    <Unicode>kommt. Am Ende bringen Sie's schon vollendet nach</Unicode>
                </TextEquiv>
            </TextLine>
            <TextLine id="tr_2_tl_11" custom="readingOrder {index:10;}">
                <Coords points="542,1609 574,1609 597,1623 629,1611 641,1620 662,1609 678,1621 698,1609 738,1614 738,1521 714,1521 699,1533 691,1526 632,1530 616,1540 597,1540 586,1551 542,1537"/>
                <Baseline points="552,1599 596,1599 641,1599 686,1599 731,1602 743,1602"/>
                <TextEquiv>
                    <Unicode>Wien?-</Unicode>
                </TextEquiv>
            </TextLine>
            <TextLine id="tr_2_tl_12" custom="readingOrder {index:11;}">
                <Coords points="546,1706 1916,1729 1915,1657 1777,1632 1429,1667 1251,1613 544,1607"/>
                <Baseline points="555,1686 599,1689 644,1689 689,1692 734,1692 778,1692 823,1692 868,1692 913,1692 957,1692 1002,1692 1047,1692 1092,1695 1137,1695 1181,1695 1226,1695 1271,1695 1316,1698 1360,1698 1405,1698 1450,1698 1495,1698 1539,1698 1584,1701 1629,1701 1674,1701 1718,1701 1763,1701 1808,1704 1853,1704 1898,1710 1921,1710"/>
                <TextEquiv>
                    <Unicode>-Das Deutsche Theater braucht ungeheuer nothwendig</Unicode>
                </TextEquiv>
            </TextLine>
            <TextLine id="tr_2_tl_13" custom="readingOrder {index:12;}">
                <Coords points="539,1814 1840,1817 1840,1738 1180,1759 537,1710"/>
                <Baseline points="549,1778 593,1778 638,1778 683,1781 728,1781 772,1781 817,1781 862,1781 907,1781 952,1781 996,1781 1041,1784 1086,1784 1131,1784 1175,1787 1220,1784 1265,1784 1310,1784 1354,1787 1399,1787 1444,1787 1489,1790 1533,1790 1578,1790 1623,1793 1668,1793 1713,1793 1757,1793 1802,1793 1844,1796"/>
                <TextEquiv>
                    <Unicode>ein oder mehrere Stücke. Br. hat so gut wie gar</Unicode>
                </TextEquiv>
            </TextLine>
            <TextLine id="tr_2_tl_14" custom="readingOrder {index:13;}">
                <Coords points="539,1902 1867,1902 1865,1828 1795,1807 1568,1800 1397,1846 1039,1807 537,1835"/>
                <Baseline points="546,1868 590,1868 635,1868 680,1868 725,1871 769,1871 814,1871 859,1871 904,1874 949,1874 993,1874 1038,1874 1083,1874 1128,1874 1172,1874 1217,1877 1262,1877 1307,1877 1351,1877 1396,1877 1441,1880 1486,1880 1530,1880 1575,1880 1620,1880 1665,1880 1710,1880 1754,1883 1799,1883 1844,1883 1871,1883"/>
                <TextEquiv>
                    <Unicode>nichts. Meines will ich in jedem Fall zuerst in</Unicode>
                </TextEquiv>
            </TextLine>
            <TextLine id="tr_2_tl_15" custom="readingOrder {index:14;}">
                <Coords points="540,2005 1890,1982 1888,1936 1830,1923 539,1902"/>
                <Baseline points="549,1957 593,1957 638,1960 683,1960 728,1960 772,1960 817,1960 862,1963 907,1963 952,1960 996,1963 1041,1963 1086,1963 1131,1963 1175,1963 1220,1963 1265,1966 1310,1966 1354,1966 1399,1966 1444,1966 1489,1969 1533,1966 1578,1966 1623,1969 1668,1969 1713,1969 1757,1972 1802,1969 1847,1969 1892,1972"/>
                <TextEquiv>
                    <Unicode>Wien spielen lassen; aber es eilt nicht. Ich habe</Unicode>
                </TextEquiv>
            </TextLine>
            <TextLine id="tr_2_tl_16" custom="readingOrder {index:15;}">
                <Coords points="537,2077 1874,2086 1931,2072 1929,1989 535,2015"/>
                <Baseline points="546,2053 590,2053 635,2053 680,2053 725,2053 769,2056 814,2056 859,2056 904,2056 949,2056 993,2056 1038,2056 1083,2059 1128,2059 1172,2062 1217,2062 1262,2062 1307,2062 1351,2062 1396,2062 1441,2062 1486,2062 1530,2065 1575,2065 1620,2068 1665,2065 1710,2068 1754,2071 1799,2071 1844,2071 1889,2071 1933,2071"/>
                <TextEquiv>
                    <Unicode>viel vor und möchte wohler, möcht ganz gesund sein.</Unicode>
                </TextEquiv>
            </TextLine>
            <TextLine id="tr_2_tl_17" custom="readingOrder {index:16;}">
                <Coords points="533,2199 588,2164 643,2185 680,2160 759,2180 871,2155 899,2178 931,2164 1028,2185 1185,2158 1185,2134 1028,2091 931,2089 844,2118 761,2100 620,2118 533,2077"/>
                <Baseline points="543,2145 587,2145 632,2148 677,2148 722,2148 766,2148 811,2148 856,2148 901,2148 946,2151 990,2148 1035,2148 1080,2151 1125,2154 1169,2154 1190,2157"/>
                <TextEquiv>
                    <Unicode>Von Herzen Ihr Arthur.</Unicode>
                </TextEquiv>
            </TextLine>
            <TextLine id="tr_2_tl_18" custom="readingOrder {index:17;}">
                <Coords points="1070,2243 1093,2240 1118,2256 1139,2241 1153,2243 1162,2250 1187,2252 1203,2266 1210,2263 1235,2273 1233,2178 1220,2180 1213,2174 1178,2190 1129,2183 1099,2197 1088,2190 1070,2194"/>
                <Baseline points="1080,2235 1125,2235 1169,2238 1214,2238 1238,2235"/>
                <TextEquiv>
                    <Unicode>=====</Unicode>
                </TextEquiv>
            </TextLine>
        </TextRegion>
        <TextRegion id="tr_1" custom="readingOrder {index:1;}">
            <Coords points="2769,585 4195,585 4195,2525 2769,2525"/>
            <TextLine id="tr_1_tl_1" custom="readingOrder {index:0;}">
                <Coords points="3308,638 3324,636 3347,648 3365,638 3377,646 3398,641 3398,535 3375,530 3336,558 3328,555 3308,558"/>
                <Baseline points="3318,635 3363,635 3402,635"/>
                <TextEquiv>
                    <Unicode>81</Unicode>
                </TextEquiv>
            </TextLine>
            <TextLine id="tr_1_tl_2" custom="readingOrder {index:1;}">
                <Coords points="4001,654 4013,650 4025,662 4038,664 4061,661 4071,654 4082,664 4092,661 4103,669 4114,669 4117,546 4098,544 4075,553 4069,548 4039,551 4034,546 4004,549"/>
                <Baseline points="4010,650 4055,650 4100,647 4118,650"/>
                <TextEquiv>
                    <Unicode>103</Unicode>
                </TextEquiv>
            </TextLine>
            <TextLine id="tr_1_tl_3" custom="readingOrder {index:2;}">
                <Coords points="2762,671 2875,692 2981,676 3033,710 3064,698 3107,710 3144,684 3170,692 3170,593 3077,625 3013,601 2902,639 2826,611 2782,631 2762,622"/>
                <Baseline points="2772,662 2817,665 2861,662 2906,665 2951,665 2996,665 3041,662 3085,662 3130,662 3175,665"/>
                <TextEquiv>
                    <Unicode>A.S. an H.v.H.</Unicode>
                </TextEquiv>
            </TextLine>
            <TextLine id="tr_1_tl_4" custom="readingOrder {index:3;}">
                <Coords points="3130,756 3239,767 3359,752 3435,774 3543,754 3644,767 3644,719 3603,698 3402,692 3345,726 3280,738 3186,692 3130,689"/>
                <Baseline points="3139,743 3184,746 3229,746 3273,752 3318,749 3363,749 3408,749 3452,746 3497,746 3542,746 3587,746 3631,749 3649,749"/>
                <TextEquiv>
                    <Unicode>Wien, 23.3.1900.</Unicode>
                </TextEquiv>
            </TextLine>
            <TextLine id="tr_1_tl_5" custom="readingOrder {index:4;}">
                <Coords points="3723,795 4084,793 4085,740 4041,742 4011,726 3976,740 3919,733 3895,751 3831,729 3725,737"/>
                <Baseline points="3733,784 3775,784 3819,781 3864,781 3909,784 3954,781 3999,778 4043,778 4088,778"/>
                <TextEquiv>
                    <Unicode>(nach Paris)</Unicode>
                </TextEquiv>
            </TextLine>
            <TextLine id="tr_1_tl_6" custom="readingOrder {index:5;}">
                <Coords points="2759,871 2928,883 3091,835 4108,844 4108,784 3026,811 2759,768"/>
                <Baseline points="2769,838 2814,838 2859,838 2903,838 2948,838 2993,835 3038,835 3082,835 3127,835 3172,835 3217,835 3261,835 3306,835 3351,835 3396,832 3440,835 3485,832 3530,832 3575,832 3620,832 3664,829 3709,829 3754,832 3799,829 3843,829 3888,829 3933,829 3978,829 4022,826 4067,826 4112,826"/>
                <TextEquiv>
                    <Unicode>Mein lieber Hugo, Sie haben mich recht lang warten</Unicode>
                </TextEquiv>
            </TextLine>
            <TextLine id="tr_1_tl_7" custom="readingOrder {index:6;}">
                <Coords points="2766,945 4156,940 4156,871 3787,888 3649,843 3388,887 2766,880"/>
                <Baseline points="2775,919 2817,922 2861,922 2906,922 2951,922 2996,919 3041,919 3085,919 3130,919 3175,919 3220,916 3264,916 3309,916 3354,916 3399,916 3443,916 3488,913 3533,913 3578,913 3622,913 3667,913 3712,913 3757,910 3802,910 3846,910 3891,910 3936,910 3981,910 4025,907 4070,907 4115,907 4160,901"/>
                <TextEquiv>
                    <Unicode>lassen, aber was Sie mir schreiben ist alles erfreu-</Unicode>
                </TextEquiv>
            </TextLine>
            <TextLine id="tr_1_tl_8" custom="readingOrder {index:7;}">
                <Coords points="2766,1021 4078,1024 4182,1009 4184,936 2768,971"/>
                <Baseline points="2775,1011 2799,1011 2844,1011 2888,1008 2933,1008 2978,1008 3023,1008 3067,1008 3112,1008 3157,1008 3202,1008 3246,1005 3291,1008 3336,1005 3381,1005 3426,1005 3470,1005 3515,1002 3560,1002 3605,1002 3649,999 3694,999 3739,999 3784,999 3828,999 3873,999 3918,999 3963,996 4007,996 4052,996 4097,996 4142,996 4187,993"/>
                <TextEquiv>
                    <Unicode>lich und schön, und so hab ich es erwartet. Der kleine</Unicode>
                </TextEquiv>
            </TextLine>
            <TextLine id="tr_1_tl_9" custom="readingOrder {index:8;}">
                <Coords points="2775,1116 3315,1090 3457,1125 3843,1083 3930,1116 4160,1090 4160,1042 2775,1058"/>
                <Baseline points="2784,1092 2820,1092 2864,1092 2909,1092 2954,1092 2999,1089 3044,1089 3088,1089 3133,1089 3178,1089 3223,1089 3267,1089 3312,1089 3357,1086 3402,1086 3446,1086 3491,1086 3536,1086 3581,1083 3625,1083 3670,1080 3715,1080 3760,1080 3805,1080 3849,1080 3894,1080 3939,1080 3984,1083 4028,1080 4073,1077 4118,1077 4163,1077"/>
                <TextEquiv>
                    <Unicode>Ort heisst Vileines oder Vilaines - bei Poissy, wenn</Unicode>
                </TextEquiv>
            </TextLine>
            <TextLine id="tr_1_tl_10" custom="readingOrder {index:9;}">
                <Coords points="2766,1175 4110,1171 4110,1111 2766,1137"/>
                <Baseline points="2775,1169 2817,1166 2861,1166 2906,1166 2951,1166 2996,1163 3041,1163 3085,1163 3130,1163 3175,1160 3220,1160 3264,1160 3309,1160 3354,1160 3399,1160 3443,1160 3488,1160 3533,1157 3578,1157 3622,1157 3667,1154 3712,1154 3757,1154 3802,1154 3846,1154 3891,1151 3936,1151 3981,1151 4025,1151 4070,1151 4115,1151"/>
                <TextEquiv>
                    <Unicode>mich nicht die Erinnerung trügt, an der Marne. Ich</Unicode>
                </TextEquiv>
            </TextLine>
            <TextLine id="tr_1_tl_11" custom="readingOrder {index:10;}">
                <Coords points="2766,1263 4115,1273 4160,1261 4160,1208 2766,1219"/>
                <Baseline points="2775,1253 2820,1253 2864,1253 2909,1253 2954,1253 2999,1253 3044,1253 3088,1253 3133,1250 3178,1250 3223,1247 3267,1247 3312,1247 3357,1247 3402,1247 3446,1247 3491,1244 3536,1244 3581,1244 3625,1244 3670,1241 3715,1241 3760,1241 3805,1241 3849,1238 3894,1238 3939,1235 3984,1235 4028,1235 4073,1238 4118,1238 4163,1238"/>
                <TextEquiv>
                    <Unicode>kann nie an jene Stunde zurückdenken, ohne dass sich</Unicode>
                </TextEquiv>
            </TextLine>
            <TextLine id="tr_1_tl_12" custom="readingOrder {index:11;}">
                <Coords points="2766,1346 4108,1344 4152,1337 4154,1265 2766,1311"/>
                <Baseline points="2775,1339 2814,1339 2859,1339 2903,1339 2948,1336 2993,1336 3038,1336 3082,1336 3127,1334 3172,1334 3217,1334 3261,1331 3306,1331 3351,1328 3396,1331 3440,1331 3485,1328 3530,1328 3575,1328 3620,1328 3664,1328 3709,1328 3754,1325 3799,1325 3843,1325 3888,1322 3933,1322 3978,1319 4022,1319 4067,1319 4112,1316 4157,1316"/>
                <TextEquiv>
                    <Unicode>mein ganzes Wesen mit einem unbegreiflichen Schauer</Unicode>
                </TextEquiv>
            </TextLine>
            <TextLine id="tr_1_tl_13" custom="readingOrder {index:12;}">
                <Coords points="2775,1445 3999,1436 4186,1420 4188,1356 2777,1387"/>
                <Baseline points="2784,1420 2802,1420 2847,1420 2891,1420 2936,1420 2981,1417 3026,1417 3070,1414 3115,1414 3160,1411 3205,1411 3249,1411 3294,1411 3339,1411 3384,1408 3429,1408 3473,1408 3518,1405 3563,1408 3608,1405 3652,1405 3697,1405 3742,1402 3787,1402 3831,1402 3876,1402 3921,1399 3966,1399 4010,1396 4055,1396 4100,1396 4145,1396 4190,1393"/>
                <TextEquiv>
                    <Unicode>füllt, so als wenn ich dort es eigentlich schon hätte</Unicode>
                </TextEquiv>
            </TextLine>
            <TextLine id="tr_1_tl_14" custom="readingOrder {index:13;}">
                <Coords points="2775,1503 3287,1526 3469,1478 3963,1462 4124,1494 4182,1489 4182,1424 2777,1459"/>
                <Baseline points="2784,1489 2799,1489 2844,1486 2888,1486 2933,1486 2978,1486 3023,1486 3067,1483 3112,1483 3157,1483 3202,1480 3246,1480 3291,1480 3336,1480 3381,1477 3426,1477 3470,1474 3515,1474 3560,1474 3605,1471 3649,1471 3694,1471 3739,1471 3784,1468 3828,1468 3873,1468 3918,1465 3963,1462 4007,1462 4052,1462 4097,1462 4142,1462 4187,1459"/>
                <TextEquiv>
                    <Unicode>wissen müssen - oder gar - es gewusst hätte - ("dort</Unicode>
                </TextEquiv>
            </TextLine>
            <TextLine id="tr_1_tl_15" custom="readingOrder {index:14;}">
                <Coords points="2775,1593 4077,1590 4068,1507 3245,1547 2777,1519"/>
                <Baseline points="2784,1572 2829,1575 2873,1575 2918,1575 2963,1572 3008,1572 3052,1572 3097,1572 3142,1569 3187,1569 3232,1566 3276,1566 3321,1566 3366,1566 3411,1566 3455,1563 3500,1563 3545,1560 3590,1560 3634,1557 3679,1557 3724,1557 3769,1557 3813,1554 3858,1554 3903,1554 3948,1551 3993,1548 4037,1545 4082,1548"/>
                <TextEquiv>
                    <Unicode>wo wir an lichten Tagen nicht hineinschauen!").</Unicode>
                </TextEquiv>
            </TextLine>
            <TextLine id="tr_1_tl_16" custom="readingOrder {index:15;}">
                <Coords points="2766,1681 3471,1681 3640,1650 3866,1673 3888,1607 2768,1618"/>
                <Baseline points="2775,1662 2817,1662 2861,1662 2906,1662 2951,1662 2996,1662 3041,1659 3085,1659 3130,1659 3175,1659 3220,1659 3264,1656 3309,1656 3354,1653 3399,1653 3443,1653 3488,1650 3533,1650 3578,1647 3622,1647 3667,1647 3712,1644 3757,1644 3802,1644 3846,1644 3891,1644"/>
                <TextEquiv>
                    <Unicode>Ihr Brief kam grad am Morgen des 18.März.</Unicode>
                </TextEquiv>
            </TextLine>
            <TextLine id="tr_1_tl_17" custom="readingOrder {index:16;}">
                <Coords points="2777,1757 4135,1727 4158,1673 2778,1692"/>
                <Baseline points="2787,1742 2820,1745 2864,1745 2909,1742 2954,1742 2999,1739 3044,1739 3088,1736 3133,1736 3178,1736 3223,1736 3267,1736 3312,1733 3357,1730 3402,1730 3446,1730 3491,1730 3536,1727 3581,1724 3625,1724 3670,1721 3715,1721 3760,1721 3805,1718 3849,1718 3894,1718 3939,1716 3984,1716 4028,1716 4073,1713 4118,1713 4163,1713"/>
                <TextEquiv>
                    <Unicode>Ihr kleines Vorspiel, das ich sehr einfach und schön</Unicode>
                </TextEquiv>
            </TextLine>
            <TextLine id="tr_1_tl_18" custom="readingOrder {index:17;}">
                <Coords points="2771,1821 4098,1798 4099,1759 4008,1722 2771,1772"/>
                <Baseline points="2781,1805 2805,1805 2850,1805 2894,1805 2939,1802 2984,1802 3029,1802 3073,1799 3118,1799 3163,1799 3208,1796 3252,1796 3297,1796 3342,1793 3387,1790 3432,1790 3476,1787 3521,1787 3566,1784 3611,1781 3655,1781 3700,1781 3745,1781 3790,1778 3834,1778 3879,1775 3924,1775 3969,1775 4013,1775 4058,1772 4103,1775"/>
                <TextEquiv>
                    <Unicode>finde, habe ich gleich an Paul Goldmann (Berlin,</Unicode>
                </TextEquiv>
            </TextLine>
            <TextLine id="tr_1_tl_19" custom="readingOrder {index:18;}">
                <Coords points="2769,1931 4147,1886 4149,1817 3531,1802 2771,1858"/>
                <Baseline points="2781,1895 2811,1895 2856,1892 2900,1892 2945,1892 2990,1889 3035,1889 3079,1889 3124,1886 3169,1886 3214,1886 3258,1886 3303,1883 3348,1880 3393,1877 3437,1874 3482,1874 3527,1874 3572,1874 3617,1871 3661,1871 3706,1868 3751,1868 3796,1865 3840,1865 3885,1865 3930,1862 3975,1862 4019,1859 4064,1859 4109,1859 4154,1859"/>
                <TextEquiv>
                    <Unicode>Dessauerstrasse 19) geschickt, vielleicht schreiben</Unicode>
                </TextEquiv>
            </TextLine>
            <TextLine id="tr_1_tl_20" custom="readingOrder {index:19;}">
                <Coords points="2771,1989 2852,2005 2988,1991 3068,2014 3128,1991 3192,2006 3216,1985 3241,2003 3301,2003 3321,1983 3361,1998 3379,1991 3381,1932 3342,1920 3319,1938 3287,1920 3236,1943 3199,1922 2992,1961 2909,1941 2867,1959 2837,1943 2773,1952"/>
                <Baseline points="2781,1984 2802,1984 2847,1987 2891,1984 2936,1984 2981,1984 3026,1981 3070,1981 3115,1978 3160,1975 3205,1975 3249,1972 3294,1972 3339,1972 3384,1969"/>
                <TextEquiv>
                    <Unicode>Sie ihm auch ein Wort?</Unicode>
                </TextEquiv>
            </TextLine>
            <TextLine id="tr_1_tl_21" custom="readingOrder {index:20;}">
                <Coords points="2785,2081 4078,2067 4190,2042 4193,1968 2787,2044"/>
                <Baseline points="2796,2065 2808,2065 2853,2068 2897,2068 2942,2068 2987,2068 3032,2065 3076,2065 3121,2062 3166,2062 3211,2062 3255,2059 3300,2056 3345,2056 3390,2056 3434,2053 3479,2050 3524,2050 3569,2047 3614,2044 3658,2044 3703,2044 3748,2041 3793,2038 3837,2041 3882,2035 3927,2035 3972,2035 4016,2032 4061,2032 4106,2029 4151,2026 4195,2029"/>
                <TextEquiv>
                    <Unicode>- Wir leben hier noch in ewigem Winter. Schnee heut</Unicode>
                </TextEquiv>
            </TextLine>
            <TextLine id="tr_1_tl_22" custom="readingOrder {index:21;}">
                <Coords points="2771,2165 3455,2172 3605,2132 3963,2164 4179,2141 4181,2081 2773,2086"/>
                <Baseline points="2781,2154 2796,2154 2841,2157 2885,2154 2930,2154 2975,2151 3020,2151 3064,2151 3109,2151 3154,2148 3199,2145 3243,2145 3288,2145 3333,2142 3378,2142 3423,2139 3467,2136 3512,2136 3557,2133 3602,2133 3646,2130 3691,2130 3736,2127 3781,2127 3825,2124 3870,2124 3915,2121 3960,2121 4004,2121 4049,2118 4094,2118 4139,2115 4184,2115"/>
                <TextEquiv>
                    <Unicode>Nacht!- Und Wind, Regen, Kot. Es ist abscheulich. Ich</Unicode>
                </TextEquiv>
            </TextLine>
            <TextLine id="tr_1_tl_23" custom="readingOrder {index:22;}">
                <Coords points="2780,2261 4184,2234 4186,2171 3419,2162 2782,2213"/>
                <Baseline points="2790,2247 2799,2250 2844,2250 2888,2247 2933,2247 2978,2244 3023,2244 3067,2241 3112,2241 3157,2238 3202,2238 3246,2235 3291,2235 3336,2235 3381,2232 3426,2229 3470,2229 3515,2226 3560,2223 3605,2223 3649,2223 3694,2220 3739,2220 3784,2217 3828,2217 3873,2214 3918,2214 3963,2214 4007,2211 4052,2211 4097,2208 4142,2208 4187,2211"/>
                <TextEquiv>
                    <Unicode>will in den nächsten Tagen ein bisschen in den Süden</Unicode>
                </TextEquiv>
            </TextLine>
            <TextLine id="tr_1_tl_24" custom="readingOrder {index:23;}">
                <Coords points="2780,2333 3822,2335 4119,2305 4121,2231 3850,2271 2782,2275"/>
                <Baseline points="2790,2330 2826,2330 2870,2330 2915,2330 2960,2327 3005,2327 3050,2324 3094,2324 3139,2324 3184,2321 3229,2321 3273,2318 3318,2318 3363,2315 3408,2315 3452,2312 3497,2312 3542,2309 3587,2306 3631,2306 3676,2306 3721,2303 3766,2303 3811,2300 3855,2300 3900,2297 3945,2297 3990,2297 4034,2294 4079,2291 4124,2294"/>
                <TextEquiv>
                    <Unicode>fahren, bis Ragusa. Nicht mit rechter Freude. Aber</Unicode>
                </TextEquiv>
            </TextLine>
            <TextLine id="tr_1_tl_25" custom="readingOrder {index:24;}">
                <Coords points="2780,2448 4052,2414 4126,2395 4128,2314 3527,2372 3063,2342 2782,2392"/>
                <Baseline points="2790,2426 2832,2423 2876,2423 2921,2420 2966,2417 3011,2420 3055,2414 3100,2414 3145,2414 3190,2411 3235,2411 3279,2411 3324,2408 3369,2405 3414,2402 3458,2402 3503,2402 3548,2402 3593,2399 3637,2396 3682,2396 3727,2396 3772,2393 3816,2393 3861,2390 3906,2390 3951,2390 3996,2387 4040,2384 4085,2384 4130,2384"/>
                <TextEquiv>
                    <Unicode>ich hab auch immer Katarrhe, jetzt noch dazu dumme</Unicode>
                </TextEquiv>
            </TextLine>
            <TextLine id="tr_1_tl_26" custom="readingOrder {index:25;}">
                <Coords points="2775,2568 3103,2506 3969,2528 4119,2494 4119,2455 3038,2434 2777,2475"/>
                <Baseline points="2787,2512 2826,2515 2870,2512 2915,2509 2960,2509 3005,2509 3050,2506 3094,2506 3139,2506 3184,2506 3229,2503 3273,2503 3318,2503 3363,2500 3408,2500 3452,2497 3497,2497 3542,2500 3587,2497 3631,2497 3676,2500 3721,2497 3766,2497 3811,2494 3855,2497 3900,2494 3945,2494 3990,2491 4034,2491 4079,2491 4124,2488"/>
                <TextEquiv>
                    <Unicode>Geschichten mit plombierten Zähnen, dazu alles an-</Unicode>
                </TextEquiv>
            </TextLine>
        </TextRegion>
    </Page>
</PcGts>
