4501 3432
459 701 865 804 A.S. an H.v.H.
1684 720 1779 799 39
945 780 1039 871 37
1127 799 1526 900 Ischl, 17.8.95.
465 880 1740 969 Mein lieber Hugo, Ihren Brief habe ich zum Zu-
467 954 1673 1006 rückkommen aus Wien gefunden. Dort bin ich 2
470 963 1782 1053 Tage gewesen und habe die Marionetten in Venedig
469 1035 1729 1081 und Hänsel und Gretel gesehen. An einzelne von
461 1076 1797 1131 diesen Marionetten danke ich zurück wie an leben-
463 1114 1777 1166 dige Schauspieler, die sich auch an mich erinnern
461 1159 1788 1205 müssen. Im übrigen ist Wien jetzt dumpf und übel-
463 1201 1801 1253 riechend und es ist gut, dass ich wieder weg konn-
461 1242 1738 1292 te. In Ischl bleib ich nur bis Montag. Dann fahr
463 1279 1839 1343 ich per Rad nach Salzburg, mit Salten. Auch Richard,
461 1330 1843 1384 dem ich Ihre Kränkung bestellt habe, kommt wohl hin
463 1371 1749 1428 und die Frau Lou wird schon dort sein, Wenn Sie
458 1410 1768 1474 mir gleich zwei Zeilen schreiben, so kann ich sie
452 1463 1742 1511 mir noch in Salzburg poste restante abholen und
780 1496 1716 1566 grosse Freude, „onnerstag radle ich
452 1506 788 1566 hätte eine g
458 1539 1788 1624 nämlich weiter, auf einen bisher noch nicht de-
458 1598 1683 1644 finitiv festgestellten Weg nach München,wo
461 1637 1716 1703 das Rendezvous mit Goldmannist. In M, bin ich
458 1681 1684 1729 bis mindestens 3. September (Briefe dahin auch
456 1708 1838 1771 poste restante, aber ich werd Ihnen von meine
452 1756 1731 1814 Radtour noch öfters ein paar Worte schreiben).
452 1799 1762 1856 Ich hab hier den ersten Akt zu Ende geschrie-
456 1841 1756 1902 ben und ein paar kleine Geschichten,an denen mir
456 1893 1797 1948 vielleicht schon manches gelungen ist. Sie wissen
470 1934 1708 1980 ja, meine grosse Sehnsucht: die sehr einfache
452 1967 1714 2022 Geschichte, die in sich selbst ganz fertig ist.
446 2007 1782 2076 Eine Flasche, die man ausgiesst, ohne dass es nach-
456 2066 1742 2116 tröpfeln darf und ohne dass was zurückbleibt.-
443 2085 1762 2162 Auch geht es mir heuer innerlich gut -es gelingt
437 2148 1703 2205 mir fast jedesmal kleine Eitelkeiten und gros-
446 2183 1827 2258 se Hypochondrien davonzujagen, wenn sie sich melden
443 2232 1731 2295 wollen. Im ganzen fühl ich mich in diesem Jahre
443 2268 1780 2336 um fünf Jahre jünger als im vorigen, was darin be-
448 2317 1786 2393 gründet ist, dass Ich in weniger falschen Verhält-
445 2358 1714 2426 nissen lebe als damals. Was Sie einmal von der
437 2400 1670 2469 Seele, die immer eine kindliche bleibt, sagten,
446 2415 1812 2515 fällt mir ein. Es mag sein, dass Altwerden wirklich
443 2494 1773 2563 nur eine Schwäche ist, von der man sich befreien
439 2544 1657 2618 kann, so lang man eben doch eigentlich
432 2577 1701 2666 nur 33 Jahre alt ist.-Leben Sie wohl, seien Sie
443 2648 1716 2731 herzlich gegrüsst und schreiben Sie eine Zeile
439 2683 904 2786 nach Salzs. Kr. a.
2729 684 3116 788 A.S.an H.v.H.
3952 714 4039 801 40
3234 766 3356 893 (38)
3461 793 3898 902 München, 1.9.95.
2723 878 4024 967 Lieber Hugo, Von Salzburg aus, wo Richard, Salten
2729 948 4015 1007 und die Salome zusammen waren, fuhren ich und S.
2725 983 4044 1048 per Rad davon. Das war sehr schön. Man hat schon
2732 1033 4092 1089 ganz aufgehört, so mitten durch Dörfer und Flecken
2729 1076 4096 1137 zu fahren, mitten durch das Leben und die Naivetät
2725 1109 4035 1166 eines Ortes. Von Stationen aus, wo sich naturge-
2720 1137 4129 1207 mäss künstliches sammelt, sieht man das alles schief.
2720 1192 4144 1253 Auch die Landstrassen werden wieder lebendig, wachen
2720 1231 4037 1293 auf, und man gehört mit zu den Erweckenden. Auch
2710 1269 4077 1327 Zufälle gibt es wieder, und, das beste, man hält den
2712 1310 4081 1378 Zug an, wo es beliebt, Dagegen fällt das mancherlei
2703 1358 4050 1415 unangenehme, dass es regnen kann und dass man nass
2708 1393 4017 1448 und kotig wird und stürzt, wenig ins Gewicht. Wir
2708 1439 4017 1493 hatten darunter genug zu leiden, mussten sogar in
2708 1478 4065 1535 einem Zollhaus stundenlang ein besseres Wetter ab-
2708 1522 3994 1574 warten. Amüsant war es, wie geräde an der xxxx
2714 1563 4118 1646 bayr. österr. Grenze, zwischen Reichenhall und Lofer,
2708 1607 4072 1660 Burckhardt auf einem Rad entgegenkam, der von Inns-
2710 1653 4089 1710 bruck nach Ischl fuhr. Bei diesem Menschen ist eine
2699 1703 4092 1760 Mischung von "reinem Toren" und gefinkeltem Diploma-
2705 1751 4063 1801 ten sehr interessant, welche mir immer zweifelloser
2699 1793 4120 1849 wird. Sein persönlicher Charme ist vielleicht dieses
2701 1836 4092 1897 Durchleuchtetwerden eines verworrenen bunten selbst
2699 1884 4063 1934 trüben Aeussern von innen her. Worüber noch eini-
2701 1922 4116 1987 ges zu sagen wäre. Hier, in M. bin ich seit Donners-
2696 1970 4053 2037 tag mit Paul Gldm. zusammen, der sehr gut aussieht,
2696 2015 4031 2066 aber mit Schicksal und Aufsichten wenig zufrieden
2696 2053 4170 2131 ist und insbesondere daran leidet, dass er seine eigene
2694 2105 4063 2151 Tätigkeit nicht genügend schätzt, weil sie nicht in
2696 2149 4160 2207 der wünschenswerten Weise anerkannt wird. Ist übrigens
2696 2196 4022 2247 wie immer voll Verstand, Verständnis, Herzlichkeit,
2696 2234 4179 2308 Freude am Schönen; wohltuend in dem was er bringt xxx
2690 2297 4009 2347 und in der Art, wie er aufnimmt. Seit gestern
2684 2321 4081 2406 Abend ist auch Richard da, und die Salome soll am 3.
2684 2382 3140 2439 oder 4 kommen.-
2705 2419 4113 2482 im Glaspalast ist sehr wenig gutes, viel mittelmässi-
2686 2470 4035 2529 ges und zu viel schlechtes. Viel mehr ist in der
2681 2522 3989 2603 Seoession zu sehen; manohes, das weit über den
