4442 3448
1420 610 1571 739 172
332 602 778 778 A. S. an H.v.H.
1534 743 1737 874 dire une
789 733 1478 882 Wien, 8.9.1906.
641 764 751 888 .
326 853 1822 973 Mein lieber Hugo, auch unser Sommer war gut. In Marien-
338 944 1787 1054 lyst waren wir volle sechs Wochen. Schöne Seebäder,
336 1038 1801 1166 höchst anmutige Waldspasiergänge, ein angenehmes Ho-
336 1135 1762 1249 tel, Schrieb ein fünfaktiges Stück, das natürlich vor-
336 1233 1795 1345 läufig nicht zu brauchen ist und von dem ich noch
332 1328 1806 1426 nicht weiss, wann ich es vollende. Auch einen Einakter
336 1422 1783 1503 hab ich ausführlich skizziert. Salten und Frau waren
334 1488 1762 1625 einen Nachmittag bei uns, mit Verwandten. Schon nach
330 1567 1839 1704 Erledigung der Umzugsfrage und daher in guter Stimmung.
332 1696 1768 1791 Ich freu mich sehr, dass er wieder zu uns kommt. Frau
330 1766 1878 1876 Fulda war ein paar Wochen in Marienlyst und blieb noch
324 1862 1855 1961 nach unserer Abreise. Meine Schwägerin war in Gillileye,
324 1944 1839 2071 nödlich von Marienlyst an offnen Meer, kam dann auf ein
326 2050 1658 2167 paar fage, mit Steinrück zu uns, wir fuhren genommen.
330 2133 1693 2252 gemeinschaftlich nach Kopenhagen. Sie ist jetzt in
324 2223 1608 2347 Görbersdorf, es geht ihr recht gut. Von Kopenhagen
318 2310 1612 2411 wurde Heini, dem das Meer sehr imponiert hat, und
318 2401 1442 2503 jetzt, wo er kann, mit seinen Reiseerlebnis
3723 664 3893 768 173
2613 660 3289 803 A.S. an H.v.H.
2606 735 4059 894 mit dem Fräulein nach Wien spediert. Wir Zwei fuh-
2613 836 4018 980 ren nach Heimar, das uns aufs tiefste ergriff. Fred.
2613 953 4072 1062 äusserst sympathisch, aber recht leidend, war ein paar
2609 1050 4045 1162 Tage mit uns zusamen. Von Weimar nach Ilmenau, auf
2623 1108 4051 1245 den Kickelhahn; von Ilmenau zu Wagen durch den reiz-
2631 1214 4022 1347 vollen Thüringer Wald über die Schnucke, nach Ober-
2623 1314 4007 1426 hof, das sich ganz alpenhaft gebärdet, gleich weiter
2619 1413 4005 1505 nach Eisenach, nach Nürnberg, wo wir das hübsche Ma-
2623 1480 3964 1612 rionettenthester von Braun sahen, und von da nach
2646 1586 3960 1700 Wien. Hier sind wir seit beinah drei Wochen. Olga
2625 1693 4020 1799 liess sich von Julius eine Kleinigkeit an den Küs-
2634 1739 4059 1872 sen operieren, so dass sie noch nicht Teunis spielen
2631 1870 4039 1984 kann. Ich hingegen sehr fleissig, beinah täglich.Mit
2640 1949 4065 2067 Wassermann, Agnes Speyer, Speidel und Frau, Arbeit we-
2633 2019 4028 2164 nig. Beschäftigt mit einem Stück, das ich schon vor
2642 2119 4022 2243 drei Jahren begonnen habe (modern).Morgen fahren
2631 2227 4074 2339 wir alle auf den Semmering für etwa 8 Tage. Es wäre
2636 2330 4055 2445 nicht unmöglich, dass ich für meinen Theil von dort
2696 2414 4018 2526 mich weiter wandere oder radle, vielleicht mit
3393 2492 3559 2631 2. Lasse
2636 2488 2982 2627 Wassermann in
