4513 3433
1839 553 1991 631 123a
602 625 977 719 A.S. an H.v.H.
1155 646 1261 756 90
1376 729 1692 821 21.10.1902.
625 795 1927 901 Lieber, Die Sandrock möchte den Tod des Tizian,
629 908 1980 993 wohl um ihn vorzulesen;-bitte sehr lassen Sie ihr
631 991 2008 1058 ein Exemplar senden.-Ich bin heut Früh aus Agneten-
625 1086 2010 1153 dorf gekommen, wo ich nach 6tägigem Berliner Aufent-
625 1173 2005 1249 halt, einen Tag mit Brahm bei Hauptmann sehr ange-
616 1259 1881 1319 nehm verbrachte.- Beatrice dürfte im Feber am
616 1334 1968 1415 Dtsch.Th.gespielt werden.-Monna Vanna ist ein aus-
616 1434 1950 1505 derordentliche Kassenerfolg. Die Aufführung lässt
620 1535 2024 1618 zu wünschen übrig. Haben Sie meinen Brief erhalten?
622 1607 1742 1703 -Schreiben Sie ein Wort, wies Ihnen geht.
609 1689 910 1789 Herzlichst
1251 1779 1432 1855 Ihr A.
4036 636 4145 738 121
3280 618 3471 761 (91)
2826 664 3236 788 A.S. an H.v.H.
3455 749 3861 864 Wien, 17.1.1903.
2831 858 4151 948 Mein lieber Hugo, zum zweiten Akt wäre vielleicht
3573 906 3651 959 wie
2835 940 4167 1031 noch folgendes zu bemerken: xxx wenn die Angst der
2844 1024 4220 1123 Verschworenen nicht ganz ohne konkrete Ursache ge-
2837 1120 4221 1205 wesen wäre? Unter den harmlosen Spaziergängern könn-
2840 1213 4122 1281 te irgend ein nicht ganz harmloser sein;-einer
2837 1270 4257 1392 von den Verschworenen auf die Strasse, greift ihn der
2831 1394 4107 1471 auf, tut ihn ab.(wie, ist Ihre Sache). Ich glaube,
2831 1464 4175 1544 mit 5-6 Zeilen ist das zu machen und Sie gewinnen
2837 1537 4165 1627 für den Zuschauer den Eindruck der wirklichen Ge-
2840 1636 4133 1713 fahr, befreien ihn von dem unbewussten, aber dem
2837 1734 4207 1805 ferneren Interesse nicht ganzbunschädlichen Aerger,
2835 1830 4011 1904 mit den Verschworenen aufgesessen zu sein.
2852 1899 4151 2008 „Wer einmal lügt, dem glaubt man nicht“, gehört in
2840 1989 4057 2095 gewissem Sinne zu den dramatischen Warnungen.
2840 2093 4163 2180 -Ferner: Sie steigern und vereinfachen den 3.Akt-
2837 2162 4151 2254 wenn Sie das Motiv der leidenschaftlichen Liebe
2835 2254 4091 2349 Jaffiers für seine Frau mindestens für einige
2837 2333 4124 2441 Augenblicke mit meinethalben übertriebener Hef-
2840 2416 4251 2531 tigkeit durchblitzen lassen. Es ist ja da, ich weiss-
