4501 3432
1664 702 1753 783 37
528 787 920 872 A.S. an H.v.H.
934 849 1082 943 36]
1140 888 1666 963 Marienbad, 10.5.95.
524 941 1762 1032 Mein lieber Hugo,ich bin in Prag gewesen, in
528 1030 1764 1084 Karlsbad und nun bin ich hier, wo ich wohl bis
528 1057 1824 1123 Ende der Woche oder Anfang der nächsten bleiben
536 1108 1890 1174 werde. Dann erscheine ich in Ischl, Pension Petter,
536 1163 1911 1217 wo ich hoffentlich eine Nachricht von Ihnen finden
533 1204 1806 1254 werde. Diese Zeilen werden in einer Dachkammer,
528 1250 1815 1295 nein, eigentlich in einem Dachsalon geschrieben-
536 1279 1849 1345 zwei Fenster mit ebenso vielen Aussichten; beide
531 1334 1764 1393 stehen offen und alles papierne auf dem Tisch
528 1375 1886 1433 flattert und knittert.- Ich hab mich schon an man
531 1428 1872 1481 chem schönen freuen können und fühle mich im gan-
531 1469 1817 1526 zen wohl, ohne in irgend einem Augenblick zu ei-
528 1496 1734 1563 nem Hochgefühl gekommen zu sein. In Prag das
531 1531 1783 1609 merkwürdigste ein alter jüdischer Friedhof, der
531 1586 1792 1663 langsam versinkt. Seit mehr als 100 Jahren be-
528 1629 1844 1700 gräbt man dort nicht mehr, und die Grabsteine und
520 1682 1783 1741 Sarkophage werden langsam von der Erde einge-
520 1728 1792 1782 schlürft. Einige sind noch zur Hälfte über dem
531 1771 1842 1833 Boden, von andern sieht man gerade noch die ober-
524 1801 1830 1876 sten Ränder.Alle dicht aneinander, viele schief,
528 1862 1758 1925 manche gegeneinander geneigt, sich gegenseitig
519 1895 1776 1957 stützend. Darüber stille nicht sehr hohe tief-
531 1941 1757 2014 grüne Bäume, mit so dichtem Laub, als wenn sie
531 1984 1792 2064 alle zusammen ein Dach sein wollten für diesen
528 2046 1107 2105 Friedhof, der stirbt.-
520 2066 1870 2146 Die othnographische Ausstellung: viel interessan-
533 2119 1732 2194 te Stuben und Costüme.- der Hradschin,da hat
519 2156 1814 2249 mir ein Führer erzählt, dass man im Volk in Prag
528 2208 1819 2275 den Kronprinzen Rudolf nicht für todt hält: ein
520 2259 1790 2322 Zutscher hat ihn im Jahr 91 sogar in die Aus-
522 2290 1892 2371 stellung geführt, ganz bestimmt, er hat ihn erkannt.
533 2345 1798 2416 - Ein Hofbediensteter, der gemessen und höflich
519 2375 1950 2467 erläutert, und der sich, wenn man ihm was unhöfisches
536 2430 1877 2505 passiert, schnell wieder derfangt. Z.B. wie er den
488 2480 1824 2545 Fensteretung berichtet: "Hier hat man die drei in
520 2522 1844 2609 den Graben hinunter geshhmissen, resp. henunterge-
513 2698 830 2790 nach sechs
3819 696 3915 766 38
2775 787 3149 877 A.S.an H.v.H.
3270 810 3377 899 (36)
2778 870 2984 947 worfen"
2783 897 4142 989 -In Karlsbad Wirkung der Kurgäste als Masse, wie
2771 973 4078 1032 jeder das seine beitragt zum Eindruck: Welt-
2778 1027 4082 1080 kurort;- aber man darf sie nicht einzeln ansehn,
2789 1069 4080 1117 wenn man das grosse spüren will -denn dann sinds
2771 1110 4101 1169 Hochstapler, Zuckerkranke, polnische Juden, Gigerln,
2780 1147 4089 1203 Besezny, Broda, Wilhelm&Sandrock -allerdings auch
2780 1190 4087 1247 bonnenthal (Uebergang,1, einige wirklich elegante
2775 1234 4085 1295 Menschen und ein paar entzückend schöne Amerika-
2771 1277 4009 1332 nerinnen. -Ich bin aus K. bald fort -man kann
2778 1313 4133 1391 dort nur zwei Tage oder vier Wochen bleiben.-Hier,
2780 1371 4009 1426 in Marienbad, ist es behaglicher, und die Leute
2780 1414 4114 1467 die hier sind, sind nicht so stolz darauf, dass sie
2780 1451 4167 1524 da sind, wie in Karlsbad. - Ein grosser freundlicher
2780 1501 4082 1558 Park, in dem hohe schöne Häuser stehen, die lauter
2775 1547 4082 1609 Hotels sind, und ringsherum bescheidene Hügel, die
2780 1588 4084 1654 sich freuen, weil man breite Wege zu ihnen hinge-
2778 1631 4133 1698 führt hat, und Wälder, die sich freuen, weil so brave
2780 1675 4007 1744 dicke Menschen in ihnen spazieren gehen; auch
2778 1725 4034 1790 die Wirte und Kellner un Dienstmänner lächeln
2771 1758 4085 1830 hier; während sie in K. alle sehr ernst sind und
2778 1812 4036 1874 ihrer Würde nie vergessen können.-Hier hab ich
2771 1842 4167 1925 Hänsl und Gretl im Theater gesehen, in K. den Armen
2780 1893 3979 1954 Jonathan, in Prag (böhmisch) Dimitrij, Oper von
2771 1920 4007 2012 Dworak und (deutsch) -Attaché mit Hartmann und
2775 1991 3309 2055 Kallina als Gästen.
2780 2002 4140 2089 Heut fuhr ich nach Franzensbad hinüber. Leben Sie
2780 2052 4059 2128 wohl,sagen Sie mir, wie Sie sich befinden, ob Sie
2778 2091 4156 2174 sich immer mehr nach dem Herbst sehnen und schrei-
2778 2142 4142 2219 ben Sie mehr sehr bald. Zum arbeiten bin ich noch
2778 2187 4105 2275 nicht gekommen; Sie? - Aber ich freu mich darauf,
2776 2245 3730 2330 und das ist eigentlich viel besser.
3041 2282 3492 2359 Herzlichen Gruss
3474 2295 3567 2378 Ihr
3581 2338 3785 2430 Arthur.
2773 2702 3053 2787 nach Daczo.
