4520 3432
1748 699 1830 785 92
554 744 965 850 A.S. an H.v.H.
1047 766 1162 910 74
1427 809 1639 895 6.7.99.
565 872 1947 1021 Lieber Hugo, folgendes ist mit vollkommener Diskre-
571 1021 1083 1129 tion zu behandeln:
580 1073 1938 1237 Bahr verlässt die Zeit. Singer und Kanner waren
584 1159 1940 1304 bei mir. Lange Unterredung ohne Interesse für Sie
597 1267 2092 1402 (nur mich.) Das Wesentliche: sie möchten auf das Blatt
590 1389 1942 1488 stellen: unter Mitwirkung von- etc. etc. nur erste
595 1492 1990 1605 Namen, ich möchte Sie fragen, ob Sie im Prinzip damit
604 1581 1890 1702 einverstanden wären, auch als "Mitwirkender" oder
623 1655 1957 1774 "ständig Mitwirkender" aufs Blatt zu kommen, neben
610 1752 1973 1871 Burckhardt.mich.-event. Hauptmann (an den ich mich
603 1853 2000 1970 über Brahm wende). Sie können natürlich ohneweiters
616 1949 1996 2046 zusagen. Für die Herausgeber scheint mir die Sache
616 2005 2003 2169 allerdings überflüssig : sie brauchten Arbeitskräf-
625 2165 1062 2254 te, nicht Namen.-
629 2206 1940 2347 Ich bin noch hier ; und will über meine Stimmung
625 2273 1981 2383 nichts sagen, da nichts Neues und nicht Erfreuli-
629 2345 2079 2483 ches vorliegt. Gerade dass sich das Leben da und dort
627 2427 2094 2591 wieder zu melden anfängt, ist das traurige; es ist ein
3999 696 4085 781 93
3398 694 3523 828 74
2810 731 3205 835 A.S. an H.v.H.
2810 802 3990 930 Leben dritter Ordnung, das Beste ist vorbei.
2823 874 4252 995 Das Wetter ist schändlich. Mitte Juli reise ich nach
2818 984 4202 1090 Kärnten; zuerst Velden, dann zu Richard, von dem ich
2823 1075 4226 1185 eine kurze Karte habe. Hat sich in den Chancen für
2825 1177 4226 1296 Mitte August (Thüringen etc.) was geändert? - Arbei-
2838 1263 3636 1388 ten Sie? Sehen Sie Minnie?-
2835 1386 3543 1473 Leben Sie wohl, von Herzen
3541 1443 3646 1548 Ihr
3655 1518 3977 1609 Arthur Sch.
