4480 3466
1604 720 1720 821 186
387 733 797 842 A.S. an H.v.H.
918 802 1159 918 123 121
1285 817 1586 924 15.5.1910.
387 913 1733 991 Lieber Hugo, ich gratuliere herzlichst; es war ein
393 997 1752 1088 schöner Abend. Die Umarbeitung find ich in der An-
393 1086 1855 1216 lage famos, aber an einzelnen Stellen noch nicht voll-
389 1187 1892 1283 kommen fertig. Vielleicht ist es nur ein halbes Dutzend
387 1272 1799 1369 Worte der Christina, die mir fehlen - und vielleicht
396 1367 1778 1481 fehlen sie mir nur, weil ich von dieser anmutvollen
393 1464 1769 1548 Gestalt noch irgend etwas vernehmen möchte,ehe sie
393 1554 1634 1640 aus der schönen Welt dieser Komödie scheidet.
400 1649 1872 1748 Wir reisen Dienstag in die Schweiz auf circa drei Wo-
393 1730 1877 1816 chen. Und sehen Sie hoffentlich bald nach unserer Rück-
387 1806 554 1919 kehr.
527 1887 1350 1999 Viele Grüsse von Haus zu Haus
849 2005 957 2094 Ihr
1010 2068 1100 2180 A.
3402 711 3540 827 122
2693 718 3108 853 A.S. an H.v.H.
3802 716 3929 830 187
2691 795 3504 939 XVIII. Sternwartestr. 71.
3645 819 3951 926 30.7.1910.
2691 914 4067 1017 Mein lieber Hugo. Sie sehen: wir sind schon übersie-
2700 1000 4043 1118 delt-und das sind auch schon wieder fast drei Wo-
2702 1109 4043 1189 chen her, natürlich gings recht allmählig, und auch
2708 1176 4064 1300 jetzt sind wir noch nicht in völliger Ordnung. Aber
2691 1268 4047 1389 mein Arbeitszimmer ist längst so wohnlich, dass es
2687 1363 4071 1460 kaum einen rechten Grund gibt das Stückeschreiben
2687 1453 4043 1558 länger hinauszuschieben. Uebrigens war ich zweimal
2693 1546 3992 1636 fort, auf dem Semmering, mit Olga und Heini, knapp
2685 1625 4032 1735 vor dem Umzug; und jetzt wieder ein paar Tage al-
2687 1713 4062 1821 lein auf dem Semmering, viel mit Brahm zusammen; mit
2678 1810 4062 1915 Frau Jonas, mit Kainz (der, wenn alles gut geht, bald
2680 1892 4064 2012 wieder eine neue Rolle von mir spielen dürfte.) Vom
2678 1992 4078 2106 Semmering aus hab ich eine Fusspartie gemacht (den-
2676 2074 4107 2190 ken Sie, mein Rad hab ich-verschenkt.) über den Sonn-
2678 2173 4067 2276 wendstein, ins Otterthal, über Kirchberg,Aspang nach
2661 2263 3989 2362 Mönichktrohen- etwas ganz besonders schönes, von
2672 2352 4105 2463 österreichischer unberühmtheit; ich hatte mich jahre-
3127 2418 3312 2478 kennen
2661 2442 4011 2547 lang gesehnt, es zu lernen, so dass es ein
2659 2541 4054 2644 Witzwort unsres Hauses, besonders Heinig zu werden
