4501 3432
1652 576 1744 705 49
246 657 636 783 A.S.an H.v.H.
773 692 914 809 45
1213 730 1507 822 Anfang 97.
939 784 1131 875 Münnie
260 822 1618 961 Lieber Hugo, ich habe der xxx telephoniert: wann
256 897 1742 1038 morgen Probe sei, sie antwortete: noch nicht bestimmt,
267 991 1753 1127 wahrscheinlich 16; dann fragte ich, ob sie heut zu W.'s
267 1114 1375 1230 komme, worauf sie sagte, sie glaube nicht.
265 1178 1686 1330 Damit war das Gespräch ("Also auf Wiedersehen" (ich)
282 1326 514 1409 beendet.
280 1338 1706 1499 Ich gehe also nicht zu W.'s. Die Möglichkeit ist zu
293 1443 1791 1601 bedenken. dass sie nur nicht will, dass ich heut hinaus -
293 1554 1665 1680 komme. Vielleicht haben Sie irgend eine Nachricht.
299 1625 1744 1782 Wollen Sie noch was wissen, so können Sie mir wohl zu
295 1710 1661 1866 Loebs telef. Ich bleibe dort wohl bis 1/2 oder 5,
305 1795 1772 1981 dann geh ich zu mir nach Haus. Spät Abde. (½11 denk
305 1955 959 2073 ich) bin ich im Pucher.
632 2015 1193 2156 Herzlichst der Ihre
1183 2071 1400 2180 Arthur.
929 2195 1063 2269 B.
2639 673 3027 764 A.S.an H.v.H.
3287 672 3428 794 (46)
3851 715 3939 815 50
2643 756 3458 877 (Aus der Redaktion "Die Zeit")
3437 875 3808 978 Wien, 12.3.97.
2626 961 4086 1065 Lieber Hugo, vielleicht könnten Sie sich doch entschli¬
2617 1055 3998 1172 sen bei dieser Veranstaltung zu lesen. Ich thät es
2611 1138 4011 1260 hundertmal lieber, wenn Sie dabei wären. Das ist na-
2617 1215 3939 1343 türlich kein Grund. Aber Sie wissen ganz gut, die
2606 1315 4086 1449 Leute würd es sehr interessieren und, xxx man schon von
3612 1332 3727 1392 wenn
2596 1426 4092 1539 solchen Sachen sprechen soll, "schaden" werden Sie sich
2590 1522 3998 1620 nicht, sondern die Menschen werden nur das Bedürfnis
2590 1608 3941 1719 haben, Ihre Gedichte schön zu finden, auch wenn sie
2592 1701 4030 1815 ihnen nicht gefallen. Ich will jetzt eben zu Hirsch-
2579 1795 3988 1898 feld gehen, dass er vielleicht auch vorliest - schon
2577 1891 3990 1981 um das „Junge “Jung-Wien“-Geplausch zu paralysieren.-
2568 1964 3618 2101 Antworten Sie mir vielleicht ein Wort.
2560 2056 4073 2190 Mir wäre vielleicht eine Verschiebung zum Sommer lieb.
2566 2156 3255 2256 Was soll ich denn lesen?
2769 2241 3168 2335 Herzlichst Ihr
3176 2299 3390 2408 Arthur.
2545 2385 3781 2481 Bahr grüsst Sie, Hirschfeld ist einverstanden.
3170 2478 3298 2555 ====
