4484 3432
1428 203 1635 310 1 „ „
1738 683 1836 766 25
482 689 860 788 A.S.an H.v.H.
1253 758 1603 873 Wien,2.8.93.
986 762 1093 869 26
485 862 1923 943 Mein lieber Hugo, ich las Ihren Brief an Salten, Dass
485 924 1900 991 Sie nicht in München, wusste ich, da ich Bahr sprach.
487 971 1844 1035 Sie wollen im September hin? Nicht unmöglich, dass
487 1006 1913 1067 ich mich anschliesse ; denn ich habe zur Waffenübung
485 1046 1994 1129 keine Einberufung bekommen, und dürfte auch voraussicht-
487 1108 1176 1161 lich keine mehr erhalten.
489 1123 1956 1202 Vorläufig bleibe ich in Wien; Mitte August fahre ich
493 1180 1838 1247 vielleicht mit Mama weg, mache auch eventuell eine
485 1223 1940 1300 Bioykletour mit Salten. Sie müssen Bic. fahren ler-
487 1279 1893 1343 nen ; ebenso wie Richard ; es ist wirklich ein gros-
487 1315 1973 1386 ses Vergnügen.- Wien bietet mir jetzt einiges zu thun;
485 1366 1868 1426 eine kleine Cousine von mir ist schwer krank;  die
491 1403 1866 1475 besuch ich 1,2,3 Mal im Tag; dann ab und zu irgend
485 1443 1943 1522 was anderes aerztliches, so dass die Zeit zersplittert
487 1490 1893 1558 ist. Abends zuweilen auf dem Kahlenberg,wo Mama und
485 1529 1964 1603 Schwester wohnen oder mit dem Bic. da xx oder dorthin.
542 1580 1925 1644 Die „lustige“ Novelle hab ich bis auf wenige Zeilen
485 1618 1840 1695 beendet, die ich erst schreiben kann, wenn ich Lust
493 1659 1900 1742 bekomme, das ganze Zeug wieder durchzulesen. Was ich
485 1712 1945 1776 zunächst schreiben werde ist unklar.- Am liebsten eins
487 1759 1874 1825 meiner im Umrissfertigen Gektigen Stücke; aber ich
485 1787 1893 1868 stehe der dramatischen Kunst unglaublich mutlos ge-
491 1847 1840 1913 genüber; ja ich hatte in der letzten Zeit oft die
478 1879 1836 1966 Empfindung, dass ich überhaupt nie ein gutes Stück
485 1930 1985 1998 werde schreiben können. Gestalten und Szenenm, einzelne,
491 1972 1968 2066 wären da; aber mir ist, als hätt ich jedes strategische
478 2019 1827 2086 Talent verloren. Vielleicht habt' ichs auch nie
482 2064 1953 2126 und hab nur aus meinen kleinen Schmerzen die grossen
485 2111 1793 2171 Dreiakter machen können; und seit meinen grossen
483 2145 1868 2224 Schmerzen werden mir nur die kleinen Hovellettchen
487 2194 1872 2276 gelingen. Wie leicht, wie mühelos hab ich vor 10,12
491 2248 1970 2316 Jahren geschrieben, - es kam zwar nie was Gutes heraus;
487 2282 1857 2359 aber ich war damals vielleicht ein echterer "Poet"
487 2323 1814 2404 als heut. Denn heut nagen an meiner Poesie viele
485 2399 1129 2451 Würmer, z. B. das Leben.-
531 2419 1923 2491 Wollen Sie mir nicht Ihre Pläne für den Rest
478 2476 1926 2543 des Sommere mittheilen. Es ist nicht unmöglich, dass
483 2515 1868 2621 wir uns begegnen können. Jedenfalls schreiben Sie
4020 643 4112 726 26
2750 662 3129 749 A.S.an H.v.H.
3311 672 3414 756 (20)
2747 764 4146 818 mir einige Zeilen- oder Seiten, was mir lieber wäre.
2752 811 4077 865 Beleuchten Sie mit einem "Flähmchen" die ganze
2750 858 3006 931 Umgebung.
3042 863 3527 967 Herzlich der Ihre
3302 929 3497 1010 Arthur.
