4484 3432
1697 649 1782 731 19
363 718 732 819 A.S. an H.v.H.
1279 740 1582 841 9.11.1892.
891 758 1014 871 20
361 855 758 934 Liebster Hugo,
372 868 1739 983 zu Musotte geh ich beinahe sicher.- Wir spupieren
372 936 1748 1019 also miteinander.- Rendezvous einfach im Parterre-
381 976 1773 1062 foyer.- Herrn von xxx Ehrhardt hab ich alles ausge-
381 1023 1732 1113 richtet.- Wissen Sie schon? Dienstag und Samstag
384 1035 1836 1149 Café Pfob.- Die andern Abende Gafé Union (lies Union)
395 1111 1833 1198 (Grillparzerstrasse.) - Hat Ihnen Bölsche geantwor¬
386 1147 1782 1237 tet? - Was treiben Sie überhaupt? - Eigentlich habe
379 1187 1791 1290 ich gehofft, Sie heuer öfters zu sehen. Ich arbeite;
377 1259 1221 1355 bin aber leider sehr talentlos.
837 1272 1383 1378 Herzlichet der Ihre
1005 1340 1221 1420 Arthur.
386 1371 866 1484 Grüssen Sie Bahr!
2662 705 3043 786 A.S.an H.v.H.
3166 749 3276 848 21
3499 750 3939 850 Ischl 11.9.1892.
2670 835 4028 956 Liebes Loris.- Heite verlasse ich Ischl. Ueber den
2675 904 4019 983 Brenner nach Riva am Gardasee, wo ich wohl einige
2679 943 4021 1030 Zeit.d.h. 5-8 Tage verbleibe. Dann Semmering, denk
2679 997 4015 1084 ich, dann Wien, Neulich auf dem Schafberg gewesen-
2679 1023 4071 1126 tiefer Schnee, Gestöber.- Hier auch weiterhin nichts
2677 1082 4024 1181 gethan, der Tag vergeht doch. Das Journal der Gon-
2675 1126 4003 1212 courts gelesen, Karten gespielt, in den Strassen
2680 1163 4055 1264 herum, fast immer Regen. Jetzt will ich packen, was
2680 1241 3095 1308 ich nicht kann,
2686 1246 4024 1344 Wenn Sie mir nach Riva schreiben wollen, ein paar
2680 1310 3968 1389 Zeilen, was sehr hübsch wäre, poste rest., bitte.-
2679 1337 4035 1434 Mich frieren die Fingerspitzen. Im Simmer ist es
2684 1385 3957 1483 kalt. Im Hotel wird immerfort geklingelt, kein
2680 1461 3191 1530 Mensch weisswarum.
2686 1470 4003 1580 Schritte im Corridor: immer, als wenn sie gerade
2688 1521 4055 1616 zu meiner Thür kämen. Alles in Wolken, Freue mich,
2680 1587 3541 1690 noch nicht nach Wien zu reisen.
3010 1620 3555 1715 Herzlichst der Ihre
3258 1667 3465 1742 Arthur.
3216 1750 3400 1811 =========
