4467 3431
756 175 1090 319 Votre très-Monsieur, j'y ai-
1004 608 1112 700 84
524 668 886 763 A.S.an H.v.H.
1799 685 1913 765 112
524 737 1849 838 auch ein junges blindes Ding mit ihnen, die wahr-
524 832 1877 946 scheinlich verrückt werdenwird. Gestern hab ich mit
521 946 1872 1028 denen allen in ihrem kleinen Garten genachtmahlt.
515 1028 1805 1125 Die Schauspielerin hatte Nachmittag die Madonna
515 1125 1829 1194 Dianora studiert; der kleinen Schwester hatte ein
515 1189 1891 1303 20jähriger Verehrer "Gestern" aus Wien mitgebracht.
515 1295 1859 1392 Ich finde den Zufall hübsch, der es macht, dass Sie
513 1388 1919 1467 das gleich erfahren können; nichts beruhigt mehr über
519 1486 1872 1566 die Vielheit und Verwirrtheit des Lebens, als wenn
509 1556 1624 1626 man Fäden irgendwo zusammenlaufen sieht.-
515 1650 1844 1715 Sonst hab ich hier noch Dr.Redlich und seine Frau
517 1732 1922 1818 (die Königsbergerin) gesprochen; meine Mama und meine
508 1816 1827 1909 Schwester wohnen hier, Schwägerin und Familie in
511 1904 1971 1993 Edlach. Den Vormittag verbummle ich und verspazier ich;
500 1991 1902 2083 nur nach Tisch arbeite ich.-Wie denken Sie den Rest
509 2088 1937 2184 des Sommers zu verbringen?es ist sehr wahrscheinlich.
506 2176 1879 2260 dass ich anfangs August in Ischl sein werde; sollte
500 2240 1820 2346 man sich nicht irgendwo, in Salzburg z.B. begegnen
495 2359 1887 2428 können?-Richard arbeitet. Als ich bei ihm war, befand
496 2430 1793 2523 sich seine Frau nicht sehr wohl, doch scheint es
493 2512 857 2611 Paul Marx
3811 192 4333 381 Votre très obéissant avec la
3161 164 3318 295 1/2
3294 605 3398 696 84
2730 623 3202 754 A.S. an H.v.H.
4033 679 4151 767 113
2721 745 4091 834 jetzt viel besser oder ganz gut zu gehen. Schreiben
2719 858 4145 944 Sie mir recht bald wieder, ists kein Brief, so sei es
2721 941 4221 1028 eine Karte. Aber verlieren wir uns keineswegs, auch nicht
2719 1021 3510 1118 auf Tage, ganz aus den Augen.
2721 1116 4130 1194 Ich hoffe, Ihr Papa ist ganz gesund. Grüssen Sie ihn,
2715 1213 4106 1290 Ihre Mama, und die Familie Speyer mehr oder weniger.
2715 1273 3527 1392 Herzlichst der Ihrige. Arthur
3335 1351 3503 1409 Wiener
2714 1383 4158 1454 Benützen Sie nur meine xxx Adresse, das ist am si-
2710 1487 4205 1564 chersten. Ich habe vergessen, dass ich Sie von der Schau-
2714 1551 3731 1642 spielerin sehr herzlich grüssen soll.
3240 1653 3365 1743 fr.
4024 1743 4151 1868 9
