4508 3464
1632 681 1745 779 200
434 679 843 811 A.S. an H.v.H.
1198 747 1649 873 Wien, 21.12.1912.
971 781 1096 885 130
426 837 1898 951 Lieber Hugo, eben mit dem V.Th. telefoniert; sie haben
430 962 1894 1053 mit der Boland noch nicht abgeschlossen, schienen über
434 1036 1877 1158 die Aussicht Termin positiv erfreut. Würde raten, dass
432 1149 1822 1241 sich die T.ganz direct mit dem V.Th. in Verbindung
436 1217 1462 1326 setzt ; u.zw. so geschwind wie möglich.-
424 1322 1898 1424 Mit Tiemig heute nur zwei Worte auf der Probe;er habe
428 1407 1813 1518 mir einiges interessante zu sagen, werde mich näch-
439 1490 1947 1592 stens besuchen. (Er war auch, vor ein paar Wochen bei mir
426 1605 1913 1715 Bei dieser Gelegenheit gedenke ich den Jedermann anzu-
426 1684 732 1807 schneiden.
696 1752 1111 1894 Herzlichst Ihr
4018 421 4133 566 154
3884 681 4033 788 2oli
2645 688 3069 832 A.S. an H.v.H.
3244 734 3356 822 131
3490 766 3923 883 Wien, 28.4.1914.
3229 802 3361 902 134
2650 866 4086 998 Mein lieber Hugo, ich d anke ihnen sehr für Ihre Gra-
2656 958 4044 1088 tulation zum Raimundpreis; und will Ihnen für alle
2658 1039 4174 1171 Fälle gleich sagen, dass Sie mir gewiss nicht zum Schat-
2661 1152 4076 1245 ten geworden sind und es niemals werden können. Wenn
2658 1256 4125 1366 unsere Beziehungen ein wenig loser geworden sind, oder
2656 1324 4140 1464 besser gesagt, sich eben in einer loseren Epoche befin-
2671 1420 4170 1515 den, so ist daran wohl mehr äusseres als inneres schuld,
2667 1503 4103 1622 und dass Sie eher geneigt sind, nach mir zu rufen als
2661 1617 4057 1711 ich nach Ihnen liegt wohl hauptsächlich daran, dass
2667 1720 4150 1784 Sie oft "sowieso" nach Wien kommen, ich aber nie "Sowie-
2671 1781 4152 1888 so" nach Rodaun-ferner daran; dass wirs uns beide, wohl
2667 1867 4055 1962 aus unserer Natur heraus, so und nicht anders einge-
2671 1964 4104 2065 richtet haben. Und so käm ich jetzt wohl auch auf den
2665 2039 4050 2173 Semmering, wenn mir die Wetterverhältnisse um diese
2665 2164 4050 2245 Zeit oben nicht so unangenehm wären. Aendert sichs
2667 2237 4112 2352 noch beträchtlich, so meld ich mich vielleicht. Andern-
2665 2322 4106 2431 falls möcht ich Sie im Thal so bald es angeht, sehn;
2673 2409 4133 2558 denn ich glaube. Sie haben das Bedürfnis mir von Ihrer
