4480 3466
1640 642 1768 724 194
410 660 840 751 A.S. an H.v.H.
1008 694 1154 811 126
1509 740 1711 813 1910?
419 804 1864 935 Ja richtig, eine Frage-wenn Sie glauben sie beantwor-
421 909 1779 1010 ten zu dürfen: wieviel haben Sie von der Oesterr.
423 984 1815 1090 Hundschen für den Christina-Akt Honorar gekriegt?
434 1112 1855 1241 (Weil ich ihnen nämlich auch einen ersten Akt geben
423 1192 623 1281 will.)
3904 658 4026 785 195
2716 698 3124 813 A.S. an H.v.H.
3497 782 3966 900 Wien, 10.12.1910.
3260 764 3419 913 127
2721 875 4048 990 Mein lieber Hugo, Sie haben offenbar einen Brief
2728 970 4057 1077 vonmir nicht bekommen, den ich an Sie vor etwa 14
2726 1066 4048 1179 Tagen, ich glaube an dem Tag wo Ihre Elektra bei
2719 1152 4073 1265 mir erschien, an Sie geschrieben habe. Das wesent-
2726 1252 4046 1372 lichste, was dieser Brief enthielt, war die Bitte
2719 1343 4150 1454 Ihre Elektra an Antoine,resp.an Dr.Stephan Epstein,
2721 1440 4150 1540 Paris, 78 Rue de xxx l'Assomption, Antoines Dramaturgen
2730 1545 4055 1624 fürs Ausland, zu senden, dem ich neulich über das
2736 1600 4112 1726 Stück kurz berichtet habe. Dass Berta Garlan beim
2726 1717 4132 1822 zweiten Lesen so angenehm auf Sie wirkte, freut mich
2726 1801 4155 1895 sehr-ich hab es seit dem Erscheinen nicht wieder ge-
2721 1890 4132 2010 lesen wie ich es(wenn mich nicht äusserliche Gründe
2721 2003 4163 2103 zu einer wiederholten Lektüre nötigen)mit allen mei-
2721 2069 4183 2194 nen gedruckten Sachen halte. Daher weiss ich auch seit
2717 2172 4155 2262 etwa 8 Jahren nichts mehr von „Sterben“-Es stammt aus
2716 2254 4090 2371 der Zeit, wo mich der "Fall" mehr interessiert hat
2717 2356 4148 2466 als die Menschen, und ich denke das meiste aus dieser
2712 2437 4050 2535 Epoche muss wie luftlos wirken. Diese Sachen-ich
2703 2530 4081 2641 hab es neulich wieder am" jour de gloire "erfahren,
