4476 3432
1522 582 1615 704 90
288 634 872 753 A.S. an H.v.H. 72
3723 677 3814 768 91
2535 699 2944 781 A.S. an H.v.H.
284 716 1448 833 sehr gut zu mir ;—ich möchte danken können.
3004 758 3108 879 73
3340 779 3576 901 24.3.99.
288 812 1740 920 Eine Zinsamkeit ohnegleichen - ich muss dran denken,
2533 870 3928 963 Mein lieber Hugo, wenn ich früher nach Berlin fahre,
288 890 1744 981 wie ich doch immer die Menschen zu schildern versucht
2535 993 3881 1095 so doch erst Ostern. mit meinem Bruder (Chirurgen-
297 974 1675 1102 habe, die ihr geliebtestes verlieren - es gibt eben
2541 1058 3920 1178 kongress). Sagen Sie mir, wenn Sie wieder nach Wien
299 1082 1764 1188 etwas, das nicht auszudrücken ist- so gut wie die Ewig-
2537 1169 3920 1281 kommen. Vielleicht fahre ich morgen nach Graz, dort
297 1175 1704 1281 keit, die Unendlichkeit: - die Einsamkelt, das Verein-
2541 1260 3849 1381 sind jetzt ihre Eltern. Es brennt in mir weiter,
303 1288 1074 1394 samtsein; vereinsamt werden.
2546 1348 3922 1465 ganz wie wenn alles von dem tobenden Schmerz aufge-
297 1375 1788 1480 Leben Sie wohl, liebster Hugo. Kommen Sie bald zurück!
2552 1457 3827 1530 fressen werden sollte. Nie. nie versteht man es.
309 1455 1643 1578 Bitte schreiben Sie mir nur äussere Vorkommnisse,
2550 1550 3937 1660 Sie machen sich doch nichts daraus, dass Ihre Stücke
299 1573 699 1678 nicht darüber
2545 1649 3920 1742 in B. nicht gegangen sind; hoff ich.-Wie soll das
309 1645 1684 1758 - Sagen Sie es Brahm und Hirschfeld, damit sies wis-
2537 1753 3870 1842 mit meinem in B. werden. Jeder Satz ist beinah
303 1758 836 1857 sen, wenn ich komme.
2545 1835 3955 1926 eine gemeinschaftliche Erinnerung- wie jeder Gedan-
314 1840 918 1961 Von Herzen Ihr Arthur.
2541 1933 3877 2046 ke dieser vier Jahre, wie jedes Haus, jeder Stein,
901 1920 1071 2035 „
2546 2041 3838 2156 jeder Mensch in Wien; wie meine ganze Existenz.
2550 2143 3974 2234 Schreiben Sie mir bitte wie Sie leben, wen Sie sehen.
2552 2203 3907 2320 Ihr Vater war bei mir, ich aber nicht zuhaus. Viel
2546 2305 3889 2390 vin ich mit Gust.Schw. zusammen, auch mit Richard;
2541 2387 3149 2480 Salten.-Von Herzen Ihr
3154 2439 3316 2554 Arth.
