4471 3432
2917 660 3547 768 A.S. an H.v.H. (54)
4186 708 4266 797 64
672 684 1272 817 A.S. an H.v.H.
1814 708 1900 793 63
2936 764 3483 869 Humot gekannt habe?
682 783 1888 905 Vergleich ist) ((ich hätt ihn doch auch aus-
2936 860 3581 961 Schreiben Sie mir bald.
679 901 1589 995 streichen können, ganz einfach?).
2969 958 4054 1060 Ich lese noch immer Tolstoi und Brandes.
682 970 1992 1072 Ich muss vielleicht bald nach Wien, da ich in der
3307 1057 3805 1137 Herzlich der Ihre
677 1110 1946 1173 Wohnungsfrage, in der bekannten.noch mancherlei
3712 1158 3924 1236 Arthur.
682 1168 1997 1265 oder vielmehr alles zu ordnen habe. Das ursprüng
677 1289 1929 1370 lich geplante Häuschen im Gebirg ist mir weg-
677 1399 1992 1464 geschnappt worden. Es ist sehr ärgerlich. Natür-
677 1477 1970 1560 lich bleibt es trotzdem bei unserm Salzburg, und
677 1561 1915 1643 ich freue mich sehr darauf. Sagen Sie mir nur
684 1671 2052 1739 gleich das genaue Datum, da ich mit den Tagen haus +
670 1739 1879 1830 halten muss. Morgen schicke ich Ihnen den 2.
679 1855 1860 1931 Band Mozart.- Richard arbeitet wirklich; er
670 1949 1961 2025 scheint im 3.Kapitel zu sein. Wenigstens hat er
665 2026 1980 2131 kaum zu was anderm Zeit und ist eine Radelraun-
665 2129 1365 2204 zen wie ein kleines Kind.
667 2209 2008 2274 Neulich bin ich nach Unterach zu Stris.'s gera-
665 2297 2014 2385 delt; sonst mach ich nur ganz kleine Spazierfahr-
667 2396 2042 2466 ten, und plaudere mit einer merkwürdig gescheidten
658 2474 1932 2577 Frau sehr viel, die Humor hat, und ich versuche
655 2563 1937 2673 mich zu erinnern, ob ich schon je eine Frau mit
