4501 3432
474 628 853 745 A.S. an H.v.H.
1718 677 1812 760 45
989 711 1125 813 (42)
1224 790 1709 910 Skordborg,7.8.96.
603 872 1845 971 Lieber Hugo, seit Sonntag bin ich mit Klichard
614 929 1866 1017 (und Paula) zusammen; seit vorgestern ist auch
596 970 1880 1064 Paul Goldmann da, und wir sind in einem angeneh-
588 1018 1798 1107 men Hotel, am Meer, hinter den Häusern gleich
593 1067 1815 1151 ein wunderschöner Wald mit Buchen und Tannen,
596 1116 1845 1191 im Wald kleine halbversteckte Teiche, und wenn
584 1151 1916 1242 man eine halbe Stunde weiter geht, das freundliche
584 1200 1873 1280 Thal mit lieben kleinen Häusern und Ortschaften
593 1240 1861 1313 (wo wir aber noch nie gewesen sind). Heute Vor-
575 1287 1868 1381 mittag sind wir nach einer kleinen schwedischen
584 1330 1810 1411 Insel hinübergesegelt, wo nicht viele Menschen
584 1378 1857 1444 wohnen, sind in dem netten Haus des Leuchtturm-
582 1423 1913 1505 wächters gewesen, und wie wir von der niedern
570 1465 1827 1536 Thüre herunterstiegen, fanden wir im Wohnzimmer
572 1519 1855 1587 ein leises Harmonium, eine freundliche Hausfrau
572 1557 1902 1639 und im Vorzimmer sass die vierzahnjährige Tochter
568 1601 1815 1667 des Hauses regungslos in einer Ecke des Divans
556 1646 1894 1719 sah uns mit prachtvollen braunen Augen an,strick-
563 1693 1793 1754 te und hatte nur einen Schuh an. Dafür war der
563 1735 1841 1803 andere Strumpf an den Zehen zerrissen. Das war
563 1780 1794 1854 die junge Dame von Hven. Im Zurückfahren gab
560 1829 1836 1894 es so hohe Wellen, dass man die Ostsee als Meer
560 1871 1859 1946 erkennen durfte ; bisher war sie immer so still,
551 1922 1857 2000 daes man sich an einem See hätte glauben können.
551 1953 1786 2024 Paula ist sogar seekrank gewesen.- Wir werden
555 2005 1805 2073 hier wohl alle bis etwa zum 20. August bleiben.
544 2059 1782 2113 Nachmittag pflege ich zu arbeiten. Vorher bin
546 2091 1803 2169 ich wenig dazugekommen; nur ein paar Regentage
546 2145 1752 2195 oder -stunden auf der Nordkaptour bin ich in
549 2187 1803 2244 meiner Cajüte gesessen und habe am zweiten Akt
542 2230 1885 2290 allerlei versucht. Immerhin scheints mir, als wenn
546 2281 1814 2340 ich theilweise in den Intentionen Ihres Briefs,
542 2324 1824 2372 den ich in Trondjhem bei meiner Rückkehr gefun-
539 2365 1768 2420 den habe, verfahren wäre; denn vor allem hatte
542 2415 1749 2471 ich das Bedürfnis die Soene zwischen Ihm und
534 2452 1770 2530 Ihr mit mehr Leben anzufüllen. Ich weiss noch
530 2511 1801 2582 nicht, ob mir das und manches andere, das ich am
2769 619 3147 701 A.S. an H.v.H.
3240 652 3372 752 42
3930 659 4019 743 46
2762 741 4051 854 zweiten und in den letzten Tagen am dritten Akt
2764 811 4058 907 gearbeitet habe, gelungen ist; in ein paar Tagen
2760 856 4075 949 les ich die ganze Sache dem Paul und dem Richard
2762 907 4129 1001 wieder vor. So wie ichs haben will, bring icht doch
2755 947 3271 1017 wohl nie zusammen..
2746 973 4047 1074 Richard hat mir von Ihrer Novelle erzählt; auch
2752 1032 4035 1118 dass er Ihnen geraten, sie drucken zu lassen. So
2748 1076 4035 1161 lange muss ich wohl warten bis ich sie zu lesen
2746 1125 3751 1198 bekomme. Wohin werden Sie sie geben? -
2734 1165 4134 1250 Meine Reise ist im ganzen sehr schön gewesen; viel-
2734 1212 4021 1299 leicht nur ist die Zeit etwas zu kurz gewesen,
2734 1257 4030 1336 um so viel in sich aufzunehmen. Auf der See hab
2734 1303 4005 1378 ich merkwürdig viel Kopfschmerzen gehabt. Von
2727 1344 4108 1439 Städten hat mir Gothenburg den stärksten Eindruck
2738 1392 4077 1473 gemacht; wahrscheinlich weil ich dort ganz allein
2748 1458 3934 1517 (auch nicht mit zufälligen Bekannten von der
2727 1468 4039 1561 Reise) herumgegangen bin und am tiefsten gespürt
2717 1531 4000 1611 habe: Wie fremd - wie fern - und dann weil ich
2717 1578 3955 1653 nur ein paar Stunden dort gewesen bin und bei
2727 1615 4046 1695 jedem Haus, jedem Menschen wusste - dich seh ich
2725 1658 3181 1721 zum letzten Mal.
2717 1716 4079 1780 - In Christiania hab ich Ibsen gesprochen, der mehr
2715 1761 3990 1817 zuhörte als redete, aber sehr liebenswürdig war;
2715 1793 4049 1875 in Kopenhagen sind wir (Richard und ich mit kan-
2715 1845 3953 1925 sen beim Frühstück gesessen, den wir wohl noch
2708 1882 3093 1941 sehen werden.-
2757 1932 4047 1988 Bis zum 20. treffen mich Nachrichten hier, Bade-
2705 1962 4004 2052 hotel. Es möcht mich freuen, noch zwei Worte von
2724 2012 3120 2075 hnen zu hören.
2699 2052 3941 2147 Leben Sie wohl! Mit vielen herzlichen Grüssen
3304 2110 3390 2187 Ihr
3372 2143 3644 2227 Arth.Sch.
2694 2206 4028 2307 Nach 20. (bis 25.) Berlin, aber schreiben Sie nach
2699 2274 2842 2363 Wien.
3104 2347 3290 2424 3-3-25
