4508 3464
391 783 821 926 A.S. an H.v.H.
888 775 1567 926 (36) "ien, 26.12.1925.
388 883 1805 1001 Mein lieber Hugo, viel Dank für den Briefwechsel. Ich
402 970 1833 1097 finde ihn ganz besonders interessant, aufschliessend,
400 1074 1833 1198 anregend und - nebstbei, unglaublich amüsant. Ein wah-
406 1148 1866 1289 res Feiertagsvergnügen.. Ihr Schiller-Artikel in der
406 1265 1840 1358 N. Fr. Pr. war ganz ausserordentlich. Ich glaube nicht,
410 1338 1714 1451 dass es heute in Deutschland neben Ihnen einen
411 1434 1840 1540 Schriftsteller gibt, der im "Essayistischen" (im höch-
413 1520 1866 1651 sten Sinn) an dieses Niveau heranreicht. In jedem Ab-
422 1607 1818 1731 satz, jedem Satz - spürt man den Dichter,- oder viel-
411 1724 1853 1820 mehr beide, Schiller und Sie,- (ohne dass Sie je "poe-
420 1802 1831 1922 tisch" werden, was übrigens den Feuilletonisten eher
420 1889 1780 1989 passiert); es ist mir ein rechtes Bedürfnis, Ihnen
422 1975 1811 2086 bei dieser Gelegenheit wieder einmal - ach man un-
428 2071 1873 2188 terlässt es so oft -! meine liebende Bewunderung aus-
420 2166 732 2288 zudrücken.
431 2237 1487 2377 Alles Beste zum Neuen Jahr. Von Herzen
1471 2326 1582 2446 Ihr
1434 2433 1642 2579 Arthur.
2610 715 3289 839 A.S. an H.v.H.
3145 792 3826 921 Wien, 11. Märzul926.
2617 888 3933 1012 Lieber Hugo, vom Verlag Reise weiss ich nur, dass
2626 972 4039 1103 dort einige sehr gute und etliche bedeutende Bücher
2626 1074 4015 1201 herausgekommen sind, (was alle Leute wissen) in
2626 1159 4082 1278 Hinsicht aufs menschliche und geschäftli-
2628 1254 4042 1381 che bin ich absolut nicht informiert - bin mir also
2632 1350 4062 1449 gar nicht klar, wie ich solch eine Bescheinigung ab-
2635 1427 4068 1518 zufassen hätte, dass sie für den Verlag nur ei-
2635 1503 4046 1633 nigemassen nutzbringend sich erweisen könnte. Worum
2637 1614 4051 1709 handelt es sich denn eigentlich -? Um Sanierung? Um
2635 1704 4095 1796 Verkauf?-Mir ist der Sinn des Artikels nicht evident.
2641 1805 4002 1900 Genügt meine Erklärung, dass ich den Zusammenbruch
2637 1896 4015 1975 eines Verlags bedauern würde, in dem viel vortreff-
2632 1966 4095 2078 liches erschienen ist, so steh ich gern zur Verfügung.
2635 2071 4037 2197 Ich lege für alle Fälle gleich ein Blatt bei, viel-
2635 2157 3134 2273 leicht genügt es.
2632 2206 4026 2362 Sonderbar, dass ich gerade gestern, mit Andacht, fast
2623 2335 4015 2446 könnt ich sagen, und jedesfalls mit tiefster Bewe-
2632 2428 4079 2521 gung eine ganze Anzahl Ihrer Gedichte wiedergelesen
2630 2497 4004 2641 und empfunden habe, wie unerhört neu die Melodie
