4520 3432
1664 685 1751 753 98
971 678 1108 793 78
481 681 878 795 A.S.an H.v.H.
1228 772 1603 873 Ischl,8.9.99.
486 863 1715 974 (Karte nach Alt-Aussee, Brunnthalers Gasthof).
479 962 1854 1059 Lieber, bin eben auf der Bahn, habe Stationschef ge-
486 1068 1762 1183 sprochen, der sofort Träger I rufen liess, welch
486 1155 1858 1263 letzterer sich absolut nicht an Ihr Futteral erin-
486 1242 1842 1356 nern will. Auch gefunden wurde es nicht.- Wohl in
495 1338 1797 1443 fremdes Coupé geraten?-Ich werde wahrscheinlich
495 1427 1485 1567 Sonntag Mittag bei Brunnthaler sein.
490 1551 847 1647 Herzlich Ihr
1493 1580 1584 1692 A.
1021 1725 1171 1788 ====
3367 756 3494 882 79
2849 789 3283 880 A.S. an H.v.H.
3987 789 4074 880 99
3424 876 4147 981 Wiesbaden, Freitag.29.9.99.
2847 985 4245 1052 Mein lieber Hugo, das geht schon so mit den Stücken.
2847 1058 4240 1141 Am leichtesten sind sie wenn sie einem grad einfal-
2847 1169 4194 1249 len,-da sind sie beinah fertig. Ueber meines will
2851 1244 4145 1345 ich nichts sagen - mein Vertrauen wechselt; das
2844 1342 4212 1413 höchste und wohl auch das höhere ist mir nun ein-
2844 1431 4233 1525 mal versagt; ich will für die Momente dankbar sein,
2849 1499 4172 1554 in denen ich eine gewisse innere Fülle empfinde. -
2849 1549 4165 1687 Ich bleibe hier noch bis zum Dienstag, fahre dann
2837 1675 4180 1779 nach Berlin (Hotel Savoy, bitte schreiben Sie mir
2835 1739 2995 1837 hin).
2840 1849 4128 1945 - Die paar Tage mit Bestrice (München, Nürnberg)
2840 1938 4208 2014 waren ziemlich, ja ganz ungestört; eigentlich wirk-
2835 2046 4170 2121 lich hübsch Zeit zehn Tagen hab ich erst einmal,
2837 2143 4194 2197 ganz flüchtig von ihr gehört.- In Frankfurt freute
2837 2229 4170 2307 ich mich Paul Goldmann in sozusagen glücklicherer
2830 2286 4168 2398 Stimmung zu sehen als je.- Hier leb ich ganz al-
2835 2410 4118 2476 elin, in einem schönen, angenehmen Hotel, bin heut
2832 2483 4219 2560 (immer schlechtes Wetter) zum ersten Mal geradelt;
2821 2548 4182 2673 arbeite nicht wenig; habe natürlich zuweilen Stun-
