4442 3448
1563 624 1684 777 174
359 645 777 784 A.S. an H.v.H.
937 699 1036 790 113
357 739 1727 895 falls wissen (Südbahnhotel), wie lange Sie noch in
353 863 1684 960 Liesing bleiben. Hiemit wäre das Aeusserliche der
357 943 1727 1031 letzten Honate und der nächsten Zukunft in Kürze
355 993 1785 1122 mitgeteilt; es gab im übrigen recht viele gute Stun-
365 1151 1819 1248 den, aber mehr hypochondrische als mit Ruhe zu tragen
372 1227 1766 1340 wären. Künstlerische Intensität wurde häufiger auf
374 1304 1787 1395 Spaziergängen durchlebt als am Schreibtisch und die
365 1384 1785 1477 neuesten Gestalten lassen sich wohl bis ins tiefste
376 1464 1836 1567 erkennen, aber nicht bis ins letzte regieren. Ich freue
368 1567 1794 1712 mich auf unser nächstes Zusammensein und erhoffe es
374 1691 548 1809 bald.
723 1735 1023 1855 Herslichst
1025 1815 1132 1930 Ihr
1056 1920 1155 2031 A.
3827 678 3945 807 175
3178 712 3371 826 114
2592 704 3109 870 A.S. an H.v.H.
3317 792 3940 889 Wien, 27. November 1906.
2502 859 4037 1015 ieber Hugo, schönen Dank für das Buch.Ausserordentlich
2567 958 4073 1130 habe ich Ihre Vorrede zu "Tausend und eine Nacht“, dann
2567 1059 4087 1193 Ihren Artikel über die Tänzerin Ruth gefunden. In frühe-
2565 1162 4018 1306 rer Zeit war in solchen Aufsätzen von Ihnen zuweilen
2577 1243 3995 1399 ein oder das andere Wort enthalten, das sich zu hoch
2577 1325 3980 1491 davonschwang, so dass manchmal gerade eine besondere
2577 1435 4094 1586 Schönheit mir den Hhythmus des ganzen ein wenig störte.
2579 1523 4087 1668 Jetzt ist Gleichmass und Flügeliaftigkeit auch diesen
2594 1615 4020 1758 Aufsätzen so vollkommen eigen, und die Eigenartigkeit
2577 1737 4077 1853 Ihres Prosastils ist zugleich so gewahrt und so erhöht
2584 1840 4071 1951 worden, dass man für diese Produkte am liebsten einen
2642 1888 4087 2037 eigenen Namen ersinnen möchte. Sehr schön waren auch
2636 2012 4104 2090 die Dialoge über die "Schwestern", besonders der zwei-
2634 2071 4108 2218 te Artikel, Wunderbar ist es Ihnen gelungen den Wider-
2636 2197 4094 2275 streit der Empfindungen auszudrücken, mit dem man dem
2636 2256 4066 2392 ganzen Problem Wassermann gegenübersteht, indem Sie,
2642 2374 4100 2487 wohl auch zu eigner Beruhigung, Ihre Seele dialectisch
2642 2468 4066 2562 aufgelöst und sich dazu bekannt haben, dass wir nicht
