4508 3464
1631 645 1749 804 202
1061 634 1144 756 131
438 703 889 817 A.S. an H.v.H.
1039 730 1152 815 34
444 758 1830 906 neuen Arbeit was zu erzählen- und ich rechne es, wie
449 882 1793 991 Ihnen nicht unbekannt ist, immer zu meinen besten
455 945 1871 1085 Stunden, wenn Sie sich zu mir über Ihre Sachen aus-
466 1054 1869 1172 sprechen. Und aus solchen Stunden scheiden wir, wie
468 1135 1845 1287 Sie wohl auch oft schon gefühlt haben, so in bestem
473 1229 1854 1370 Sinn verbunden, dass ein Auseinanderlaufen äusserer
464 1313 1937 1451 Lebenslinien für das Wesentliche unserer Beziehungen
468 1424 1854 1533 auf längere Zeit hin ohne Bedeutung, wenn auch oft
473 1527 1806 1627 mit einiger Wehmut zu empfinden bleibt. Im ganzen
483 1597 1889 1717 aber glaub ich, trotz aller Ehrfurcht vor dem Gesetz
486 1705 1782 1819 der Entwicklung, immer mehr an die Constanz der
483 1795 1897 1908 menschlichen Beziehungen sowie an die der Menschen:
483 1862 1843 1993 was aus uns und aus andern wird, hat Ahnung längst
486 1934 1828 2096 vorausempfunden, und jeder Wolkendunst unserer Ju-
488 2065 1793 2191 gend, der sich harmlos zu verziehen schien, kommt
490 2135 1840 2261 irgend einmal als Gewitter wieder. Von diesem Aus-
495 2248 1847 2355 flug ins allgemeinere oder Halbwahre kehre ich in
495 2315 1873 2448 die Realität gerne wieder, wo ich Sie sehr bald, und
499 2414 1823 2505 ich hoffe in besserer Stimmung als Ihr Brief mir
499 2492 1544 2559 vertraut, zu sehen und sprechen wünsche.
704 2533 1102 2646 Herzlichst Ihr
1089 2544 1314 2688 Arthur.
3881 710 4021 788 Raux
2653 719 3058 843 A.S. an H.v.H.
3204 764 3315 845 132
3372 812 3814 910 Wien, 6.11.1924.
3191 837 3309 930 135
2631 910 4032 1035 Mein lieber Hugo-schönen Dank für Ihren Gruss nach
2640 1008 4023 1113 aus Aussee. Ueber das Fräulein älse hör ich und les
2638 1070 4038 1213 ich von allen Seiten so viel Gutes, dass ich sie im
2644 1181 4076 1294 ganzen beinah überschätzt finden muss-ebenso wie die
2640 1268 4101 1396 K.d.V., wenn auch vielfach gewürdigt,-doch noch in hö-
2649 1359 4075 1477 herem Mass (und nicht immer reinen Herzens) missver-
2653 1448 4136 1557 standen. Nun es ist das alte Lied - wir wissen es alle
2657 1536 4038 1631 zu singen. Ich freue mich, dass Ihr Stück vollendet
2653 1614 4112 1756 ist. Wohl „BerThurm“? Und die neue Arbeit—? Wann werden
2647 1732 4041 1815 Sie vorlesen? Wann kommen Sie nach Wien? Was haben
2653 1810 4084 1932 Sie für Winterpläne? Ich xxx bleibe wohl vorläufig
2649 1917 4099 2030 hier; im Jänner soll ich in der Schweiz lesen-was ich
2647 2019 4115 2115 hauptsächlich tun will, um mir eine Engadiner Schnee-
2640 2087 4089 2183 und Sonnenwoche "mit gutem Gewissen" xu vergönnen zu
2647 2198 4056 2283 dürfen.-Ich diktiere novellistisch und arbeite vor-
2649 2280 4036 2390 wiegend aphoristisch-fragmentistisch. Schreiben Sie
2649 2379 4110 2463 bald wieder und wärs nur ein Wort! Es ist so schön, von
2647 2435 3897 2546 Ihnen was direct zu wissen! Alles Herzliche Ihn
