4508 3464
1024 691 1122 777 133
387 693 782 837 A.S.an H.v.H.
1312 743 1632 851 23.12.1924.
1017 764 1118 848 136
384 827 1813 976 Mein lieber Hugo, wollen sie am 31., Mittwoch, letzten
402 933 1776 1054 Tag des Monats und Jahres bei mir zu Mittag essen,
396 1026 1822 1157 und vorher, je nach Laune und Wetter, im freien oder
411 1118 1817 1221 geschlossenen Raume "plaudern" (da ich doch bekannt-
400 1205 1815 1305 lich ein solcher bin—?) Ich würde Sie circa 12 er-
402 1290 1605 1413 warten. Schreiben Sie mir eine Zeile, ob ja,
709 1374 1637 1520 Herzlichst wie alle Zeit der Ihre
1490 1468 1706 1598 Arthur.
2686 681 3340 805 A.S. an H.v.H. 134
3191 754 3832 899 137 wien, 9.10.1925.
2693 827 4028 981 Mein lieber Hugo, Sonntag fahre ich nach Berlin
2702 937 4003 1077 (Hotel Esplanade) -schicken Sie den Thurm gleich
2707 1033 4024 1159 ab, so findet er mich dort, da ich wohl mindestens
2704 1129 3983 1242 8 Tage dort bleibe. Unter andern werd ich dort
2704 1205 3957 1351 Heini als Theodor in der Liebelei sehen (die
2704 1312 4083 1424 heute vor 30 Jahren in Wien zum "überhaupt" ersten
2696 1397 4053 1520 Mal aufgeführt wurde.) Auch ein neues Stück nehm
2716 1490 4097 1602 ich nach Berlin mit, in Versen, und heisst: "Der Gang
2707 1591 4117 1694 zum Weiher", Gegen die Aufführung von Kom.d.V. bei
2704 1699 4115 1786 Barnowsky setz ich mich zur Wehre- (die Hauptrollen
2721 1760 4099 1873 scheinen nämlich noch nicht besetzt zu sein.) Auch
2712 1857 4115 1973 eine "Traumnovelle" (so heisst sie) erscheint näch-
2712 1948 4090 2037 stens.- Von Forte dei Marmi bin ich nach Florenz.
2711 2023 4120 2137 nach Venedig;und vor drei Wochen nach Wien. Hoffent-
2707 2128 4124 2241 lich sieht man sich einmal wieder und bald. (Es wird
2716 2222 4017 2320 immer später.)Christiane sah ich in Venedig;ich
2716 2282 4110 2428 glaube Lili und OIga haben sie nach meiner Abreise
2720 2394 4124 2487 auch gesprochen.-Nichts von alidem ahnten wir heute
2725 2455 3932 2512 vor 30 Jahren. Und eigentlich war es gestern.
2712 2501 3653 2620 Leben Sie wohl. In Herzlichkeit Ihr
