4494 3433
1563 663 1693 764 142
384 711 756 829 A.S.an H.v.H.
1052 732 1173 833 100
374 786 916 937 Militär eintrifft:-
387 844 1723 1000 Mit dem Arbeiten gehts weiter leidlich, ja gut.Mit
399 922 1781 1095 der stärksten Anteilnahme, die auf irgend einem tie-
408 1015 1734 1181 fern Grund schliessen lässt, in den ich noch nicht
413 1108 1751 1280 ganz hinabblicken kann, lese ich im Vehse die Zeit
412 1177 1814 1365 des fünften Karl. Seite für Seite hat man
428 1280 1697 1453 die Empfindung:undramatisierter Shakespeare.-
427 1376 1827 1537 -Die Hebbel-Tagebücher habe ich nun zum zweiten Male
428 1473 1760 1624 gelesen; meine Bewunderung ist womöglich noch ge-
441 1553 1842 1710 stiegen-aber menschlich hab ich mich von ihm diesmal
447 1639 1805 1794 entfernt. Es ist ein prachtvoller Geist,in beinah
447 1719 1807 1889 ununterbrochener Arbeit ; aber man dürfte das ganze
458 1801 1874 1965 auch von 1863 nach rückwärts lesen-ohne dass Verständ-
458 1913 1849 2051 nis oder Genuss darunter litte. Was mir die Gesell-
466 1993 1771 2140 schaft von weit geringeren manchmal werter macht
475 2084 1868 2215 als die seine ist, dass es mir erlaubt ist einer Ent-
473 2131 1931 2317 wirklung zuzuschauen, und das ist doch immer das schön¬
481 2272 1877 2401 ste und packendste, was wir erleben können. Es ist un-
482 2354 1859 2477 heimlich in einem Menschen auch blättern zu können,
475 2449 1862 2568 wie in einem Aphorismenbuch. Wenn mir ein Band aus
2606 680 3010 780 A.S. an H.v.H.
3857 702 3986 775 143
3321 697 3457 818 100
2615 812 4032 916 einer Existenz fehlt, möchte ich vor dem nächsten wie
2613 914 4083 998 vor einem Wunder stehen müssen und fragen: wie bist du
2613 1000 3060 1103 dahin gekommen--?
2604 1069 3610 1185 Leben Sie wohl und schreiben Sie mir.
2606 1175 4099 1263 Sagen Sie auch Wassermann, falls Sie ihn sehen, dass wir
2606 1266 4049 1356 hier das Los der Juden mit grossem Vergnügen gelesen
2606 1361 3978 1432 haben. Es ist ein schönes Vorwort zu einem Buch, das
2606 1458 4096 1535 heute glaub ich keiner schreiben kann, weder Christ noch
2613 1516 2790 1604 Jude.—
2617 1619 4051 1734 -Und wird Richard bald fertig mit dem Stück? Wie gehts
2602 1706 2740 1781 ihm?
2606 1768 3461 1902 Grüssen Sie alle. Herzlichst Ihr
