4562 3432
1537 596 1669 684 140
434 609 846 738 A.S. an H.v.H.
1093 615 1248 771 [99]
430 745 998 872 allen mehr Fleiss...
1315 736 1442 870 6.8.
441 849 1803 1000 Wurde gestern unterbrochen und will heute nur noch
441 980 1818 1091 viele schöne Grüsse hinzusetzen. Heute (es ist Nach-
438 1069 1825 1188 mittag) waren wir schon am Vormittag auf der Sofien-
445 1160 1890 1266 alpe, und das ist die Gegend, wo ich von den Gestalten
451 1235 1849 1348 des Romans am härtesten bedrängt werde.-Wir bleiben
449 1332 1864 1451 nun denk ich bis Anfang September hier in Wien, und
454 1436 1848 1533 dann möchten wir, auf etwa 14 Tage nicht allzu weit,
449 1518 1812 1626 Ischl etwa, Es wäre nicht underkbar, dass die Fanny
453 1583 1917 1708 Mütter mitkommt; aber ich halt es für unwahrscheinlich.
458 1669 609 1721 Kämen
453 1678 1922 1795 Sie dann event, auch mit Gerty,so könnten wir
449 1773 1855 1874 zwei ein paar unserer schönen Radtouren vollführen? -
456 1861 1807 1978 Jedenfalls treffen wir uns im Herbst, nicht wahr? -
454 1948 1853 2073 Grüssen Sie was Sie in Aussee von erfreulichen Men-
458 2056 1842 2175 schen sehen und antworten mir rascher als ich Ihnen
458 2142 1155 2228 diesmal geantwortet habe.
1041 2224 1145 2330 Ihr
458 2215 758 2341 Herslichst
3937 717 4049 806 141
3293 738 3427 844 100
2680 723 3094 838 A.S. an H.v.H.
3429 779 3837 931 Wien, 9.8.1904.
2688 892 4079 1013 Lieber Hugo, über Bahr glaube ich Sie beruhigen zu
2693 995 4077 1125 können.Er war Sonntag bei uns, dann haben wir zusam-
2693 1097 4064 1196 men im Türkenschanzpark genachtmahlt und er war in
2704 1170 4079 1280 der besten Stimmung. Morgen holen wir ihn abends ab
2697 1257 4092 1371 und fahren ins Grüne. Die Hitze tut ihm im ganzen
2708 1356 4152 1451 wohl ; und wie er sagt, fühlt er sich durch allmähliches
2714 1430 4209 1553 Steigen eher angenehm erleichtert, als dass er Beschwer-
2708 1540 4042 1635 den davon hätte.Seelische Depressionen wirken auf
2708 1626 4098 1727 seinen phys. Zustand am heftigsten: so war er nach
2714 1723 4116 1808 dem Tod Herzls kränker als seit lang,und nach irgend
2714 1799 4116 1900 einem Aerger neulich hat er wieder dieses Würgen ein
2714 1866 4198 1997 paar Mal gehabt, das aber nun ganz verschwunden scheint.
2717 1993 4092 2086 -Könnte man ihn doch nur dazu bringen, dass er heuer
2708 2058 4148 2185 die verschiedenen Erregungen des Winters und den Win-
2714 2170 4092 2267 ter selbst nicht zuhause abwartet und zu guter Zeit
2710 2250 4098 2358 und mit ruhigem Gemüt nach dem Meere, dem Süden ab-
2702 2324 2937 2427 reist!-
2708 2406 4137 2516 Meinen Brief von neulich haben Sie wohl bekommen? Ich
2710 2511 4172 2619 wünsche Ihnen sehr, dass eine günstige Erledigung vom
