4484 3432
1617 749 1700 827 21
499 764 884 840 A.S. an H.v.H.
988 795 1108 889 22
1327 827 1646 922 24.11.1892.
508 904 1792 1004 Lieber Lorie, sehr wahr! - Und wie denken Sie z.
518 981 1777 1044 B. darüber, für einen Abend der Woche statt des
512 1035 1779 1101 Pfob ein anderes Café zu bestimmen, in dem nur
516 1064 1691 1137 wir zusammen kommen? - Und eventuell Bahr.
516 1117 1855 1177 Ich wiederhole übrigens, was ich Ihnen schon heu-
512 1168 1773 1230 lich geschrieben, dass ich nämlich sehr unange-
516 1196 1861 1292 nehm entfäuscht bin, auch heuer so wenig mit Ihnen
518 1261 1037 1323 zusammen zu kommen.
518 1268 1804 1371 Bestimmen Sie Abend, bestimmen sie Caféhaus -und
518 1338 1857 1432 bestimmen Sie vielleicht auch Bahr, einmal hinzu-
508 1402 709 1460 kommen.
503 1392 1833 1504 Sonntag also bei mir, für alle Fälle?- Ich möchte
503 1467 1852 1538 mir den Vorschlag erlauben, dass Sie Ihre psychol.
501 1518 1779 1598 Movellette (die von der Freien Bühne.refüsiert
512 1560 1779 1631 wurde) vorlesen. Ich glaube, dass weder Richard
507 1607 1403 1689 noch Salten dieselbe kennen.-
837 1651 1323 1737 Herzlich der Ihre
948 1700 1143 1773 Arthur.
957 1782 1088 1848 ====
3884 669 3966 760 22
3229 703 3333 796 23
2695 700 3082 811 A.S. an H.v.H.
3180 756 3703 877 Samstag, 7.1.1893.
2712 860 4037 953 Lieber Hugo, verspäteten Dank für die liebenswür-
2717 913 3966 1006 dige Uebersendung der Ballkarten.- Morgen ist
2717 944 4046 1048 nichts bei mir. Also Dienstag im Pfob oder wenn
2719 991 4050 1086 da nicht. Mittwoch auf dem Ball. Aber dann werden
2717 1035 4024 1135 wir gefälligst wieder vernünftig,-entschuldigen
2717 1090 3968 1170 Sie das "wir". "Swinburn" war wunderschön, eins
2726 1121 3973 1223 Ihrer schönsten meiner Ansicht nach.-Fels be-
2726 1172 4004 1272 reits wohler; von Ihrer Güte wird gelegentlich
2725 1214 3918 1318 Gebrauch gemacht werden; ich sprach mit ihm
2728 1250 4026 1352 4gradig über alles.- Waren Sie mit der Sonn-und
2726 1301 4013 1407 Montagszeitung zufrieden?- Nicht un-
2726 1345 4108 1456 möglich ist es, dass ich morgen Sonntag nach
2725 1380 4188 1494 etwelchen Besuchen um 7 ins Griensteidl
2723 1491 2938 1549 komme. —
3020 1480 3572 1586 Herzlichet der Ihre
3138 1555 3341 1631 Arthur.
3200 1633 3357 1710 ======
