4492 3431
1516 697 1632 765 148
1032 680 1164 769 102
434 710 808 803 A.S.an H.v.H.
428 758 1842 896 Worauf ich einigermassen rechne ist aber ganz beson-
449 875 1846 976 ders irgend eine kleine Radtour, die wir, Sie und
445 959 1835 1052 ich, machen könnten, so von 2-3 Tagen, oder 2 kleinere
451 1026 1905 1142 in welchem Betracht ich die ego-und olgaistische Hoff-
453 1129 1889 1224 nung nicht unterdrücken kann, dass während dieser Zeit
453 1201 1835 1315 Olga und Gerty zusammen sind oder uns gar auf hohem
454 1332 1088 1414 Einspänner vorausrasen?
458 1391 1812 1488 -Aber all dies eignet sich zu mündlicher Verständi¬
456 1475 1836 1583 gung; für heute möcht ich nur wissen, wann ich Sie in
456 1557 1849 1673 Ischl sprechen werde, den Fall gesetzt, dass wir am 3.
458 1633 1782 1738 Nachmittag dortselbst eintreffen.Nach eines-Gerty
460 1730 1844 1829 wird ja wahrscheinlich in Wien zu tun haben; es wäre
460 1820 1861 1926 sehr hübsch von ihr, wenn sie, wann es ihr beliebt bei
464 1917 1835 2010 uns speisen wollte; wir bitten um eine vorherige te-
464 2019 1013 2114 legr. Verständigung, -
464 2084 1898 2188 Mir ging es ganz gut, wenn ich nicht einen etwas hart-
464 2164 1957 2285 näckigen Bronchialkatarrh hätte; der übrigens vielleicht
467 2265 1931 2364 noch in meinen Septemberplänen eine kleine Holle wird
467 2350 1924 2457 spielen müssen.-Und Richard?- Wird er zu bewegen sein,
469 2432 1881 2570 nach Ischl oder Salzburg zu kommen? Jedenfalls möcht
3880 702 3993 788 149
2684 728 3120 812 A.S. an H.v. H.
3289 751 3393 821 102
2680 803 3572 890 ich ihn sehen-sein Stück hören.
2950 896 3427 987 Herslichst Ihr A
3179 974 3293 1090 -
3667 1019 3956 1097 16.9.1904.
3300 1047 3440 1134 103
3677 1067 4146 1144 Lueg am Wolfgangs
2689 1136 4118 1212 Lieber Hugo, bis heute sind wir dageblieben, seit vor-
2684 1205 4150 1304 gestern arges Regenwetter, heut Nachmittag fährt bichar
2697 1304 4159 1360 vorbei; wir steigen zu ihm ein und bleiben noch ein paar
2688 1371 4142 1479 Tage in Salzburg-dann wahrscheinlich direkt Wien.gear-
2693 1456 4159 1568 beitet so gut wie nichts, aber grosse Sehnsucht darnach
2688 1559 4152 1659 Mit Burckhardt ein paar sehr angenehme Stunden. Das Rad
2693 1637 4165 1727 ununterbrochen schwer krank-es zeigt sich, dass die Tre¬
2695 1732 4165 1840 kurbel und noch einiges andere total hin war.Bin einmal
2693 1831 4150 1917 von St. Gilgen nach Lueg gefahren. Jetzt ist es ganz in
2695 1911 4148 2008 Ordnung und wird wahrscheinlich auf der Eisenbahn zer-
2697 2000 4178 2103 trümmert werden. Ihre (eine) Karte erhalten. Ob Sie schö
2695 2088 4155 2187 nes Wetter auf der Tour gehabt haben? Eine neulich ge-
2695 2159 4112 2283 kommene Karte leg ich bei. Lassen Sie sehr bald nach
2689 2254 3336 2352 Wien einiges vernehmen.
2693 2334 3461 2449 Wir grüssen Sie Beide Beide.
3112 2425 3511 2520 Herzlichst Ihr
3295 2524 3379 2628 1
