4442 3448
1635 690 1762 812 176
477 703 882 834 A.S. an H.v.H.
991 749 1117 873 114
477 812 678 902 B
479 846 1807 963 nur der Welt,den Erlebnissen, den Menschen, son-
477 921 1809 1052 dern auch jener einzigen Einheitlichkeit, die wir
477 1016 1880 1154 Kunstwerk nennen, durchaus nicht einheitlich, son-
482 1119 1810 1253 dern zugleich onkel-majors-mädchen-gutsbesitzer-
479 1222 1850 1317 träumerhaft ins Auge schauen. Gewöhnlich schreibt
477 1296 1762 1420 über die Dinge einer, der nur ein Onkel, nur in
473 1396 1816 1495 Träumer, nur ein Mädchen ist. All dies liesse sich
477 1475 1859 1619 richtiger ausdrücken, wozu mir die Sammlung in die-
479 1595 1097 1697 sem Augenblicke fehlt.
473 1667 1875 1764 Hoffentlich sieht man sich wieder, wenn Sie zurück-
477 1766 1861 1873 kehren aus München, Göttingen, Berlin, Lassen Sie ge-
477 1848 1326 1993 legentlich was von sich hören.
964 1939 1371 2069 Herzlichst Ihr
3802 661 3929 758 177
2716 697 3139 817 A.S. an H.v.H.
3243 756 3890 884 Wien, 25.6.1907.
2716 866 4073 988 Mein lieber Hugo, morgen fahren wir nach Villach;-
2732 934 4101 1061 von dort aus wollen wir uns umsehen, ob wir irgend
2726 1029 4117 1176 was (Velden? Wochein? oder sonstwo,-wenns gut geht,
2735 1138 4155 1240 zu längerem Aufenthalt finden. Den Buben lassen wir
2739 1215 4177 1325 erst nachkommen, wenn wir wissen, wo unseres Bleibens.
2739 1314 4178 1432 Der Roman, den ich nun tüchtig durchfeile, zum grossen
2748 1427 4096 1522 Teil natürlich neu schreibe, zieht mit. Das Winter-
2751 1481 4162 1597 stück hab ich weggeschmissen; nicht weggelegt, da ich
2744 1581 4162 1694 in ein schlechtes Verhältnis dazu geriet. Irgend ein
2764 1692 4110 1778 Wurzelfehler war da, so dass ich durch Korrigieren
2748 1771 4119 1889 nicht weiter kam. Vielleicht muss der Stoff in an-
2757 1857 4139 1984 dere Erde gesetzt werden, doch weiss ich noch nicht
2755 1948 4132 2070 in welche. Vorläufig gehen mir andere theatralische
2753 2058 4162 2174 Einfälle näher.-Wir haben in der letzten Zeit viele
2753 2133 4123 2260 Leute gesehen; es gab manche sehr gute Stunden, mit
2757 2233 4116 2343 Richard, Wassermann, Kainz, Fred und andere; auch das
2753 2337 4096 2438 Tenbis war schön-num lookt es mich doch ins ein-
2757 2411 4101 2511 samere. Der Gräfin Thun hab ich die Dämmerseelen
2757 2486 4078 2617 geschickt; sie hat in einem sehrbliebenswürdigen
