4495 3432
620 791 1031 871 A.S. an H.v.H.
1838 807 1965 907 136
1133 828 1284 924 (98)
1471 892 1762 981 30.6.1904.
639 955 1984 1083 Mein lieber Hugo, es geht mir noch recht gelb, aber
623 1054 2054 1156 doch im ganzen besser, dass Sie bald kommen wollen, ist
615 1140 2027 1249 sehr lieb, ich schlage Ihnen z. B.vor Mittwoch Mittag
615 1234 2027 1348 bei uns zu speisen, vielleicht kann ich da auch schon
615 1332 2002 1427 ein bischen spazieren gehn. Für die "Kunst" schönen
606 1416 2018 1516 Dank. Antworten Sie recht bald.Auch jeder andere Tag
611 1494 1033 1616 geht natürlich.
999 1576 1477 1698 Herzlichst Ihr A.
4015 696 4147 807 137
2882 718 3532 866 A.S. an H.v.H. [99]
3579 780 3978 896 Wien, 5.8.1904.
2887 876 4261 992 Lieber Hugo, Ihr Brief aus der Fusch hat mich sehr
3890 946 3988 1001 nun
2896 976 4202 1083 erfreut und ich bin begierig, was Sie xxx eigent-
2900 1053 4241 1154 lich alles susser dem Geretteten Venedig von die-
2902 1145 4225 1259 sem Sommer nachhause bringen werden. In der Wärme,
2902 1236 4193 1343 die uns umfliesst, in der Besonntheit der ganzen
2903 1315 4225 1432 Atmosphäre muss doch etwas seltsam befruchtendes
2902 1407 4312 1510 liegen, denn auch mir geht es so gut wie lange nicht.
2911 1507 4230 1601 Es hat begonnen an einem der ersten Tage, da ich
2914 1600 4271 1703 von meinem Unwohlsein wieder aufgestanden war - wo
2919 1719 4300 1815 ich nachmittags eine ganze Hovelette niederschrieb,
2916 1803 4295 1917 die mir (der Einfall bestand schon seit lange) Vor-
2919 1918 4286 2002 mittags auf einem Spaziergang aufgegangen war. Dann
2927 1993 4311 2079 arbeitete ich an dem Roman weiter, dessen Fülle ich
2912 2070 4206 2177 nur mehr möchte beherrschen können. Vom 12.-24.
2927 2155 4232 2264 (ungefähr) waren wir in Reichenau,wo ich auch in
2928 2243 4223 2360 guter Stimmung weiterschrieb. Ausflüge Nasswald,
2912 2326 4206 2453 Rax. Rad beinah gar nicht -die vielen mühelosen
2919 2422 4295 2515 Dahinraser im Automobil verderben einem die naiven
2918 2517 4295 2626 Freude. Aber es wird schon wieder kommen, in fremden
