4442 3448
1628 676 1763 775 178
419 664 833 821 A.S. an H.v.H.
1016 705 1093 814 117
421 756 1920 874 Telegramm gedankt. Wie lange bleiben Sie noch an Lido?
429 857 1806 962 Von xxx endgültigem Zeltaufschlag verständige ich
421 941 1927 1055 Sie gleich. Ich hoffe, Sie lesen im September was wun-
419 1042 1804 1211 dervolles vor. Seien Sie, und Gerty herzlichst ge-
421 1188 1093 1315 grüsst, von Olga und mir.
1067 1276 1186 1336 Ihr
1175 1293 1398 1428 Arthur.
3823 603 3941 754 179
2775 664 3185 771 A.S. an H.v.H.
3310 728 3454 850 116
3612 748 3918 842 25.1.1908.
2760 825 4158 939 Mein lieber Hugo, die Verhältnisse nähern sich sehr
2769 924 4192 1035 allmählich dem soit disant normalen. Die "ohnung ist
2769 1016 4195 1134 desinfiziert, Olga schon viel ausser Bett, Heini noch
2760 1110 3939 1224 nicht zuhaus; aber ich treffe ihn zuweilen.
2771 1209 4210 1319 In etwa 10 Tagen wollen wir auf den Semmering (jetzt.
2769 1302 4152 1407 heisst es, ist Influenza oben)und etwa 8 Tage oder
2769 1388 4210 1501 länger, mit Heini oben bleiben-dann erst öffnen sich
2769 1465 4184 1577 wieder unseres Hauses Pforten, Vielleicht sieht man
2760 1568 4130 1680 sich vorher schon in neutralem Gebiet—? Ich möchte
2768 1664 4162 1766 gern näheres über Sie, von Ihnen wissen, von andern,
2768 1765 4107 1873 selbst wenn die Andern Richards sind, erfährt man
2760 1839 3256 1944 doch nicht genug.
2760 1899 4186 2043 Mit edler Geste schuppsen Sie mir den Grillparzer-
2760 2019 4165 2129 Preis wieder zurück-immerhin bin ich froh, dass ich
2766 2113 4199 2212 ihn direkt bekommen hab-es vereinfacht die Einkassie-
2760 2202 4162 2313 rung.Mit Interviewern soll man natürlich nie spre-
2766 2311 4145 2423 chen (wenn man Ihnen nicht diktiert, wie es Andere
2756 2395 4201 2509 tun).ja man soll sie nicht empfangen, was aber schwer
