4508 3464
785 639 874 764 137.
1002 688 1591 820 11. März 1926 Bl. 2
206 700 639 831 A.S. an H.v.H.
761 750 879 846 14
318 801 1721 921 und der Rhythmus ist, den Sie in die deutsche Dich-
323 879 1649 1057 tung gebracht haben,- und wie er durch die Zeiten
328 1014 785 1145 weiter schwingt.
332 1066 1722 1225 Auf Wiedersehen also, sobald freundlichere Tage kom-
333 1222 466 1321 men.
663 1272 1070 1391 Von Herzen Ihr
1068 1352 1281 1461 Arthur.
349 1441 1672 1584 Lili bestell ich alles, sie wird sehr stolz sein,
356 1529 1696 1665 dass sie Ihnen "freundlichst verzeihen soll" (und
361 1609 1728 1766 dass sie zu so interessanten allgemeinen Bemerkun-
361 1745 824 1862 gen Anlass gab).
3064 761 3169 888 138
2588 824 3000 949 A.S. an H.v.H.
3047 867 3691 989 42 Wien, 26.2.1927.
2574 975 3933 1094 Mein lieber Hugo, ich danke Ihnen für Ihren Gruss
2590 1050 3907 1197 aus Girgenti. Der treffliche Regisseur Schulbaur,
2593 1162 3966 1277 früher Volksthester, wendet sich an mich: ich möchte
2586 1251 3975 1366 seine Bitte bei Ihnen unterstützen. Er will in der
2593 1338 3921 1447 Akademie mit seinen Schülern den Weissen Fächer
2590 1431 3963 1539 aufführen. Sie werden wohl nichts dagegen haben, so
2593 1532 3972 1628 wenig ich mich gegen dergleichen zu wehren pflege.
2590 1612 3935 1715 Auf Wiedersehen nach Ihrer Rückkehr. Ich wünsche
2591 1703 3919 1829 Ihnen weiterhin schöne Sicilianer Tage. Ich war
2588 1808 3408 1925 1904 in Taormina und Syracus.
2998 1888 3406 1996 Herzlichst Ihr
3396 1974 3614 2106 Arthur.
