4484 3432
1757 682 1833 745 31
500 716 878 819 A.S.au.H.v.H,
951 725 1088 826 30
1620 768 1712 850 93.
507 862 1851 929 Lieber Hugo, Sonntag gibt Mounet-Sully den Hamlet;
503 927 1840 985 da möcht ich gern hineingehn. Sie auch? Soll ich
503 965 1777 1021 für uns Beide Sitze nehmen? Was für eine Summe
509 1006 1659 1068 wollen Sie eventuell diesem Zwecke widmen?
509 1039 1804 1109 - Heut geh ich zum ungläubigen Thomas, morgen zu
498 1104 1681 1162 Madame Sans-gène. Bin äusserst kunstsinnig.-
554 1129 1793 1225 Beifolgende ergreifende Erzählung ist mit An-
507 1190 920 1272 dacht zu lesen.
927 1214 1165 1297 Herzlich
1180 1259 1281 1329 Ihr
1324 1301 1522 1371 Arthur,
498 1358 1463 1441 der eine baldige Antwort erwartet.-
1459 1416 1687 1526 Montag.-
2749 729 3128 813 A.S.an H.v.H.
3934 731 4017 819 32
3191 804 3276 891 31
3454 871 3844 954 Wien, 18.1.94.
3588 924 3896 1005 Donnerstag.
2753 992 4017 1070 Lieber Hugo, vielleicht kommen die beiliegenden
2751 1057 4057 1113 drei Kammermusikabende Ihrem Musikbedürfnis ent-
2756 1104 4062 1172 gegen. Iets Ihnen also recht,so möchte ich Ihnent-
2756 1154 4021 1205 einen Sitz neben mir, womöglich Galerie nehmen.-
2742 1187 4057 1252 Hier ist der Sitz für Mounet-Sully; 4 fl.20; was
2751 1234 3912 1277 freilich für einen armen Lichter viel ist.-
2742 1266 4066 1329 Sonntag werd ich vor dem Theater kaum zu Richard
2747 1324 4098 1374 können; (höchstens Sie von dort abholen), weil ich
2753 1364 4116 1425 vorhern irgendwo (bei Wetzlers) einen Thee trinken
2742 1409 2913 1466 muss.-
2738 1450 4089 1510 Herentgegen müsste es mit dem Teufel zugehen, wenn
2751 1499 4132 1549 ich nicht heute Abends um 10 ins Café Central käme,
2744 1539 4125 1593 wo wir dann immer ein Stündchen plaudern könnten -
2742 1585 4188 1634 freilich nurwenn Sie dort sind. Für alle Fälle pneu-
2734 1634 4163 1690 matisieren Sie mir wegen der Kammermusik und behal-
2744 1679 3728 1748 ten mich in freundlicher Erinnerung.
3205 1719 3299 1791 Ihr
3341 1750 3537 1829 Arthur.
