4492 3431
1660 596 1781 729 156
398 670 807 793 A.S. an Hlv.H.
1074 715 1208 801 106
403 776 647 850 scheint.
401 778 1762 969 Herzliche Grüsse und auf baldiges Wiedersehen. Mit
401 896 1818 1017 meinem "burlesken Abend" bei Reinhardt ists nichts.
409 992 1851 1144 Er will die Familienscene allein, die ich aber lieber
419 1085 1849 1193 für bessere Gelegenheit zurückbehalte. Ueber Kakadu-
429 1171 1690 1310 Abenteurer ist noch kein Telegramm eingelangt.
863 1274 953 1380 Ihr
967 1426 1056 1555 me
2707 698 3120 815 A.S. an H.v.H.
3975 709 4088 817 157
3272 711 3399 854 107
3531 764 4001 902 Wien, 31.12.1904.
2734 896 4225 1009 Lieber Hugo, ich habe Grunwald in Traumulus als probable-
2703 976 4127 1076 matischen Corpsstudenten, in der Frau vom Meer als
2707 1076 4217 1187 Lynstrand und dann im Geyer als... ich weiss nicht ge-
2703 1165 4270 1261 mehr was gesehen, und Brahm weiss, dass ich ich sehr schätz
2705 1269 4246 1380 und noch allerlei Möglichkeiten in ihm zu spüren glaube.
2703 1350 4135 1458 Er ist aber gewiss keine sehr reiche und keine
2699 1448 4260 1555 sehr starke Natur und hat auch das Geheimnisvolle nicht,
2693 1528 4139 1647 das manche haben, ohne stark und gross zu sein; er ist
2693 1625 4258 1748 sehr scharf umrissen, aber es ist nicht viel Luft um ihn.
2691 1703 4209 1834 Nun scheint es mir aber für den Jaffier notwendig, dass
4147 1723 4262 1779 man?
2691 1799 4122 1910 in seiner Persönlichkeit den vergangenen Zauber ahnt
2687 1875 4211 2021 und ich glaube, so etwas überzeugend herauszubringen ist
2678 1978 4225 2099 schauspielerisch ebenso schwer, ja an der Grenze des Mög-
2678 2068 4120 2183 lichen, wie dichterisch, Ihnen ist es nur dadurch (und
2678 2181 4126 2290 doch nicht ganz) gelungen, dass Sie zwei in ihrer Art
2680 2229 4240 2383 ausserordentliche Menschen, den Pierre und die Belviders,
2672 2356 4198 2467 einen, dessen Wesen Mut, die andere, deren Wesen Hingebung,
2652 2424 4137 2553 noch zu einer Zeit unter jenem Zauber stehen lassen.
