4495 3432
1858 755 1979 863 132
624 749 1028 876 A.S. an H.v.H.
1172 788 1287 903 95
1296 837 1890 960 XVIII.Spöttelgasse 7.
1296 940 1774 1047 4.11.1903.
622 1006 2075 1126 Lieber Hugo, über Elektra habe ich mich sehr gefreut,
632 1124 2099 1234 und das Goldmannsche Telegramm gehört zu dem Uebrigen.
628 1199 2044 1309 Denken Sie, dass er, seit er Wien verlassen, Mitte Sep-
637 1285 1803 1390 tember, keine Zeile an mich geschrieben hat.
634 1375 1983 1476 - Das Stück ist schon an Brahm abgegangen. Freitag
632 1475 2022 1563 gehen wir auf ein paar Tage auf den Semmering. Mitte
634 1563 1946 1660 nächster Woche möchte ich vorlesen. Sagen Sie mir
634 1636 2057 1750 bitte, ob Ihnen Donnerstag Abend 17 recht wäre. Fragen
637 1739 1976 1825 Sie auch gleich den Richard, Dieser Tage ist die
632 1811 2007 1910 Kakadu-Première in Paris; Antoine scheint sich nach
639 1932 2079 2062 einem Brief von ihm und von einigen andern, die Proben
637 2009 1568 2093 gesehen haben, viel zu versprechen.
637 2093 1998 2189 Grüssen Sie von uns beiden herzlich Gerty und Hof-
634 2169 1913 2262 mannsthal den Winzigen.Sich selber desgleichen.
639 2251 2033 2400 -Hat sich die Burg um die ihrer Hoheit entkleidete
632 2382 2044 2475 Griechin beworben?.. Aus dem alten Sophokles ein Zug-
637 2468 1440 2571 stück zu machen! Echt jüdisch.
1008 2532 1195 2666 Ihr A.
1168 2646 1250 2701 F.
4031 769 4152 872 133
2837 760 3239 881 A.S. an H.v.H.
3439 795 3549 885 96
3715 841 3906 948 (1902)
2824 929 4302 1026 Mein lieber Hugo, unter den jetzigen Witterungsverhält-
2841 1019 4304 1133 nissen empfiehlt es sich jedenfalls, unsern Spaziergang
2846 1131 4269 1205 erst gegen Abend, etwa von 5-e Uhr an zu machen und ir-
2852 1186 4196 1313 gendwo draussen (Salmannsdorf, etc.) zu nachtmahlen.
2848 1291 4225 1374 Richten Sie sichs also mit Gerty lieber so ein, dass
2843 1377 4233 1463 Sie an dem betreffenden Tag nicht mehr nach Rodaun
2846 1454 4262 1563 hinaus müssen. Unsere Gegend (worunter ich Pötzleins-
2852 1555 4249 1645 dorf, Neuwaldegg, Weidling Bach etc., kurz alles zwi-
2854 1620 4288 1724 schen der alten Tullner Reichsstrasse bis zur Donau
2852 1715 4256 1811 verstehe) ist wirklich wundervoll, ich radle manchmal
2861 1801 4233 1919 (zu selten) nur in den Wald zwischen Pötzleinsdorf
2852 1902 4233 1981 und Neuwaldegg und bin immer wieder von neuem ent-
2857 1978 4203 2095 zückt. Schade, dass man nirgends angenehme oder nur
2852 2064 4229 2187 mögliche Hotels findet. Ich schlage Ihnen den Mitt-
2852 2148 4165 2264 woch vor, an welchem Tag wir Sie mit Gerty um 5
2857 2246 4205 2349 erwarten. Sind Sie aber schon Vormittag in Wien, so
2854 2312 4288 2431 wäre es ausnehmend nett, wenn Sie bei uns schon speis-
2863 2439 4277 2506 ten (gegen ½) -wir ruhen uns dann in der Nachmittags-
2854 2497 4289 2611 hitze aus, und gehen fort, wanns uns beliebt. Viel liegt
