4508 3464
1536 677 1658 788 198
417 679 831 793 A.S. an H.v.H.
1029 700 1145 782 128
1259 775 1581 872 22.10.1911.
1020 771 1138 855 131
402 876 1824 984 Mein lieber Hugo, ich danke für Ihr liebes Telegramm
419 939 1813 1054 aus Neubeuern, das ich für alle Fälle schon nach Ro-
419 1033 1798 1136 daun beantworte. Ich reise Ende der Woche ab, Prag,
419 1121 1864 1228 Dresden (Vorlesungen),-dann Berlin-Hamburg (Beatrice,
425 1214 1868 1325 Weites Land, Anatol—) bin gegen Mitte November zurück.
423 1304 1884 1411 Vorher werden wir einander wohl kaum sehen. Für Herbst
419 1390 1854 1508 und Winter aber hoff ich ein häufigeres Zusammensein
419 1512 1873 1577 als es mir die letzten Jahre beschieden war. Was ists
417 1583 1196 1690 mit "Jedermann" und allerlei?
417 1677 1181 1780 Wir grüssen Euch herzlichst
1147 1766 1257 1862 Ihr
1254 1854 1471 1954 Arthur.
3851 689 3952 812 199
2659 758 3074 851 A.S. an H.v.H.
3142 767 3262 863 129
3140 823 3722 943 132 Wien, 12.6.1912.
2657 928 4034 1031 Mein lieber Hugo, für Ihren schönen Brief, der mir
2668 1024 4089 1126 ans Herz gegriffen hat, muss ich Ihnen gleich danken.
2668 1100 4003 1207 Zu erwiedern hab ich nur mit dem Wunsch, dass es
2668 1192 4044 1306 zwischen uns bleibe, wie es war und ist, was die un-
2670 1274 4046 1392 zerstörbare innere Verknüpfung anbelangt-dass aber
2680 1370 4048 1490 die äusseren Verknüpfungen sich etwas häufiger er-
2672 1463 4134 1576 geben sollten, als bisher. Denn das "Umeinanderwissen"
2680 1561 4064 1673 ist zwar ein edles und schmackhaftes, aber doch ein
2676 1662 3434 1748 mageres Brot für die Seele.
2674 1737 4106 1836 Und um gleich den Anfang zu machen,wir möchten gerne
2674 1838 4173 1916 nächste Woche bei Euch angefahren kommen, in den frühen
2683 1924 4162 2019 Abendstunden; gegen Ende, ich schreibe oder telegraphie-
2665 2027 4165 2105 re den Tag am Montag oder Dienstag, jetzt mach ich mich
2680 2107 4072 2210 eben fertig, um nach Prag zu fahren, wo ich gezykelt
2680 2206 4165 2281 werde. Ich soll mir den Einsamen Weg vorspielen lassen.
2674 2294 3567 2395 Wir grüssen-uch herzlichst. Ihr
3561 2352 3791 2491 Arthur.
