<?xml version="1.0" encoding="UTF-8" standalone="yes"?>
<PcGts xmlns="http://schema.primaresearch.org/PAGE/gts/pagecontent/2013-07-15" xmlns:xsi="http://www.w3.org/2001/XMLSchema-instance" xsi:schemaLocation="http://schema.primaresearch.org/PAGE/gts/pagecontent/2013-07-15 http://schema.primaresearch.org/PAGE/gts/pagecontent/2013-07-15/pagecontent.xsd">
    <Metadata>
        <Creator>prov=READ-COOP:name=TrHtr:version=2.1.0:model_id=51170:date=25_07_2023_05:12</Creator>
        <Created>2023-05-01T21:56:39.772+02:00</Created>
        <LastChange>2023-07-25T05:12:51.298+02:00</LastChange>
        <TranskribusMetadata docId="1416436" pageId="54946444" pageNr="69" tsid="130585598" status="IN_PROGRESS" userId="64420" imgUrl="https://files.transkribus.eu/Get?id=KESLUQZEKTHEZCWPUTJHNREE&amp;fileType=view" xmlUrl="https://files.transkribus.eu/Get?id=TQFEBRXJMCQXIDEVYUBTPAJM" imageId="44450529"/>
    </Metadata>
    <Page imageFilename="1416436_0069.jpg" imageWidth="4513" imageHeight="3433">
        <ReadingOrder>
            <OrderedGroup id="ro_1711831592315" caption="Regions reading order">
                <RegionRefIndexed index="0" regionRef="tr_2"/>
                <RegionRefIndexed index="1" regionRef="tr_1"/>
            </OrderedGroup>
        </ReadingOrder>
        <TextRegion id="tr_2" custom="readingOrder {index:0;}">
            <Coords points="537,705 1800,705 1800,1577 537,1577"/>
            <TextLine id="tr_2_tl_1" custom="readingOrder {index:0;}">
                <Coords points="1013,791 1027,793 1039,782 1041,786 1054,780 1057,784 1070,775 1084,777 1091,772 1117,770 1121,686 1093,683 1075,695 1052,699 1041,694 1015,701"/>
                <Baseline points="1023,761 1032,758 1077,755 1122,755"/>
                <TextEquiv>
                    <Unicode>93</Unicode>
                </TextEquiv>
            </TextLine>
            <TextLine id="tr_2_tl_2" custom="readingOrder {index:1;}">
                <Coords points="530,811 628,821 678,807 695,816 720,798 866,811 945,784 945,734 841,736 811,750 786,729 722,740 670,717 598,740 530,738"/>
                <Baseline points="540,788 546,785 591,788 635,788 680,788 725,788 770,788 814,788 859,788 904,788 949,782"/>
                <TextEquiv>
                    <Unicode>A.S. an H.v.H.</Unicode>
                </TextEquiv>
            </TextLine>
            <TextLine id="tr_2_tl_3" custom="readingOrder {index:2;}">
                <Coords points="1591,800 1603,798 1625,811 1639,800 1662,807 1690,788 1705,788 1703,722 1648,725 1635,715 1611,717 1600,708 1589,708"/>
                <Baseline points="1600,785 1644,782 1689,785 1707,785"/>
                <TextEquiv>
                    <Unicode>130</Unicode>
                </TextEquiv>
            </TextLine>
            <TextLine id="tr_2_tl_4" custom="readingOrder {index:3;}">
                <Coords points="536,963 764,997 844,968 1091,990 1270,961 1270,906 919,899 867,921 800,890 764,913 536,910"/>
                <Baseline points="546,961 591,961 635,964 680,961 725,961 770,961 814,961 859,961 904,961 949,961 994,961 1038,961 1083,961 1128,961 1173,961 1217,961 1262,964 1274,961"/>
                <TextEquiv>
                    <Unicode>bei Lebzeiten herausgeben. -</Unicode>
                </TextEquiv>
            </TextLine>
            <TextLine id="tr_2_tl_5" custom="readingOrder {index:4;}">
                <Coords points="539,1078 1781,1061 1765,984 1717,1013 1350,965 1279,1002 1009,976 667,1018 539,983"/>
                <Baseline points="549,1044 594,1047 638,1047 683,1047 728,1047 773,1047 817,1047 862,1047 907,1047 952,1047 997,1050 1041,1047 1086,1047 1131,1047 1176,1047 1220,1047 1265,1047 1310,1047 1355,1047 1400,1047 1444,1044 1489,1047 1534,1047 1579,1047 1623,1047 1668,1047 1713,1047 1758,1047 1785,1047"/>
                <TextEquiv>
                    <Unicode>Wie steht es mit Ihren ferneren Sommerplänen?</Unicode>
                </TextEquiv>
            </TextLine>
            <TextLine id="tr_2_tl_6" custom="readingOrder {index:5;}">
                <Coords points="569,1160 1795,1164 1795,1073 569,1075"/>
                <Baseline points="579,1131 623,1137 668,1137 713,1137 758,1137 803,1137 847,1137 892,1137 937,1137 982,1137 1026,1137 1071,1137 1116,1137 1161,1140 1206,1137 1250,1140 1295,1140 1340,1140 1385,1140 1429,1137 1474,1137 1519,1137 1564,1137 1609,1137 1653,1137 1698,1137 1743,1137 1788,1137 1800,1140"/>
                <TextEquiv>
                    <Unicode>Ich denke etwa um den 1 0. August nach Südtirol</Unicode>
                </TextEquiv>
            </TextLine>
            <TextLine id="tr_2_tl_7" custom="readingOrder {index:6;}">
                <Coords points="536,1238 1733,1227 1697,1160 1236,1156 1148,1192 1080,1155 536,1169"/>
                <Baseline points="546,1226 573,1226 617,1226 662,1223 707,1223 752,1223 797,1223 841,1223 886,1223 931,1223 976,1223 1020,1223 1065,1226 1110,1226 1155,1226 1200,1223 1244,1223 1289,1223 1334,1223 1379,1226 1423,1223 1468,1223 1513,1223 1558,1223 1603,1223 1647,1223 1692,1223 1737,1220"/>
                <TextEquiv>
                    <Unicode>zu gehen. Mendl, Campiglio, Richard will mit -</Unicode>
                </TextEquiv>
            </TextLine>
            <TextLine id="tr_2_tl_8" custom="readingOrder {index:7;}">
                <Coords points="527,1339 1751,1332 1751,1268 1701,1243 1529,1275 1290,1235 527,1261"/>
                <Baseline points="537,1310 582,1310 626,1310 671,1310 716,1310 761,1310 806,1310 850,1310 895,1310 940,1310 985,1310 1029,1310 1074,1310 1119,1310 1164,1310 1209,1310 1253,1310 1298,1310 1343,1310 1388,1313 1432,1310 1477,1313 1522,1310 1567,1313 1612,1313 1656,1313 1701,1310 1746,1310 1755,1310"/>
                <TextEquiv>
                    <Unicode>radeln.Lassen Sie baldigst von sich hören. Wir</Unicode>
                </TextEquiv>
            </TextLine>
            <TextLine id="tr_2_tl_9" custom="readingOrder {index:8;}">
                <Coords points="534,1431 871,1405 990,1435 1043,1412 1208,1460 1254,1433 1460,1428 1460,1375 1332,1343 1071,1362 1000,1327 956,1355 750,1341 532,1371"/>
                <Baseline points="543,1400 588,1403 632,1400 677,1400 722,1400 767,1400 811,1400 856,1400 901,1400 946,1400 991,1400 1035,1400 1080,1400 1125,1400 1170,1400 1214,1400 1259,1400 1304,1400 1349,1400 1394,1403 1438,1406 1465,1406"/>
                <TextEquiv>
                    <Unicode>grüssen Sie und Gerty herzlichst.</Unicode>
                </TextEquiv>
            </TextLine>
            <TextLine id="tr_2_tl_10" custom="readingOrder {index:9;}">
                <Coords points="912,1509 945,1515 972,1506 1018,1527 1031,1518 1048,1520 1064,1508 1094,1515 1114,1511 1112,1458 1077,1458 1064,1446 1031,1444 1020,1451 1009,1447 999,1456 961,1446 949,1447 935,1460 921,1451 910,1453"/>
                <Baseline points="922,1486 967,1486 1011,1486 1056,1489 1101,1492 1116,1489"/>
                <TextEquiv>
                    <Unicode>Ihr A.</Unicode>
                </TextEquiv>
            </TextLine>
            <TextLine id="tr_2_tl_11" custom="readingOrder {index:10;}">
                <Coords points="958,1614 972,1611 995,1621 1016,1612 1059,1625 1086,1612 1100,1612 1100,1511 1075,1515 1064,1508 1045,1522 1025,1520 1018,1527 993,1520 972,1506 958,1508"/>
                <Baseline points="967,1567 1011,1567 1056,1567 1101,1567 1104,1567"/>
                <TextEquiv>
                    <Unicode>====</Unicode>
                </TextEquiv>
            </TextLine>
        </TextRegion>
        <TextRegion id="tr_1" custom="readingOrder {index:1;}">
            <Coords points="2683,714 4101,714 4101,1822 2683,1822"/>
            <TextLine id="tr_1_tl_1" custom="readingOrder {index:0;}">
                <Coords points="2677,812 2748,804 2774,779 2820,789 2829,780 2877,789 2897,775 2937,788 3074,779 3072,736 3030,725 2934,733 2907,715 2852,711 2795,734 2765,713 2726,720 2703,740 2675,734"/>
                <Baseline points="2686,764 2731,767 2776,770 2821,767 2865,770 2910,770 2955,770 3000,770 3044,773 3077,773"/>
                <TextEquiv>
                    <Unicode>A.S.an H.v.H.</Unicode>
                </TextEquiv>
            </TextLine>
            <TextLine id="tr_1_tl_2" custom="readingOrder {index:1;}">
                <Coords points="3782,800 3796,804 3803,798 3808,804 3814,800 3837,807 3853,802 3863,809 3870,805 3895,807 3893,694 3879,697 3869,690 3858,695 3844,692 3833,701 3812,690 3808,694 3780,692"/>
                <Baseline points="3791,767 3836,764 3880,767 3898,767"/>
                <TextEquiv>
                    <Unicode>131</Unicode>
                </TextEquiv>
            </TextLine>
            <TextLine id="tr_1_tl_3" custom="readingOrder {index:2;}">
                <Coords points="3205,812 3225,818 3241,811 3255,819 3269,814 3281,823 3296,812 3306,819 3320,818 3319,715 3301,713 3287,720 3278,711 3260,706 3257,711 3246,710 3226,699 3202,704"/>
                <Baseline points="3215,779 3259,776 3304,779 3325,782"/>
                <TextEquiv>
                    <Unicode>94</Unicode>
                </TextEquiv>
            </TextLine>
            <TextLine id="tr_1_tl_4" custom="readingOrder {index:3;}">
                <Coords points="3438,874 3487,867 3553,896 3579,869 3617,862 3631,873 3663,864 3700,876 3716,867 3737,873 3737,812 3700,816 3643,796 3618,811 3602,798 3551,811 3539,802 3508,809 3480,788 3438,782"/>
                <Baseline points="3447,853 3492,853 3537,853 3582,850 3627,850 3671,853 3716,853 3740,856"/>
                <TextEquiv>
                    <Unicode>29.9.1903.</Unicode>
                </TextEquiv>
            </TextLine>
            <TextLine id="tr_1_tl_5" custom="readingOrder {index:4;}">
                <Coords points="2685,951 4002,949 4002,910 3874,885 2685,906"/>
                <Baseline points="2695,943 2707,943 2752,943 2797,940 2841,940 2886,940 2931,943 2976,943 3021,940 3065,940 3110,940 3155,940 3200,940 3244,940 3289,940 3334,940 3379,940 3424,940 3468,940 3513,940 3558,940 3603,940 3647,940 3692,940 3737,940 3782,940 3827,940 3871,940 3916,937 3961,937 4006,934"/>
                <TextEquiv>
                    <Unicode>Lieber Hugo, vielleicht sehen Sie Bahr in diesen</Unicode>
                </TextEquiv>
            </TextLine>
            <TextLine id="tr_1_tl_6" custom="readingOrder {index:5;}">
                <Coords points="2689,1064 3033,1036 3154,1073 3304,1036 3794,1066 3941,1032 3941,984 3716,992 3608,953 3537,992 3186,963 2689,1000"/>
                <Baseline points="2698,1029 2737,1029 2782,1029 2827,1029 2871,1029 2916,1029 2961,1029 3006,1029 3050,1029 3095,1029 3140,1026 3185,1026 3230,1026 3274,1026 3319,1026 3364,1029 3409,1029 3453,1029 3498,1029 3543,1029 3588,1026 3633,1026 3677,1026 3722,1026 3767,1026 3812,1026 3856,1026 3901,1023 3946,1026"/>
                <TextEquiv>
                    <Unicode>Tagen, und er käme Samstag auch nach Hietzing?-</Unicode>
                </TextEquiv>
            </TextLine>
            <TextLine id="tr_1_tl_7" custom="readingOrder {index:6;}">
                <Coords points="2689,1149 3610,1126 4021,1164 4088,1135 4088,1075 2689,1086"/>
                <Baseline points="2698,1113 2743,1116 2788,1116 2832,1116 2877,1116 2922,1116 2967,1119 3012,1119 3056,1116 3101,1119 3146,1116 3191,1116 3235,1113 3280,1116 3325,1116 3370,1116 3415,1116 3459,1116 3504,1116 3549,1116 3594,1116 3638,1116 3683,1113 3728,1113 3773,1116 3818,1116 3862,1116 3907,1119 3952,1119 3997,1116 4041,1116 4086,1119 4092,1119"/>
                <TextEquiv>
                    <Unicode>Wir freuen uns, dass es Ihnen Beiden bei uns behagt</Unicode>
                </TextEquiv>
            </TextLine>
            <TextLine id="tr_1_tl_8" custom="readingOrder {index:7;}">
                <Coords points="2673,1233 4099,1210 4062,1155 3977,1151 2673,1146"/>
                <Baseline points="2683,1194 2728,1203 2773,1206 2818,1203 2862,1203 2907,1203 2952,1203 2997,1203 3041,1203 3086,1203 3131,1203 3176,1203 3221,1203 3265,1203 3310,1203 3355,1203 3400,1203 3444,1203 3489,1203 3534,1203 3579,1203 3624,1203 3668,1203 3713,1203 3758,1206 3803,1203 3847,1206 3892,1206 3937,1206 3982,1203 4027,1203 4071,1203 4101,1203"/>
                <TextEquiv>
                    <Unicode>ist: Ihre sehr wahren Bemerkungen über Spiel und Ge-</Unicode>
                </TextEquiv>
            </TextLine>
            <TextLine id="tr_1_tl_9" custom="readingOrder {index:8;}">
                <Coords points="2698,1323 2755,1304 2950,1346 3081,1300 3115,1323 3657,1307 3657,1270 3555,1236 3420,1268 3292,1235 3017,1259 2886,1231 2826,1265 2698,1268"/>
                <Baseline points="2707,1292 2752,1295 2797,1295 2841,1295 2886,1292 2931,1295 2976,1295 3021,1295 3065,1295 3110,1292 3155,1292 3200,1292 3244,1292 3289,1292 3334,1292 3379,1292 3424,1295 3468,1295 3513,1292 3558,1292 3603,1295 3647,1295 3662,1298"/>
                <TextEquiv>
                    <Unicode>sang hat Olga mit Einsicht gelesen.</Unicode>
                </TextEquiv>
            </TextLine>
            <TextLine id="tr_1_tl_10" custom="readingOrder {index:9;}">
                <Coords points="2689,1408 4064,1396 4026,1325 2689,1327"/>
                <Baseline points="2698,1382 2743,1382 2788,1382 2832,1379 2877,1382 2922,1379 2967,1379 3012,1379 3056,1379 3101,1382 3146,1379 3191,1379 3235,1379 3280,1379 3325,1379 3370,1382 3415,1382 3459,1382 3504,1382 3549,1382 3594,1382 3638,1382 3683,1382 3728,1382 3773,1385 3818,1382 3862,1382 3907,1382 3952,1382 3997,1382 4041,1385 4068,1388"/>
                <TextEquiv>
                    <Unicode>Das Bild werden Sie haben; und einen schönen Rahmen</Unicode>
                </TextEquiv>
            </TextLine>
            <TextLine id="tr_1_tl_11" custom="readingOrder {index:10;}">
                <Coords points="2689,1486 2726,1493 2842,1479 2893,1495 2914,1486 2969,1492 2980,1483 3007,1490 3007,1426 2978,1415 2953,1430 2900,1417 2879,1426 2861,1415 2813,1430 2801,1419 2785,1426 2746,1412 2726,1421 2689,1408"/>
                <Baseline points="2698,1468 2743,1468 2788,1468 2832,1468 2877,1465 2922,1468 2967,1468 3009,1471"/>
                <TextEquiv>
                    <Unicode>obendrein.</Unicode>
                </TextEquiv>
            </TextLine>
            <TextLine id="tr_1_tl_12" custom="readingOrder {index:11;}">
                <Coords points="2682,1591 2999,1564 3214,1598 3384,1564 3461,1593 3514,1564 3732,1600 3732,1525 3636,1502 3540,1527 2682,1511"/>
                <Baseline points="2692,1555 2737,1555 2782,1555 2827,1555 2871,1555 2916,1555 2961,1555 3006,1555 3050,1555 3095,1555 3140,1558 3185,1558 3230,1555 3274,1558 3319,1558 3364,1555 3409,1555 3453,1555 3498,1555 3543,1555 3588,1555 3633,1558 3677,1561 3722,1561 3737,1561"/>
                <TextEquiv>
                    <Unicode>Mit dem Arbeiten geht es nun vorwärts,</Unicode>
                </TextEquiv>
            </TextLine>
            <TextLine id="tr_1_tl_13" custom="readingOrder {index:12;}">
                <Coords points="2691,1673 2781,1667 2852,1689 2891,1671 2925,1685 2953,1671 3026,1690 3101,1660 3138,1678 3138,1614 3072,1584 3053,1595 2989,1582 2815,1595 2785,1577 2751,1596 2691,1582"/>
                <Baseline points="2701,1644 2746,1644 2791,1644 2835,1641 2880,1641 2925,1641 2970,1641 3015,1641 3059,1641 3104,1644 3143,1644"/>
                <TextEquiv>
                    <Unicode>Auf Wiedersehen</Unicode>
                </TextEquiv>
            </TextLine>
            <TextLine id="tr_1_tl_14" custom="readingOrder {index:13;}">
                <Coords points="3093,1765 3111,1768 3127,1758 3170,1791 3193,1783 3230,1784 3258,1765 3287,1767 3285,1692 3265,1690 3253,1697 3234,1683 3210,1699 3182,1685 3163,1690 3147,1678 3124,1682 3115,1673 3092,1682"/>
                <Baseline points="3104,1731 3149,1731 3194,1731 3238,1734 3283,1734 3289,1734"/>
                <TextEquiv>
                    <Unicode>Ihr A.</Unicode>
                </TextEquiv>
            </TextLine>
            <TextLine id="tr_1_tl_15" custom="readingOrder {index:14;}">
                <Coords points="3264,1862 3287,1862 3306,1854 3319,1857 3333,1850 3347,1852 3347,1767 3336,1767 3328,1774 3320,1770 3308,1772 3294,1761 3285,1767 3264,1768"/>
                <Baseline points="3274,1812 3319,1812 3352,1812"/>
                <TextEquiv>
                    <Unicode>B</Unicode>
                </TextEquiv>
            </TextLine>
        </TextRegion>
    </Page>
</PcGts>
