4495 3432
1756 748 1871 845 138
550 761 958 854 A.S. an H.v.H.
1213 760 1362 897 1991
559 884 1954 995 Gegenden. xxxn sind wir seit etwa 12 Tagen wie-
558 974 2008 1082 der in Wien und in unserer angenehmen Wohnung gefällt
559 1076 1984 1180 es uns sehr gut und wir finden uns alle Vater, Mutter
565 1160 1988 1267 und Kind behaglich. Seit der Julius auf Ferien ist
565 1260 1978 1371 steht uns sein Fiaker nur Verfügung,und so fahr ich
561 1354 1932 1456 mit Olga jeden Abend aufs Land, immer aufz neue und
574 1436 2006 1530 immer mehr entzückt von diesen Wiener Wald Landschaf-
574 1547 1964 1638 ten-die mich beinah immer so ergreifen, als käme ich
569 1630 1990 1730 nach langen Jahren von irgendwoher in diese heimat-
571 1708 2006 1812 liche Wundersamkeit zurück. Gestern Abend fuhren wir
576 1812 1986 1912 an dem verwaisten Rodaun ganz nah vorüber, von Mauer
574 1919 1910 1995 über Kalksburg (eine Waldstrasse, Klausenstrasse
580 1984 1915 2084 glaub ich, die ich noch gar nicht kannte) nach dem
576 2069 2016 2151 Roten Stadl, und haben Ihrer und Richards herzlich ge-
576 2156 2025 2279 dacht. (Es war sozusagen eine ungeschriebene Ansichts-
571 2266 1923 2362 karte, die sich abspielte/- Vor ein paar Tagen, in
571 2353 2060 2429 Mauerbach, entwickelte sich plötzlich aus einer kleinen
569 2421 1936 2551 Notiz, die ich in meid Büchel eingetragen hatte, im
571 2510 1912 2629 Gespräch mit Olga, ein völliges Lustspielsujet, am
3985 665 4107 787 139
2844 700 3244 789 A.S. an H.v.H.
3460 708 3614 834 [99]
2845 798 4226 915 nächsten Tag entwarf ich das Scenarium, am übernäch-
2851 915 4168 1028 sten standen die Gestalten schon so klar vor mir,
2845 989 4281 1117 dass ich mich berechtigt fühlte, die erste schlamperte
2849 1097 4227 1206 Niederschrift zu beginnen, die mich wohl nicht lange
2849 1162 4296 1304 in Anspruch nehmen wird. Es kann, wenn die Laune bleibt
2849 1267 4181 1391 ein preciöses Ding werden. Ein anderes Stück, eine
2849 1358 4196 1476 fünfaktige Komödie, von der in Taormina drei Akte
2849 1452 4248 1571 ganz flüchtig und zum Theil blödsinnig hinge Schmis-
2845 1543 4220 1651 sen wurden, die sich aber hier, wenigstens im Plan, zu
2845 1651 4220 1749 etwas sehr möglichem entwickelte, bleibt nun bis auf
2836 1734 4187 1825 weiteres liegen. Von dem phantastisch historischen
2836 1801 4161 1921 Stück und manchem andern, das in zweiter Reihe und
2836 1901 4137 2012 dritter steht, will ich vorläufig nicht reden; ich
2831 1995 4257 2097 möchte nur das strategische Talent haben, die Truppen,
2829 2077 4226 2180 die ich vorläufig nicht brauche, mit der nötigen Au-
2829 2179 4159 2275 torität in die Reserve oder wenigstens hinter die
2832 2267 4244 2375 Schlachtlinie zu verweisen. (Hören Sie den ehemaligen
2820 2355 4231 2447 k.u.k. Oberarzt aus diesen Worten trompeten?) Ausser-
2823 2436 4170 2566 dem möchte ich allerdings noch manches andere: vor
