4520 3432
1772 686 1860 766 96
1086 673 1190 781 77
551 664 955 784 A.S. an H.v.H.
1104 772 1761 851 Velden, Pension Pundschu,
1104 835 1334 932 27.7.99.
551 919 1973 978 Mein lieber Hugo; etwa am 5. August soll von Toblach
562 1009 1960 1075 aus die Fusstour angetreten werden, Richard, (der bis
562 1122 1899 1190 dahin mit der Novelle fertig ist und der neulich,
556 1186 1973 1264 in viel besserer Stimmung als ich vermutet, hier war,
560 1300 1958 1361 und den ich Sonntag am Millstättersee sehe), Wasser-
562 1400 1892 1461 mann, ich, (am End auch Robert Hirschfeld und wenn
565 1477 1982 1563 er sich dazu entschliesst Gustav Schwk.) ; südtiroli¬
556 1572 1976 1659 sche Pässe, Ende etwa 15.August in Trient,resp.Bozen.
565 1689 1958 1772 Zweite Hälfte August verbring ich in Ischl. So käme
571 1773 1942 1858 dann, wie es ja auch ihnen lieb wäre, unsere thürin-
565 1867 1966 1958 gische Radpartie anfangs September. Bleiben wir aber
562 1953 1120 2045 dabei, wenns möglich.
562 2030 1910 2122 -Ich habe zu arbeiten begonnen; das Stück. Es war
560 2152 1922 2220 doch weiter als ich gedacht, und wenn ich auch auf
560 2233 1910 2310 der Reise arbeiten kann, bin ich im Herbst am Ende
555 2308 1910 2404 fertig. Manchmal scheints mir, dass es was werden
553 2396 1845 2484 könnte - oft aber bin ich wie vor den Kopf ge-
556 2468 1928 2569 schlagen. Das Gefühl habe ich halt noch immer
3870 662 3962 756 97
2763 670 3441 779 A.S. an H.v.H. 77
2777 784 3987 860 dass ich nicht weiss - für wen eigentlich -?
2771 849 4107 976 - Schreiben sie mir gleich ein Wort nach Toblach,
2780 942 4191 1054 Düdbahnhotel. Wo werden Sie in der zweiten Hälfte
2777 1048 4177 1154 August sein? Und was Ihr Stück anlangt, so darf man
2780 1154 3761 1253 ja da wirklich sagen : "Glück auführ
2773 1253 4134 1359 Das Bad hier war prächtig; nun freu ich mich aber,
2780 1341 4222 1434 dass ich wieder wo anders hinkomme. Wasserm. schreibt
2773 1440 3247 1535 seinen Roman ab.-
2779 1526 4053 1614 -In Tobl, bin ich noch mit Anna und Schwester
2773 1624 3177 1743 Herzlichst Ihr
3683 1696 3843 1788 Arth.
3321 1791 3470 1865 ====
