4498 3432
1083 703 1197 813 14
1682 723 1774 812 13
452 727 867 824 A.S. an H.v.H.
1192 813 1487 902 27.3.1892.
466 883 1818 984 Lieber Freund, es war mir sehr leid, dass Sie heute
470 964 1755 1026 nicht kamen. Bölsche hat auch mir geschrieben -
474 1010 1770 1071 auf eine Anfrage, ob man Gedichte einsenden kann
470 1043 1787 1116 und was mit meinen "Elexieren" los sei.- Er will
470 1083 1842 1162 die "Elexiere" bringen, „so bald es geht“, aber "of-
474 1146 1794 1210 fen gestanden sind sie ihm nicht so lieb, wie die
465 1186 1761 1243 erste Novelle, sie sind lange nicht so aktuell."
466 1217 1866 1307 Sagt ich's nicht? auch die Herrn haben schon ihre
465 1274 1866 1337 Zopf. Wir brauchen ja doch "unser" Blatt!- Ich will
466 1328 1761 1379 übrigens das "Himmelbett" an Bölsche schicken.-
465 1353 1869 1429 Gestern sprach ich Herrn Leo Geiringer, den Dramatur
470 1405 1823 1480 gen des Deutschen Volkstheaters, der mich um mein
461 1452 1860 1526 Märchen gebeten hatte - ich sandte es ihm als "Priv
457 1493 1867 1572 mann". - Er sagte: "Wirklich ein hübsches Talent, ich
461 1541 1869 1627 muss nur bedauern, dass Sie sich dieser Richtung zu-
472 1599 858 1667 gewandt haben!
474 1647 929 1713 Ich..?...! -?
465 1649 1875 1746 Er: Nun ja, Sie werden doch zugeben, der Schluss ist
474 1737 872 1805 unbefriedigend,
468 1746 1362 1853 Ich:...!.. in den Charakteren..
465 1781 1880 1902 Er. Die Erfahrung lehrt nun einmal, dass unser Publ
465 1873 802 1941 kum etc. etc.
474 1908 1050 1981 Ich:... Wildente!!...
476 1945 1770 2014 Er: Den Einfluss merkt man auch deutlich., ich
465 2007 1750 2077 will nicht gerade sagen, dass Sie abgeschrieben
465 2057 729 2115 haben...
470 2075 1271 2165 Ich! (umgekehrt geschrieben)
709 2114 1890 2189 Herzlichst der Ihre, und kommen Sie Diensta
461 2181 1214 2257 gef. zur Bahr'schen Mystik!
3946 734 4045 823 14
3296 769 3388 865 15
2751 784 3138 891 A.S. an H.v.H.
3544 885 3836 973 24.4.1892.
2747 883 3149 979 Lieber Freund,
2756 953 4023 1045 Dienstag vor 5 Uhr wird Herr Rosner in meiner
2765 1028 3999 1100 Wohnung eine Hovelle vorlesen; wen n Sie Zeit
2751 1074 3680 1159 haben, so kommen Sie gütiget auch.
3024 1122 3267 1194 Herzlich
3250 1151 3344 1236 Ihr
3351 1195 3674 1293 Arthur Sch.
3199 1298 3401 1353 =========
3516 1320 3970 1418 Sommer 92.
3234 1364 3324 1434 16
2753 1419 4001 1484 Lieber Loris! Nächstens mehr! Heute nur eine
2758 1471 4137 1537 Frage.- Mein Anatol-Cyklus erscheint im Oktober im
2758 1530 4121 1585 Bibl. Bureau (nächstens näheres.) - Ihr Gedicht lei-
2758 1572 4108 1621 tet die Sammlung ein; wollen Sie ihm irgend einen
2758 1607 4128 1675 Namen geben; haben Sie sonst irgendwelche Wünsche?
2753 1656 3886 1726 Möchten Sie ihm Inhalt verzeichnet sein? -
2765 1673 4082 1748 - In ein paar Tagen beginnt die Drucklegung. Auf
2756 1739 4146 1807 Ihren erfreulichen Brief muss ich Ihnen noch ant-
2756 1794 4108 1847 worten.- Bitte baldige Auskunft.- Haben Sie schon
2765 1836 4086 1908 bemerkt, wie miserabel die "Agonie" ist?- Gut ist
2751 1867 3942 1946 nur "Frage an das Schicksal" und „Episode“.
2758 1924 3401 1992 Wie gehts Ihrem Stück?-
2753 1941 4104 2027 Meine Hovelle ist in 2,3 Tagen beendet - ich habe
2751 2016 4223 2103 nemlich Zeit, während der Ordinationsstunde zu schreit
2758 2069 2876 2134 ben!
3131 2095 3232 2178 Ihr
3272 2136 3478 2220 Arthur.
3325 2216 3489 2308 ====-
