4513 3433
1161 644 1271 743 881
613 685 1016 769 A.S. an H.v.H.
1767 679 1877 762 120
620 755 1993 851 bewusst, dass ich Ihnen damit einen Wunsch abschla-
611 872 1956 940 ge, auf dessen Erfüllung in den nächsten Tagen Sie
616 940 2019 1023 Wert legen. Aus Ihrem heutigen Briefe sehe ich, dass
611 1024 1998 1114 ich Sie verletzt habe; reichen Sie mir die Hand und
613 1119 1296 1205 seien Sie mir nicht böse.
622 1208 1010 1305 Von Herzen Ihr
1583 1298 1799 1397 Arthur.
1163 1397 1320 1468 ==== =====
3009 163 3243 336 1    1
4068 648 4196 720 123
2832 641 3469 767 A.S. an H.v.H. 89
3515 713 3904 841 Wien.7.xx1902.
2846 827 4140 937 Mein lieber Hugo, Ihren Brief hab ich mit meiner
2848 905 4256 1019 Antwort zugleich an Bahr geschickt; habe mich gleich-
2849 1021 4226 1110 falls gegen monatliche Verpflichtung verwahrt, mich
2860 1095 4215 1201 aber zu gelegentlichen, die Monatsrate übersteigen-
2858 1175 4170 1271 den Beiträgen bereit erklärt. Ich fand den Brief
2860 1280 4157 1380 der Frau D. von einer bemerkenswerten Taktlosig-
2863 1383 3030 1462 keit.
2862 1434 4147 1545 Leider bin ich nicht mehr dazu gekommen, Sie vor
2876 1538 4131 1630 Ihrer Abreise zu sehen; die Umzugspräparationen
2874 1636 4108 1714 hatten begonnen; nun sind die Meinen natürlich
3548 1692 3632 1741 nun
2876 1697 4235 1807 schon geraume Zeit herin;xx fehltenleider vorläu-
2881 1802 4236 1904 fig die meisten Möbel, wie das im Wiener Lieferan-
2877 1879 4189 1979 tenwesen nun einmal nicht anders sein kann. Aber
2883 1972 4242 2068 es geniert nicht besonders, und ich bin redht froh,
2884 2054 3823 2165 dass wir so nah von einander sind.
2883 2161 4249 2242 Mit dem Stück bin ich etliche Male stecken geblie-
2886 2249 4157 2334 ben; heut ist die Arbeit seit längerer Zeit das
2893 2308 4280 2438 erste Mal wieder besser gegangen, und ich werde wohl
2886 2417 4222 2520 zu Ende kommen-wenn auch nicht in diesem Moment.
