4467 3431
486 675 895 766 A.S. an H.v.H.
1073 680 1155 766 83
1657 725 1774 806 108
480 786 1908 890 fraglich vor, dass Ihre Mama sich entschliessen wird,
476 858 1895 975 Ihren Papa zu Ihnen nach Paris fahren zu lassen; das
480 953 1889 1096 ist ganz begreiflich. Ich höre immer wieder, von Ri-
475 1027 1911 1149 chard und von Ihrer Mama, dass Sie sich so wohl fühlen
467 1116 1904 1248 und mit Lust arbeiten, und so freue ich mich nicht nur
467 1216 1898 1329 auf Sie, sondern auch auf das, was Sie mitbringen wer -
460 1288 1841 1409 den. Ich war auf meiner Reise eigentlich nur in den
462 1381 1820 1511 Stunden ziemlich gut dran, in denen ich geschrieben
449 1477 1861 1598 habe; das Wetter war selten schön, nur in Ragusa drei
441 1555 1763 1692 klare Tage, aber da wars für Ragusa und für xxx
458 1648 1824 1750 Anfang April doch zu kühl. In Abbazia hat es unun-
443 1743 1748 1848 terbrochen gegossen; dort war ich viel mit Georg
432 1820 1883 1956 Hirschfeld zusammen, zu dem ich neue Sympathie gefasst
436 1898 1800 2041 habe. Elly liebe ich aber noch immer nicht. Es war
423 2013 1869 2113 mir auffallend, wie viel ich auf meiner Reise geträumt
423 2089 1793 2215 habe; so lebhaft und bewegt wie nie, und meine Tote
417 2176 1813 2317 ist mir vier oder fünf Mal erschienen. Der sonder-
421 2263 1882 2384 barste von allen Träumen war der, dass ich träumten, ich
408 2339 1854 2497 hätte drei Träume gehabt, die mir den Tod vorhergesagt
399 2440 1752 2567 und erzählte jemandem diese drei Träume, nach dem
3213 729 3316 823 83
3828 749 3947 840 109
2679 742 3086 849 A.S. an H.v.H.
2669 819 4032 953 Aufwachen erinnerte ich mich nur an einen davon
2655 949 4095 1036 deutlich.- Ich bin noch immer an der langen Hovelle,
2666 1025 4097 1134 vor Ostern wird sie doch fertig, dann ditier ich sie;
2656 1114 4028 1222 fange aber gleich was neues an, entweder eine kurze
2666 1186 4076 1288 Geschichte oder dieses Sommerstück;- eigentlich hab
2666 1288 4063 1396 ich ein Gefühl von Unerschöpflichkeit wie nie zuvor,
2660 1383 4071 1470 aber es ist mehr theoretisch,- macht mich nicht be-
2662 1468 4152 1576 sonders glücklich. Ich empfinde meinen Verlust schwerer
2656 1552 3161 1648 und tiefer als je.
2662 1635 4082 1739 Leben Sie wohl und schreiben Sie mir bald ein Wort.
2679 1715 3255 1830 Von Herzen Ihr Arthur.
2660 1796 4141 1909 Ich hoffe, Sie haben meinen Brief aus Wien und auch die
2651 1896 3476 2004 Karten aus Dalmatien bekommen.
3175 1993 3287 2076 ====
