4492 3431
1789 662 1913 791 160
494 656 916 772 A.S. an H.v.H.
1123 658 1259 765 108
1123 755 1244 852 the
1419 716 1684 854 7.8.1905.
496 830 1828 962 Lieber Hugo, erstens hatte ich begreiflicherweise
489 927 1984 1037 keine Ahnung, dass Sie Sonntag schon wieder fortfahren.
490 1033 1919 1134 Wieso ich unser Wiedersehen bis Freitag hinausschob,
494 1123 1869 1218 werden Sie sofort hören. Heute Montag müssen wir,
496 1218 1912 1315 wie schon ein paar Tage vorherbestimmt war, weil Herr
496 1309 1886 1410 Steinrück gastiert, nach Mödling- Mittwoch wollten
496 1404 1850 1514 zu Heinis 3.Geburtstag in den Prater. Um aber ni¬
1893 1412 1990 1513 P.P.
494 1499 1925 1576 allzu sehr aus dem Arbeiten herauszukommen (wenn man
489 1570 1839 1703 eben daran ist was xx abzuschliessen, ennerv
489 1667 1865 1775 einen das sehr, wie Sie ja wissen) wollte ich zwie
487 1746 1904 1869 den Reisetagen immer einen Heimtag, und so fiel
485 1869 1886 1966 naturgemäss der Freitag erst auf Sie.Nun haben Sie
483 1923 1934 2057 indess wohl meine Karte erhalten, die Sie für Mittwoch
477 2037 1856 2158 nach Schönbrunn bittet (da sich Heini vor die Wahl
470 2128 1871 2236 zwischen Wurstl und Menagerie gestellt, für letztere
477 2221 1900 2324 entschied - und kaum hatte Heini das ausgesprochen.
470 2300 1841 2415 so war mein erster Gedanke "Hugo") - und ich hoffe
470 2380 1871 2523 auch ohne diese Karte wissen Sie, dass ich mich min-
457 2490 1880 2639 destens ebenso sehr freue Sie wiederzusehen als um-
3937 625 4055 725 161
2732 645 3146 744 A.S. an H.v.H.
3325 645 3448 759 108
2728 688 4215 826 gekehrt. Ich brauche Sie sogar, abgesehen von der Sehn-
2728 800 4172 919 sucht. Ende der Woche dringend, insbesondere wegen des
2721 897 4157 1011 einen Stücks. Ich habe Ihnen zwei vorzulesen. Nun, wir
2728 985 4137 1104 sprechen hoffentlich schon Mittwoch über das Wie, Wo
2721 1089 3005 1197 und Wann.
2958 1166 3378 1279 Herzlichst Ihr
3281 1902 3400 1996 G.C.F.P
2687 2229 2799 2329 G.F.P.
2648 2305 2727 2406 P.
