4513 3433
996 642 1185 752 B 91
1596 596 1819 796 1er
473 672 872 787 A.S. an H.v.H.
482 771 1876 871 aber entspricht es nicht sogar dem Wesen Ihres Jaf-
482 874 1836 954 fiers besonders, wenn er diese Empfindung zu seiner
480 963 1885 1051 eigenen Rechtfertigung,in einer historisch-komödien-
473 1049 1850 1136 haften Weise, ausdrückt, vorträgt, ja die Szene damit
485 1138 722 1236 erfüllt?
489 1203 1907 1309 -Es war gestern wahrhaftig so viel von den paar techn.
478 1296 1845 1390 nischen Zweifeln die Rede, die rege wurden, dass man
478 1405 1870 1483 nicht dazu gekommen ist, das viele gute, ja ausseror-
489 1472 1819 1574 dentliche zu begrüssen, das Sie uns gegeben haben.
485 1572 1887 1661 Aber ich bin heute mit der Erinnerung an etwas pran-
491 1652 1899 1741 gendes, flutends, kraftvolles aufgewacht, als das sich
489 1756 1847 1823 Ihr Stück im Nachgenuss meldet; und finde insbeson-
494 1834 1827 1925 dere, dass Sie diesmal Ihrem Vers, ohne dass er an
500 1936 1779 2001 Schönheit das geringste verloren, das dramatisch
489 2007 1879 2110 hinstürmende verliehen haben, wie noch nie zuvor. Ich
500 2099 1896 2185 glaube an die Zukunft dieses Stücks auf dem Theater.
491 2176 1881 2276 Leben Sie wohl und freuen Sie sich nur, dass Sie so-
494 2263 1790 2354 was geschrieben haben. So gut wie man sich selber
505 2330 1845 2394 freut, -freut sich doch kein anderer-denn das beste
496 2374 1877 2443 an dieser Freude sind die Schaffenserinnerungen, die
498 2428 1112 2530 im geheimen mitzittern.
1116 2459 1212 2530 Ihr
2744 705 3117 794 A.S.an H.v.H.
3979 703 4093 785 126
3261 687 3377 820 (92)
3411 780 3839 876 Wien, 23.5.1903.
2777 863 4186 974 Was ich Ihnen heute zu sagen vergass, lieber Hugo, ein
2775 960 4211 1040 Fräulein Maria Lugin, Vorleserin, früher bei der Ebner-
2766 1061 4198 1138 Eschenbach glaub ich, jetzt bei der Generalin v.Hüber,
2777 1154 4237 1236 von sehr sympathischen Wesen, will im Herbst im kleinen
2768 1234 4204 1320 Kreise (Saal des wissensch. Clubs) oder sonstwo, unge-
2772 1318 4178 1421 drucktes oder möglichst unbekanntes von bessern Wie-
2759 1410 4082 1503 nern resp. Oesterreichern vorlesen; bat mich, bei
2768 1499 4177 1583 Ihnen für sie zu reden, was ich sehr gern tue. Ich geb
2763 1588 4093 1672 ihr jedenfalls was, wenn ich was habe; kann ich ihr
2759 1654 3659 1774 in Ihrem Namen Hoffnung machen?
3188 1747 3657 1856 Herzlichst Ihr A.
