4508 3464
1652 653 1777 740 196
414 692 818 824 A.S. an H.v.H.
1078 713 1210 834 127
427 788 1756 898 wirken in anständiger französischer Uebertragung
423 880 1816 1000 besser als in meinem Deutsch. Die reine Tendenz des
429 994 1830 1092 Erzählens ist dem romanischen Sprachgeist eingebo-
430 1076 1837 1195 ren, während er im deutschen gleichsam wie gegen die
434 1172 1788 1274 Natur wirkt, wenn die Mitteilung von Tatsachen der
436 1250 1766 1377 Seele und Menschlichkeit entbehrt. Die umgekehrte
434 1364 1859 1462 Probe kann man machen, wenn man irgendeine kurze Mau-
446 1443 1853 1555 passant-Geschichte, die französisch noch lange nicht
450 1539 1731 1633 schwach wirkt, in deutscher Uebersetzung liest.
482 1619 1845 1720 -Immerhin habe ich die Empfindung, dass meine Techn-
445 1729 1825 1825 nik der inneren Entwicklung meiner Produktion noch
446 1816 1843 1901 nicht nachgekommen ist-was mir übrigens nicht bange
445 1917 1775 2010 macht. Es ist jetzt in mir wieder so eine Neigung
450 1996 1823 2102 Sachen nur anzufangen und zu skizzieren,wie in der
446 2081 1784 2199 Zeit, die der Anatol-Epoche vorherging. Am meisten
452 2183 1875 2277 beschäftige ich mich jetzt mit einer Art von Komödie
446 2271 1873 2369 und bin innerlich am meisten von dem Roman erfüllt,
452 2350 1841 2471 den ich im Frühjahr begonnen, den aber fortzusetzen
450 2444 1873 2586 ich nicht in genügend reiner Stimmung mich befinde.
3901 708 4018 809 197
2793 681 3212 827 A.S. an H.v.H.
3392 713 3641 845 130 127
2791 822 4064 937 In Concerte gehen wir nicht selten, ins Theater
2789 930 4104 991 beinahe nie, aus persönlichen Gründen waren wir
2800 991 4114 1105 bei der Hovelle d’Andrea- und ich habe es nicht
2794 1071 4118 1181 ohne Bitterkeit empfunden, dass ich den Kainz nie
2794 1178 4155 1274 werde den Sala spielen sehen.Denn das Burgtheater,
2789 1290 4086 1389 wie Herr Schlenther an Fischer geschrieben,“re-
2789 1345 4116 1485 flaktiert nicht" auf dieses Stück. Brahm gegenüber
2798 1466 4175 1567 (was Sie ja wohl wissen dürften) hat sich Schl.über
2786 1564 4209 1640 das Stück sehr missfällig geäussert; scheint es aber,
2789 1617 4180 1757 wie Brahm sagt, ganz oberflächlich-und wie ich über-
2777 1708 4006 1811 zeugt bin-mit bösem Willen gelesen zu haben.
2773 1827 4107 1905 Und nun, wann sieht man sich wieder? Wie wär es,
2775 1910 4127 2014 Montag oder Mittwoch Abend in dem Hietzinger Re-
2777 2014 4086 2104 staurant? Schreiben Sie mir, wann es Ihnen besser
2771 2094 4180 2213 passt und ob auch Ihre Frau mitkommt. Und Richard?
2773 2193 4148 2280 Ich höre und sehe nichts von ihm.- Sobald das Wet-
2771 2268 4089 2394 ter ein dischen angenehmer wird, kommen wir gern
2757 2366 4098 2462 nach Rodaun.-Das andere, das ich bald bekomme, ist
2768 2464 4096 2570 wohl das Gerettete Venedig?-Leben Sie wohl, herz-
2766 2513 2953 2622 lichst
3196 2522 3292 2588 Ihr
