4520 3432
1673 710 1775 786 94
551 711 1180 828 A.S. an H.v.H. 75
1167 799 1403 908 14.7.99
547 872 1957 1017 Mein lieber Hugo, Montag reis ich wahrscheinlich ab.
563 987 1961 1092 Adresse: Velden, Pension Pundschu. Bin dort mit Mama
563 1096 1972 1189 und Schwester. Wassermann geht vielleicht mit. Von
563 1174 1916 1269 Richard hör ich wenig ; eben eine Karte; ich hab
563 1283 1954 1398 nicht den Eindruck, dass er in guter Stimmung ist.-
577 1371 2000 1491 Wie lang ich in V. bleibe?- 8-14 Tage. Möchte gern
576 1471 1975 1553 dann höher. Es bleibt hoffentlich bei Mitte August
581 1562 1979 1637 für uns 2; bitte schieben Sies nicht viel weiter hi-
572 1636 1972 1746 naus, wenn es geht.- Was für eine Art 5aktiges Stück
581 1750 1298 1836 ist das, was Sie schreiben?
583 1827 1988 1936 -Ueber alles, was ich innerlich durchmache, ist schwer
581 1930 1970 2018 zu schreiben. Es ist, wie wenn die Wolken nur tiefer
586 2016 1884 2115 und schwerer herabsänken, je aufrechter man geht.
581 2124 1126 2227 Herzlichst der Ihre
1148 2188 1303 2308 Arth.
613 2284 1151 2401 Grüssen Sie Minnie.
1137 2395 1228 2463 ...
4000 758 4099 842 95
2783 769 3416 890 A.S. an H.v.H. 76
3309 856 4015 958 Velden, Pension Pundschu,
3302 919 3534 994 18.7.99.
2792 988 4083 1103 Lieber Hugo, ich bin heut Früh hier angekommen.
2792 1078 4222 1173 Meine Mutter und Schwester wohnen hier.-Habe Nach-
2787 1160 4193 1276 mittag mit Schwager und Schwester (von ihr) am See
2805 1274 4220 1357 ein Rendezvous.- Heut ist der 18.- - warte auf Nach-
2797 1378 4174 1475 richt von Richard, ob er nicht arbeitet (eine Karte
2796 1460 4195 1550 deutet es an) -bevor ich ihn besuche.-Bleibe mindes-
2801 1559 4176 1664 tens 8 Tage hier.-Ob ich meine Radtour bis 1.Sept.
2794 1630 4217 1732 hinausschiebe, fraglich.-Auch Salten wollte sie mit-
2796 1736 4229 1848 machen.-Keiner bindet den Andern. Im August sehen wir
2805 1834 4176 1939 uns jedenfalls, komme ins Salzkammergut-wäre schön,
2806 1920 3983 2031 wenn wir zusammen wären und jeder arbeitet.
2806 1986 4195 2107 -Will jetzt gleich, in dieser Minute, mein Stück her-
2815 2106 4206 2218 vornehmen.-Was ist das Ihre? Historisch? Was Neues?
2805 2215 4235 2317 Neue Idee? Ich freue mich, dass Sie in Stimmung sind.
2810 2295 3693 2385 Bitte gleich wieder eine Zeile.
2814 2390 3214 2490 Von Herzen Ihr
3318 2377 3407 2515 A.
3328 2522 3470 2617 Bewes
