<?xml version="1.0" encoding="UTF-8" standalone="yes"?>
<PcGts xmlns="http://schema.primaresearch.org/PAGE/gts/pagecontent/2013-07-15" xmlns:xsi="http://www.w3.org/2001/XMLSchema-instance" xsi:schemaLocation="http://schema.primaresearch.org/PAGE/gts/pagecontent/2013-07-15 http://schema.primaresearch.org/PAGE/gts/pagecontent/2013-07-15/pagecontent.xsd">
    <Metadata>
        <Creator>prov=READ-COOP:name=TrHtr:version=2.1.0:model_id=51170:date=25_07_2023_05:12</Creator>
        <Created>2023-05-01T21:56:33.705+02:00</Created>
        <LastChange>2023-07-25T05:12:36.988+02:00</LastChange>
        <TranskribusMetadata docId="1416436" pageId="54946291" pageNr="31" tsid="130585558" status="IN_PROGRESS" userId="64420" imgUrl="https://files.transkribus.eu/Get?id=VTXFPWEIYVZCLJNGEZUCVZVZ&amp;fileType=view" xmlUrl="https://files.transkribus.eu/Get?id=RVNNDERPTGDSRPFCCZWPYROM" imageId="44450376"/>
    </Metadata>
    <Page imageFilename="1416436_0031.jpg" imageWidth="4471" imageHeight="3432">
        <ReadingOrder>
            <OrderedGroup id="ro_1711831561162" caption="Regions reading order">
                <RegionRefIndexed index="0" regionRef="tr_1"/>
            </OrderedGroup>
        </ReadingOrder>
        <TextRegion id="tr_1" custom="readingOrder {index:0;}">
            <Coords points="381,651 4195,651 4195,2675 381,2675"/>
            <TextLine id="tr_1_tl_1" custom="readingOrder {index:0;}">
                <Coords points="2777,721 2904,744 2940,715 3004,708 3131,744 3212,715 3365,747 3388,740 3386,617 3298,606 3164,658 2916,651 2881,669 2775,651"/>
                <Baseline points="2787,701 2832,704 2876,707 2921,707 2966,710 3011,710 3055,710 3100,710 3145,710 3190,710 3235,707 3279,710 3324,707 3369,713 3393,713"/>
                <TextEquiv>
                    <Unicode>A.S. an H.v.H.  49</Unicode>
                </TextEquiv>
            </TextLine>
            <TextLine id="tr_1_tl_2" custom="readingOrder {index:1;}">
                <Coords points="4028,728 4039,728 4056,746 4071,735 4082,742 4089,739 4107,740 4112,672 4103,672 4098,676 4087,665 4082,669 4065,665 4058,669 4051,667 4042,674 4033,674"/>
                <Baseline points="4037,731 4067,728 4112,725"/>
                <TextEquiv>
                    <Unicode>58</Unicode>
                </TextEquiv>
            </TextLine>
            <TextLine id="tr_1_tl_3" custom="readingOrder {index:2;}">
                <Coords points="1714,765 1741,764 1744,758 1753,755 1771,762 1780,758 1787,764 1792,758 1801,758 1796,656 1787,658 1782,652 1775,656 1766,652 1757,660 1746,661 1732,674 1726,672 1708,678"/>
                <Baseline points="1721,728 1766,731 1802,731"/>
                <TextEquiv>
                    <Unicode>57</Unicode>
                </TextEquiv>
            </TextLine>
            <TextLine id="tr_1_tl_4" custom="readingOrder {index:3;}">
                <Coords points="369,785 393,778 446,794 518,780 563,807 588,798 620,812 773,819 776,733 731,715 667,726 549,706 486,737 450,724 373,735"/>
                <Baseline points="381,778 420,775 465,775 510,772 555,769 599,769 644,766 689,766 734,763 778,763"/>
                <TextEquiv>
                    <Unicode>A.S. an H.v.H.</Unicode>
                </TextEquiv>
            </TextLine>
            <TextLine id="tr_1_tl_5" custom="readingOrder {index:4;}">
                <Coords points="929,807 950,808 961,819 980,821 991,816 1015,817 1034,805 1056,805 1052,715 1027,708 982,730 937,704 925,704"/>
                <Baseline points="937,784 981,787 1026,787 1059,787"/>
                <TextEquiv>
                    <Unicode>49</Unicode>
                </TextEquiv>
            </TextLine>
            <TextLine id="tr_1_tl_6" custom="readingOrder {index:5;}">
                <Coords points="2777,798 4121,844 4119,771 4030,755 2777,751"/>
                <Baseline points="2787,790 2832,793 2876,796 2921,796 2966,799 3011,799 3055,799 3100,802 3145,802 3190,802 3235,802 3279,802 3324,802 3369,805 3414,805 3458,808 3503,808 3548,811 3593,811 3637,811 3682,814 3727,811 3772,814 3816,814 3861,814 3906,817 3951,817 3996,820 4040,820 4085,817 4121,814"/>
                <TextEquiv>
                    <Unicode>viel "ganz anderes" ich esse. Die hiesige Eintei-</Unicode>
                </TextEquiv>
            </TextLine>
            <TextLine id="tr_1_tl_7" custom="readingOrder {index:6;}">
                <Coords points="371,896 1093,920 1328,848 1744,850 1766,783 1153,753 955,830 375,817"/>
                <Baseline points="381,883 423,883 468,883 513,880 558,877 602,874 647,871 692,871 737,871 781,868 826,865 871,862 916,859 960,859 1005,859 1050,856 1095,853 1140,850 1184,847 1229,847 1274,844 1319,841 1363,841 1408,838 1453,835 1498,832 1542,832 1587,829 1632,826 1677,826 1721,823 1766,823"/>
                <TextEquiv>
                    <Unicode>bei Shakespeare notwendig ist. Erst im letzten Akt,</Unicode>
                </TextEquiv>
            </TextLine>
            <TextLine id="tr_1_tl_8" custom="readingOrder {index:7;}">
                <Coords points="2777,930 3020,896 4051,955 4049,868 3961,859 3463,868 3139,808 2875,855 2773,830"/>
                <Baseline points="2784,889 2829,889 2873,892 2918,895 2963,895 3008,895 3052,895 3097,895 3142,895 3187,898 3232,898 3276,898 3321,901 3366,901 3411,904 3455,904 3500,904 3545,907 3590,907 3634,910 3679,910 3724,910 3769,910 3813,913 3858,913 3903,913 3948,913 3993,916 4037,916 4055,916"/>
                <TextEquiv>
                    <Unicode>lung 12 Uhr Dejeuner,7 Dinner,9 Theater, behagt</Unicode>
                </TextEquiv>
            </TextLine>
            <TextLine id="tr_1_tl_9" custom="readingOrder {index:8;}">
                <Coords points="369,989 1072,1020 1276,950 1769,941 1773,873 1359,862 1307,911 563,911 371,952"/>
                <Baseline points="381,981 387,981 432,981 477,981 522,978 567,975 611,972 656,969 701,969 746,966 790,966 835,966 880,963 925,960 969,957 1014,954 1059,952 1104,952 1148,952 1193,949 1238,949 1283,943 1328,943 1372,940 1417,937 1462,937 1507,934 1551,931 1596,928 1641,925 1686,922 1730,922 1775,925"/>
                <TextEquiv>
                    <Unicode>wo nicht mehr le misanthrop,sondern un misanthrop</Unicode>
                </TextEquiv>
            </TextLine>
            <TextLine id="tr_1_tl_10" custom="readingOrder {index:9;}">
                <Coords points="2771,997 2852,1006 2893,988 2924,1016 2952,997 3006,1018 3097,998 3151,1024 3246,1002 3363,1015 3361,939 3338,934 3234,955 3171,937 3045,945 3022,927 2988,943 2834,918 2769,932"/>
                <Baseline points="2781,981 2826,984 2870,984 2915,987 2960,987 3005,987 3050,987 3094,990 3139,990 3184,993 3229,993 3273,993 3318,993 3363,999"/>
                <TextEquiv>
                    <Unicode>mir ausserordentlich.</Unicode>
                </TextEquiv>
            </TextLine>
            <TextLine id="tr_1_tl_11" custom="readingOrder {index:10;}">
                <Coords points="380,1092 1126,1101 1199,1047 1662,1045 1697,975 1084,1027 954,998 828,1040 568,1006 382,1056"/>
                <Baseline points="390,1074 402,1077 447,1080 492,1077 537,1077 581,1074 626,1071 671,1071 716,1068 761,1068 805,1065 850,1065 895,1062 940,1059 984,1056 1029,1053 1074,1050 1119,1050 1163,1047 1208,1044 1253,1044 1298,1041 1342,1041 1387,1038 1432,1035 1477,1032 1522,1029 1566,1029 1611,1026 1656,1026 1701,1026"/>
                <TextEquiv>
                    <Unicode>vor einem steht, spürt man was ewig menschliches.</Unicode>
                </TextEquiv>
            </TextLine>
            <TextLine id="tr_1_tl_12" custom="readingOrder {index:11;}">
                <Coords points="2768,1081 4166,1131 4164,1043 4073,1031 3718,1070 3655,1034 2766,1011"/>
                <Baseline points="2778,1071 2823,1074 2867,1074 2912,1077 2957,1080 3002,1080 3047,1080 3091,1080 3136,1083 3181,1080 3226,1083 3270,1086 3315,1086 3360,1089 3405,1092 3449,1092 3494,1089 3539,1092 3584,1092 3628,1092 3673,1092 3718,1095 3763,1095 3808,1098 3852,1098 3897,1098 3942,1101 3987,1101 4031,1101 4076,1104 4121,1104 4166,1107 4169,1107"/>
                <TextEquiv>
                    <Unicode>Schöne Radpartien? z.B. fahren Sie von der Tini aus</Unicode>
                </TextEquiv>
            </TextLine>
            <TextLine id="tr_1_tl_13" custom="readingOrder {index:12;}">
                <Coords points="382,1212 1687,1153 1767,1129 1771,1061 1556,1036 1416,1104 387,1124"/>
                <Baseline points="393,1172 429,1175 474,1175 519,1172 564,1169 608,1169 653,1166 698,1163 743,1163 787,1160 832,1157 877,1154 922,1154 966,1151 1011,1151 1056,1148 1101,1145 1145,1143 1190,1143 1235,1140 1280,1137 1325,1137 1369,1134 1414,1131 1459,1128 1504,1125 1548,1122 1593,1122 1638,1119 1683,1119 1727,1116 1772,1119"/>
                <TextEquiv>
                    <Unicode>Es liegtwohl daran, dass alles, was in diesem Stück</Unicode>
                </TextEquiv>
            </TextLine>
            <TextLine id="tr_1_tl_14" custom="readingOrder {index:13;}">
                <Coords points="2771,1196 4191,1214 4164,1147 2769,1111"/>
                <Baseline points="2781,1169 2826,1169 2870,1169 2915,1172 2960,1172 3005,1175 3050,1175 3094,1178 3139,1178 3184,1178 3229,1178 3273,1181 3318,1181 3363,1181 3408,1184 3452,1184 3497,1184 3542,1187 3587,1187 3631,1190 3676,1190 3721,1193 3766,1193 3811,1193 3855,1196 3900,1196 3945,1196 3990,1196 4034,1199 4079,1199 4124,1199 4169,1202 4195,1202"/>
                <TextEquiv>
                    <Unicode>über Heiligenkreuz - Alland - Neuhaus (bei Nöstach?)</Unicode>
                </TextEquiv>
            </TextLine>
            <TextLine id="tr_1_tl_15" custom="readingOrder {index:14;}">
                <Coords points="387,1298 959,1267 1054,1303 1251,1235 1671,1244 1726,1231 1730,1151 1416,1142 1248,1208 391,1214"/>
                <Baseline points="399,1268 435,1271 480,1271 525,1271 570,1268 614,1265 659,1262 704,1259 749,1259 793,1256 838,1253 883,1253 928,1250 972,1247 1017,1244 1062,1244 1107,1241 1151,1238 1196,1238 1241,1235 1286,1232 1331,1232 1375,1229 1420,1226 1465,1223 1510,1223 1554,1220 1599,1217 1644,1217 1689,1217 1733,1214"/>
                <TextEquiv>
                    <Unicode>vorgeht, einfach die Ansicht des Helden bestätigt;</Unicode>
                </TextEquiv>
            </TextLine>
            <TextLine id="tr_1_tl_16" custom="readingOrder {index:15;}">
                <Coords points="2766,1274 4128,1312 4105,1237 2766,1214"/>
                <Baseline points="2775,1256 2820,1259 2864,1259 2909,1262 2954,1265 2999,1265 3044,1265 3088,1268 3133,1268 3178,1265 3223,1265 3267,1268 3312,1271 3357,1271 3402,1277 3446,1277 3491,1277 3536,1277 3581,1280 3625,1280 3670,1283 3715,1280 3760,1283 3805,1283 3849,1283 3894,1286 3939,1286 3984,1286 4028,1289 4073,1292 4118,1295 4133,1298"/>
                <TextEquiv>
                    <Unicode>- Pottenstein - Vöslau. Oder: Rohrerhütte - König-</Unicode>
                </TextEquiv>
            </TextLine>
            <TextLine id="tr_1_tl_17" custom="readingOrder {index:16;}">
                <Coords points="394,1382 1222,1395 1490,1326 1681,1348 1732,1328 1735,1228 1416,1242 1264,1298 604,1296 396,1337"/>
                <Baseline points="405,1363 438,1366 483,1366 528,1363 572,1363 617,1360 662,1357 707,1357 752,1354 796,1351 841,1348 886,1348 931,1345 975,1345 1020,1342 1065,1342 1110,1339 1154,1336 1199,1334 1244,1331 1289,1331 1334,1328 1378,1325 1423,1325 1468,1322 1513,1319 1557,1316 1602,1316 1647,1313 1692,1310 1736,1307"/>
                <TextEquiv>
                    <Unicode>er erfährt nichts neues, denn schon im ersten Auf-</Unicode>
                </TextEquiv>
            </TextLine>
            <TextLine id="tr_1_tl_18" custom="readingOrder {index:17;}">
                <Coords points="2764,1375 4142,1423 4141,1335 3947,1314 2762,1300"/>
                <Baseline points="2772,1348 2817,1351 2861,1351 2906,1351 2951,1354 2996,1354 3041,1357 3085,1357 3130,1360 3175,1360 3220,1360 3264,1363 3309,1366 3354,1366 3399,1366 3443,1366 3488,1366 3533,1366 3578,1366 3622,1369 3667,1369 3712,1369 3757,1372 3802,1375 3846,1375 3891,1378 3936,1378 3981,1378 4025,1381 4070,1381 4115,1381 4145,1381"/>
                <TextEquiv>
                    <Unicode>stetten (sehr bergig,schieben!) - Tulln, dann an der</Unicode>
                </TextEquiv>
            </TextLine>
            <TextLine id="tr_1_tl_19" custom="readingOrder {index:18;}">
                <Coords points="398,1464 1240,1484 1362,1423 1674,1432 1714,1420 1715,1352 1490,1326 1258,1396 400,1402"/>
                <Baseline points="408,1456 420,1456 465,1459 510,1456 555,1453 599,1450 644,1450 689,1450 734,1447 778,1447 823,1444 868,1441 913,1441 957,1438 1002,1438 1047,1435 1092,1432 1137,1429 1181,1426 1226,1423 1271,1423 1316,1420 1360,1417 1405,1414 1450,1414 1495,1414 1539,1411 1584,1408 1629,1405 1674,1405 1718,1402"/>
                <TextEquiv>
                    <Unicode>tritt weiss er, was die Menschen für ein Gesindel</Unicode>
                </TextEquiv>
            </TextLine>
            <TextLine id="tr_1_tl_20" custom="readingOrder {index:19;}">
                <Coords points="2784,1450 4185,1490 4162,1432 3947,1412 2782,1391"/>
                <Baseline points="2793,1450 2838,1447 2882,1447 2927,1447 2972,1447 3017,1447 3061,1447 3106,1450 3151,1450 3196,1453 3241,1453 3285,1456 3330,1456 3375,1456 3420,1456 3464,1456 3509,1459 3554,1459 3599,1459 3643,1462 3688,1465 3733,1465 3778,1465 3822,1465 3867,1468 3912,1468 3957,1468 4002,1471 4046,1471 4091,1471 4136,1471 4181,1471 4190,1474"/>
                <TextEquiv>
                    <Unicode>onaus zurück nach Klosterneuburg.- Sehr hübsch auch</Unicode>
                </TextEquiv>
            </TextLine>
            <TextLine id="tr_1_tl_21" custom="readingOrder {index:20;}">
                <Coords points="400,1576 1088,1563 1346,1513 1741,1529 1755,1438 403,1500"/>
                <Baseline points="411,1554 414,1554 459,1554 504,1554 549,1551 593,1548 638,1545 683,1545 728,1542 772,1542 817,1539 862,1536 907,1533 952,1533 996,1530 1041,1530 1086,1527 1131,1525 1175,1522 1220,1522 1265,1519 1310,1516 1354,1513 1399,1513 1444,1510 1489,1510 1533,1507 1578,1504 1623,1504 1668,1501 1713,1501 1757,1501"/>
                <TextEquiv>
                    <Unicode>sind. Erst sein Entschluss in die Einsamkeit sich</Unicode>
                </TextEquiv>
            </TextLine>
            <TextLine id="tr_1_tl_22" custom="readingOrder {index:21;}">
                <Coords points="2762,1559 4028,1604 4159,1570 4159,1529 2760,1479"/>
                <Baseline points="2772,1539 2817,1536 2861,1539 2906,1539 2951,1539 2996,1542 3041,1542 3085,1542 3130,1542 3175,1545 3220,1545 3264,1548 3309,1548 3354,1548 3399,1551 3443,1551 3488,1554 3533,1554 3578,1554 3622,1557 3667,1557 3712,1557 3757,1557 3802,1560 3846,1557 3891,1560 3936,1563 3981,1563 4025,1566 4070,1566 4115,1566 4160,1566 4163,1566"/>
                <TextEquiv>
                    <Unicode>die kleine Tour Tulln-Stockerau. Oder - Rekawinkel-</Unicode>
                </TextEquiv>
            </TextLine>
            <TextLine id="tr_1_tl_23" custom="readingOrder {index:22;}">
                <Coords points="396,1680 871,1638 1427,1662 1493,1608 1767,1604 1771,1536 400,1608"/>
                <Baseline points="408,1650 429,1650 474,1647 519,1644 564,1641 608,1638 653,1638 698,1635 743,1632 787,1632 832,1632 877,1629 922,1626 966,1626 1011,1623 1056,1620 1101,1620 1145,1617 1190,1614 1235,1611 1280,1608 1325,1605 1369,1605 1414,1602 1459,1599 1504,1596 1548,1596 1593,1593 1638,1593 1683,1593 1727,1590 1772,1590"/>
                <TextEquiv>
                    <Unicode>zurückzuziehen, bewegt uns; wahrscheinlich weil wir</Unicode>
                </TextEquiv>
            </TextLine>
            <TextLine id="tr_1_tl_24" custom="readingOrder {index:23;}">
                <Coords points="2744,1633 4184,1696 4171,1592 3978,1624 3721,1577 3425,1611 2743,1568"/>
                <Baseline points="2754,1626 2799,1626 2844,1626 2888,1629 2933,1629 2978,1629 3023,1632 3067,1632 3112,1635 3157,1635 3202,1638 3246,1638 3291,1638 3336,1638 3381,1638 3426,1641 3470,1641 3515,1644 3560,1644 3605,1644 3649,1647 3694,1647 3739,1647 3784,1647 3828,1650 3873,1650 3918,1653 3963,1653 4007,1653 4052,1653 4097,1656 4142,1656 4187,1647"/>
                <TextEquiv>
                    <Unicode>Hütteldorf (Westgahnstrecke). Oder: Wiener Neustadt-</Unicode>
                </TextEquiv>
            </TextLine>
            <TextLine id="tr_1_tl_25" custom="readingOrder {index:24;}">
                <Coords points="407,1749 1689,1715 1782,1697 1785,1615 1574,1617 1500,1663 409,1694"/>
                <Baseline points="417,1742 444,1739 489,1736 534,1736 578,1733 623,1733 668,1730 713,1727 758,1727 802,1724 847,1724 892,1721 937,1718 981,1718 1026,1716 1071,1713 1116,1710 1160,1707 1205,1704 1250,1701 1295,1701 1339,1698 1384,1698 1429,1695 1474,1692 1519,1689 1563,1689 1608,1686 1653,1686 1698,1683 1742,1680 1787,1683"/>
                <TextEquiv>
                    <Unicode>wissen, dass seine ganze Menschenfeindschaft nichts</Unicode>
                </TextEquiv>
            </TextLine>
            <TextLine id="tr_1_tl_26" custom="readingOrder {index:25;}">
                <Coords points="2753,1737 4103,1775 4101,1706 3908,1689 2751,1672"/>
                <Baseline points="2763,1718 2808,1718 2853,1721 2897,1721 2942,1724 2987,1724 3032,1727 3076,1727 3121,1727 3166,1727 3211,1730 3255,1730 3300,1730 3345,1730 3390,1733 3434,1733 3479,1733 3524,1733 3569,1736 3614,1739 3658,1739 3703,1739 3748,1742 3793,1742 3837,1742 3882,1742 3927,1745 3972,1745 4016,1745 4061,1745 4106,1748"/>
                <TextEquiv>
                    <Unicode>Reichenau.- Ich freue mich sehr, wenn wir zusammen</Unicode>
                </TextEquiv>
            </TextLine>
            <TextLine id="tr_1_tl_27" custom="readingOrder {index:26;}">
                <Coords points="410,1843 1420,1848 1491,1798 1631,1794 1651,1753 414,1776"/>
                <Baseline points="420,1841 444,1838 489,1835 534,1832 578,1829 623,1829 668,1826 713,1823 758,1823 802,1820 847,1820 892,1817 937,1814 981,1814 1026,1814 1071,1808 1116,1808 1160,1805 1205,1802 1250,1799 1295,1796 1339,1796 1384,1793 1429,1793 1474,1790 1519,1787 1563,1787 1608,1784 1653,1781"/>
                <TextEquiv>
                    <Unicode>ist als Sehnsucht nach guten Menschen, die er</Unicode>
                </TextEquiv>
            </TextLine>
            <TextLine id="tr_1_tl_28" custom="readingOrder {index:27;}">
                <Coords points="2757,1836 4094,1861 4092,1789 4055,1785 3572,1803 3054,1746 2755,1784"/>
                <Baseline points="2766,1814 2811,1814 2856,1817 2900,1817 2945,1820 2990,1820 3035,1820 3079,1820 3124,1823 3169,1823 3214,1823 3258,1826 3303,1826 3348,1826 3393,1829 3437,1829 3482,1829 3527,1832 3572,1832 3617,1832 3661,1832 3706,1835 3751,1835 3796,1838 3840,1838 3885,1838 3930,1838 3975,1841 4019,1841 4064,1841 4097,1844"/>
                <TextEquiv>
                    <Unicode>fahren werden. Wie lang bleiben Sie denn in Wien?</Unicode>
                </TextEquiv>
            </TextLine>
            <TextLine id="tr_1_tl_29" custom="readingOrder {index:28;}">
                <Coords points="412,1948 1262,1938 1330,1888 1719,1886 1744,1800 414,1893"/>
                <Baseline points="423,1933 447,1927 492,1924 537,1924 581,1921 626,1918 671,1915 716,1915 761,1912 805,1912 850,1909 895,1906 940,1906 984,1904 1029,1901 1074,1901 1119,1898 1163,1895 1208,1892 1253,1889 1298,1886 1342,1886 1387,1883 1432,1880 1477,1880 1522,1877 1566,1874 1611,1871 1656,1871 1701,1868 1745,1862"/>
                <TextEquiv>
                    <Unicode>jetzt ein für alle Mal selbst zu etwas unerfüll-</Unicode>
                </TextEquiv>
            </TextLine>
            <TextLine id="tr_1_tl_30" custom="readingOrder {index:29;}">
                <Coords points="2750,1923 3004,1952 3275,1923 3330,1959 3399,1925 3662,1974 3775,1927 3906,1970 4074,1954 4074,1895 3813,1871 2748,1862"/>
                <Baseline points="2757,1901 2802,1906 2847,1906 2891,1909 2936,1912 2981,1912 3026,1912 3070,1912 3115,1915 3160,1915 3205,1915 3249,1918 3294,1918 3339,1918 3384,1921 3429,1921 3473,1921 3518,1921 3563,1921 3608,1924 3652,1924 3697,1924 3742,1927 3787,1927 3831,1930 3876,1930 3921,1933 3966,1933 4010,1933 4055,1933 4079,1936"/>
                <TextEquiv>
                    <Unicode>Und wie wird heuer der Sommer werden? Ich möchte</Unicode>
                </TextEquiv>
            </TextLine>
            <TextLine id="tr_1_tl_31" custom="readingOrder {index:30;}">
                <Coords points="410,2045 767,2018 821,2058 1013,2029 1174,2069 1475,1979 1687,1979 1717,1900 414,1983"/>
                <Baseline points="423,2020 462,2020 507,2017 552,2014 596,2014 641,2011 686,2011 731,2008 775,2008 820,2005 865,2002 910,1999 954,1999 999,1996 1044,1993 1089,1990 1134,1990 1178,1987 1223,1984 1268,1981 1313,1981 1357,1978 1402,1975 1447,1972 1492,1972 1536,1969 1581,1969 1626,1966 1671,1963 1716,1960"/>
                <TextEquiv>
                    <Unicode>barem macht; denn er wird niemanden mehr kennen</Unicode>
                </TextEquiv>
            </TextLine>
            <TextLine id="tr_1_tl_32" custom="readingOrder {index:31;}">
                <Coords points="2744,2017 4119,2078 4117,1970 3958,1957 3771,1991 2744,1970"/>
                <Baseline points="2754,2005 2799,2005 2844,2008 2888,2011 2933,2011 2978,2011 3023,2011 3067,2011 3112,2011 3157,2014 3202,2014 3246,2014 3291,2017 3336,2017 3381,2017 3426,2020 3470,2020 3515,2023 3560,2020 3605,2020 3649,2023 3694,2023 3739,2026 3784,2029 3828,2029 3873,2029 3918,2029 3963,2032 4007,2032 4052,2032 4097,2032 4124,2032"/>
                <TextEquiv>
                    <Unicode>so gern zum arbeiten kommen; hier spiele ich höch-</Unicode>
                </TextEquiv>
            </TextLine>
            <TextLine id="tr_1_tl_33" custom="readingOrder {index:32;}">
                <Coords points="2735,2115 4151,2174 4150,2088 3963,2070 2734,2054"/>
                <Baseline points="2745,2100 2790,2100 2835,2103 2879,2103 2924,2106 2969,2106 3014,2109 3058,2109 3103,2109 3148,2109 3193,2109 3238,2112 3282,2112 3327,2115 3372,2115 3417,2115 3461,2118 3506,2118 3551,2118 3596,2118 3640,2118 3685,2121 3730,2121 3775,2124 3819,2124 3864,2127 3909,2127 3954,2130 3999,2133 4043,2130 4088,2130 4133,2130 4154,2133"/>
                <TextEquiv>
                    <Unicode>stens mit Planen; aber möglicherweise ist mir durch</Unicode>
                </TextEquiv>
            </TextLine>
            <TextLine id="tr_1_tl_34" custom="readingOrder {index:33;}">
                <Coords points="412,2128 484,2128 518,2119 570,2129 604,2115 617,2124 654,2119 656,2067 631,2058 608,2065 581,2054 547,2060 531,2054 482,2081 466,2070 414,2079"/>
                <Baseline points="423,2115 435,2115 480,2112 525,2109 570,2109 614,2109 659,2103"/>
                <TextEquiv>
                    <Unicode>lernen.-</Unicode>
                </TextEquiv>
            </TextLine>
            <TextLine id="tr_1_tl_35" custom="readingOrder {index:34;}">
                <Coords points="418,2217 1282,2230 1382,2167 1689,2171 1741,2156 1742,2104 1671,2065 1398,2088 1357,2058 1178,2067 988,2142 421,2149"/>
                <Baseline points="429,2205 447,2205 492,2202 537,2199 581,2196 626,2196 671,2193 716,2193 761,2190 805,2187 850,2184 895,2184 940,2181 984,2181 1029,2178 1074,2175 1119,2172 1163,2172 1208,2166 1253,2166 1298,2163 1342,2163 1387,2160 1432,2157 1477,2154 1522,2151 1566,2151 1611,2148 1656,2145 1701,2145 1745,2145"/>
                <TextEquiv>
                    <Unicode>Trösten Sie sich wegen desgemischten Hausbrots:</Unicode>
                </TextEquiv>
            </TextLine>
            <TextLine id="tr_1_tl_36" custom="readingOrder {index:35;}">
                <Coords points="2751,2237 3049,2207 4044,2237 4042,2183 3845,2156 2750,2162"/>
                <Baseline points="2760,2193 2805,2193 2850,2196 2894,2196 2939,2196 2984,2196 3029,2199 3073,2199 3118,2199 3163,2202 3208,2202 3252,2202 3297,2205 3342,2205 3387,2208 3432,2208 3476,2208 3521,2208 3566,2208 3611,2208 3655,2211 3700,2211 3745,2211 3790,2214 3834,2214 3879,2217 3924,2217 3969,2217 4013,2220 4049,2223"/>
                <TextEquiv>
                    <Unicode>ein xxxx merkwürdiges Zusammenfliessen zweier</Unicode>
                </TextEquiv>
            </TextLine>
            <TextLine id="tr_1_tl_37" custom="readingOrder {index:36;}">
                <Coords points="432,2316 1482,2321 1608,2264 1701,2275 1726,2221 434,2259"/>
                <Baseline points="441,2303 474,2303 519,2303 564,2300 608,2300 653,2297 698,2297 743,2297 787,2294 832,2291 877,2288 922,2286 966,2286 1011,2283 1056,2280 1101,2277 1145,2277 1190,2274 1235,2274 1280,2271 1325,2268 1369,2265 1414,2265 1459,2262 1504,2259 1548,2259 1593,2256 1638,2256 1683,2253 1727,2247"/>
                <TextEquiv>
                    <Unicode>Wochenlang hab ich ein weisses trockenes geges-</Unicode>
                </TextEquiv>
            </TextLine>
            <TextLine id="tr_1_tl_38" custom="readingOrder {index:37;}">
                <Coords points="2732,2291 4139,2337 4137,2255 4096,2251 2732,2255"/>
                <Baseline points="2742,2280 2787,2283 2832,2286 2876,2286 2921,2286 2966,2286 3011,2288 3055,2288 3100,2288 3145,2288 3190,2291 3235,2291 3279,2294 3324,2294 3369,2294 3414,2297 3458,2297 3503,2297 3548,2297 3593,2297 3637,2297 3682,2300 3727,2300 3772,2303 3816,2306 3861,2306 3906,2309 3951,2309 3996,2309 4040,2312 4085,2309 4130,2315 4139,2315"/>
                <TextEquiv>
                    <Unicode>Pläne, worunter einer der mit der Minnie, etwas gutes</Unicode>
                </TextEquiv>
            </TextLine>
            <TextLine id="tr_1_tl_39" custom="readingOrder {index:38;}">
                <Coords points="425,2420 1818,2370 1823,2260 1602,2323 613,2319 427,2361"/>
                <Baseline points="435,2402 480,2402 525,2399 570,2396 614,2393 659,2393 704,2390 749,2390 793,2387 838,2384 883,2381 928,2378 972,2378 1017,2375 1062,2375 1107,2372 1151,2369 1196,2366 1241,2366 1286,2360 1331,2360 1375,2357 1420,2354 1465,2351 1510,2351 1554,2351 1599,2348 1644,2345 1689,2342 1733,2342 1778,2339 1823,2339"/>
                <TextEquiv>
                    <Unicode>sen (wer nie sein Brot mit Thränen ass-1); und auch</Unicode>
                </TextEquiv>
            </TextLine>
            <TextLine id="tr_1_tl_40" custom="readingOrder {index:39;}">
                <Coords points="2737,2431 3001,2388 4012,2432 4010,2357 3909,2337 2735,2334"/>
                <Baseline points="2745,2375 2790,2375 2835,2375 2879,2375 2924,2378 2969,2378 3014,2375 3058,2378 3103,2375 3148,2381 3193,2381 3238,2381 3282,2381 3327,2381 3372,2384 3417,2384 3461,2387 3506,2387 3551,2387 3596,2390 3640,2390 3685,2390 3730,2393 3775,2393 3819,2393 3864,2393 3909,2396 3954,2396 3999,2399 4016,2399"/>
                <TextEquiv>
                    <Unicode>eingefallen. Den Götterliebling hoff ich ganz</Unicode>
                </TextEquiv>
            </TextLine>
            <TextLine id="tr_1_tl_41" custom="readingOrder {index:40;}">
                <Coords points="441,2501 1335,2493 1412,2445 1681,2445 1724,2429 1728,2361 1522,2402 445,2425"/>
                <Baseline points="450,2479 477,2477 522,2474 567,2474 611,2471 656,2471 701,2468 746,2468 790,2465 835,2462 880,2459 925,2459 969,2456 1014,2453 1059,2450 1104,2450 1148,2447 1193,2447 1238,2444 1283,2444 1328,2441 1372,2441 1417,2438 1462,2435 1507,2432 1551,2432 1596,2429 1641,2426 1686,2426 1730,2420"/>
                <TextEquiv>
                    <Unicode>jetzt nehm ich meine Mahlzeiten in einer stock-</Unicode>
                </TextEquiv>
            </TextLine>
            <TextLine id="tr_1_tl_42" custom="readingOrder {index:41;}">
                <Coords points="2723,2488 3995,2517 3994,2450 3857,2427 3644,2454 3510,2413 3373,2443 3119,2407 3024,2441 2861,2409 2723,2441"/>
                <Baseline points="2733,2462 2778,2465 2823,2465 2867,2468 2912,2468 2957,2468 3002,2471 3047,2471 3091,2471 3136,2471 3181,2471 3226,2474 3270,2477 3315,2477 3360,2477 3405,2477 3449,2477 3494,2479 3539,2479 3584,2479 3628,2479 3673,2479 3718,2482 3763,2485 3808,2485 3852,2488 3897,2488 3942,2488 3987,2488 3999,2491"/>
                <TextEquiv>
                    <Unicode>fertig anzutreffen. Bei dem Stück von Hirschf.</Unicode>
                </TextEquiv>
            </TextLine>
            <TextLine id="tr_1_tl_43" custom="readingOrder {index:42;}">
                <Coords points="434,2590 1685,2553 1735,2529 1739,2452 436,2531"/>
                <Baseline points="444,2569 486,2569 531,2566 575,2563 620,2560 665,2560 710,2557 755,2557 799,2554 844,2554 889,2551 934,2548 978,2548 1023,2545 1068,2545 1113,2542 1157,2539 1202,2539 1247,2536 1292,2533 1336,2533 1381,2530 1426,2527 1471,2524 1516,2524 1560,2524 1605,2521 1650,2518 1695,2518 1739,2515"/>
                <TextEquiv>
                    <Unicode>französischen Familie ein, wo keine heimatlichen</Unicode>
                </TextEquiv>
            </TextLine>
            <TextLine id="tr_1_tl_44" custom="readingOrder {index:43;}">
                <Coords points="432,2683 853,2708 997,2660 1167,2683 1282,2628 1678,2639 1714,2630 1717,2556 437,2596"/>
                <Baseline points="444,2665 465,2665 510,2665 555,2662 599,2659 644,2656 689,2653 734,2650 778,2650 823,2647 868,2647 913,2644 957,2641 1002,2638 1047,2638 1092,2635 1137,2635 1181,2632 1226,2629 1271,2626 1316,2623 1360,2620 1405,2617 1450,2617 1495,2614 1539,2614 1584,2611 1629,2611 1674,2608 1718,2608"/>
                <TextEquiv>
                    <Unicode>Gulyasch-Düfte aufsteigen. Sie ahnen nicht, wie</Unicode>
                </TextEquiv>
            </TextLine>
        </TextRegion>
    </Page>
</PcGts>
