4484 3448
1453 517 1546 617 .
3725 640 3906 739 169
2565 652 3091 776 A.S. an H.v.H.
3159 646 3429 770 #4 118
1480 689 1640 805 168
2523 739 3985 869 absehen kann, und noch öfter, wenn sein Geschmack und
338 681 838 866 A.S. an H.v.H.
914 755 1529 908 114 112 6.3.1906.
2521 829 3993 959 seine Parteistellung in einer ihm selbst unbewussten
714 848 819 951 G.C.P.
335 926 1832 1029 Mein lieber Hugo, aus verschiedenen Gründen sind wir
2556 926 3935 1043 Weise ineinanderfliessen - würd ich nicht leugnen,
340 1029 1774 1124 erst Samstag Abendfrei und Ihnen zur Verfügung und
2521 990 3962 1134 auch wenn er noch lächerlicher über mich geschrieben
344 1099 1861 1218 fragen Sie, ob Sie lieber bei uns nachtmahlen oder ob
2521 1083 3981 1210 hätte. Im übrigen hab ich nicht einmal die Empfindung,
348 1190 1811 1315 wir einander in Hietzing treffen wollen? Es wäre sehr
2528 1202 4016 1309 dass er mich hat treffen wollen, und käme der Fall vor
340 1288 1821 1397 nett von Ihnen Beiden, wenn Sie die Reise in die Spöt-
2528 1286 4049 1416 Gericht, so würd ich ihn vielleicht wegen momentaner Sin-
348 1385 1795 1488 telgasse nicht scheuten.- Harden hat mich nur mässig
2527 1379 4014 1502 nesverwirrung freisprechen. Ja, wenn ich alle die viel-
344 1470 1830 1581 irritiert. Erstens weil ich auf alles mögliche gefasst
2528 1459 4040 1593 fältigen Elemente meines heutigen Verhältnisses zu ihm
344 1562 1840 1675 war, da man mir ja gleich (Theaterberlin ist ja ein
2528 1546 4038 1680 untersuche, so möchte ich fast glauben, dass auch irgend
1737 1614 1838 1671 G.C.P.
348 1655 1830 1762 Tratschnest) von seinem albern-taktlosen Benehmen
2528 1661 3435 1766 ein Hauch von Mitleid dabei ist.
344 1733 1725 1842 Theater bei der Première erzählt hatte. Ferner ist
2515 1741 4075 1863 Nun was das Stück selbst anbelangt, so ist ja beim besten
340 1840 1747 1947 seine Erscheinung als die eines Politoders, eines
2532 1832 4053 1955 Willen nicht zu übersehen, dass im 3.Akt ein tiefer Feh-
340 1922 1867 2017 grossen und amüsanten Politoders, in allen Dingen die-
2505 1908 4059 2038 ler steckt - der damit nicht geringer erklärt wird, dass
344 2015 1892 2122 ser Welt, also auch in der Kunst (und sogar in der Po-
2523 2009 4028 2128 man ihn im architektonischen am xxx deutlichsten ent-
335 2104 1822 2217 litik) seit lange so feststehend, dass mir alle seine
2511 2079 3958 2202 deckt. Auf einem Spaziergang heute, an diesem schönen
331 2198 1842 2297 Emanationen auch nur in diesem Sinne wirklich interes-
2527 2176 3985 2309 Frühlingstag, durch den Dornbacher Park, hab ich mir den
3308 2252 3466 2313 werd.
3814 2256 3946 2355 nie)
2499 2270 3674 2400 „Ruf“ neu entworfen(schreiben nicht ich ihn
325 2295 1881 2420 samt sind. Dass er trotzdem manchmal höchst vorzügliches
333 2334 1714 2492 und sogar treffendes über Menschen, Künstler, Bücher
2476 2385 3563 2492 in fünf Akten und glaube an den
327 2457 537 2562 Stücke
2503 2466 3238 2595 zu sein. So klug wie meine
745 2476 1647 2597 sbesondere wenn er vom "politisch"
