<?xml version="1.0" encoding="UTF-8" standalone="yes"?>
<PcGts xmlns="http://schema.primaresearch.org/PAGE/gts/pagecontent/2013-07-15" xmlns:xsi="http://www.w3.org/2001/XMLSchema-instance" xsi:schemaLocation="http://schema.primaresearch.org/PAGE/gts/pagecontent/2013-07-15 http://schema.primaresearch.org/PAGE/gts/pagecontent/2013-07-15/pagecontent.xsd">
    <Metadata>
        <Creator>prov=READ-COOP:name=TrHtr:version=2.1.0:model_id=51170:date=25_07_2023_05:12</Creator>
        <Created>2023-05-01T21:56:39.517+02:00</Created>
        <LastChange>2023-07-25T05:12:50.633+02:00</LastChange>
        <TranskribusMetadata docId="1416436" pageId="54946436" pageNr="67" tsid="130585596" status="IN_PROGRESS" userId="64420" imgUrl="https://files.transkribus.eu/Get?id=LRDTSAJOLULTWSJAIMHXJGQK&amp;fileType=view" xmlUrl="https://files.transkribus.eu/Get?id=QPPAPKQPFJTWKITCQENCAQYE" imageId="44450521"/>
    </Metadata>
    <Page imageFilename="1416436_0067.jpg" imageWidth="4513" imageHeight="3433">
        <ReadingOrder>
            <OrderedGroup id="ro_1711831590661" caption="Regions reading order">
                <RegionRefIndexed index="0" regionRef="tr_1"/>
                <RegionRefIndexed index="1" regionRef="tr_2"/>
            </OrderedGroup>
        </ReadingOrder>
        <TextRegion id="tr_1" custom="readingOrder {index:0;}">
            <Coords points="450,600 1943,600 1943,2383 450,2383"/>
            <TextLine id="tr_1_tl_1" custom="readingOrder {index:0;}">
                <Coords points="997,681 1021,684 1028,677 1036,677 1049,683 1052,679 1074,684 1082,677 1096,677 1100,593 1076,593 1069,589 1060,597 1052,595 1041,602 1021,602 1014,597 999,600"/>
                <Baseline points="1009,653 1011,653 1056,650 1101,650"/>
                <TextEquiv>
                    <Unicode>93</Unicode>
                </TextEquiv>
            </TextLine>
            <TextLine id="tr_1_tl_2" custom="readingOrder {index:1;}">
                <Coords points="1673,683 1684,681 1693,688 1706,690 1724,675 1760,683 1779,668 1790,668 1788,606 1764,602 1755,611 1729,613 1724,620 1713,615 1687,626 1682,622 1673,624"/>
                <Baseline points="1683,668 1728,665 1773,668 1794,668"/>
                <TextEquiv>
                    <Unicode>127</Unicode>
                </TextEquiv>
            </TextLine>
            <TextLine id="tr_1_tl_3" custom="readingOrder {index:2;}">
                <Coords points="439,734 534,747 554,734 600,743 666,714 831,721 849,717 851,657 814,640 778,662 681,639 624,655 565,651 547,635 498,666 441,664"/>
                <Baseline points="450,704 495,707 540,704 585,704 629,701 674,701 719,698 764,698 808,695 853,695"/>
                <TextEquiv>
                    <Unicode>A.S. an H.v.H.</Unicode>
                </TextEquiv>
            </TextLine>
            <TextLine id="tr_1_tl_4" custom="readingOrder {index:3;}">
                <Coords points="1118,780 1202,781 1235,802 1290,776 1526,778 1537,776 1539,710 1448,719 1396,706 1323,719 1277,699 1210,723 1179,710 1158,721 1120,714"/>
                <Baseline points="1128,770 1140,770 1185,770 1229,770 1274,770 1319,770 1364,767 1409,767 1453,764 1498,761 1543,761"/>
                <TextEquiv>
                    <Unicode>Wien, 26.6.1903.</Unicode>
                </TextEquiv>
            </TextLine>
            <TextLine id="tr_1_tl_5" custom="readingOrder {index:4;}">
                <Coords points="443,886 862,919 1213,858 1728,873 1837,853 1841,754 1482,824 447,814"/>
                <Baseline points="453,880 456,880 501,880 546,877 591,877 635,874 680,874 725,871 770,871 814,871 859,868 904,868 949,865 994,865 1038,862 1083,859 1128,859 1173,862 1217,856 1262,856 1307,853 1352,853 1397,853 1441,850 1486,850 1531,850 1576,847 1620,844 1665,844 1710,844 1755,841 1800,838 1844,835"/>
                <TextEquiv>
                    <Unicode>Mein lieber Hugo, aus Ihrem Brief muss ich entneh-</Unicode>
                </TextEquiv>
            </TextLine>
            <TextLine id="tr_1_tl_6" custom="readingOrder {index:5;}">
                <Coords points="448,975 1652,966 1823,942 1825,888 1693,862 1572,917 448,931"/>
                <Baseline points="459,967 486,967 531,967 576,964 620,961 665,958 710,958 755,958 800,958 844,958 889,955 934,952 979,952 1023,949 1068,949 1113,946 1158,946 1203,946 1247,943 1292,946 1337,943 1382,940 1426,940 1471,940 1516,937 1561,937 1606,937 1650,934 1695,934 1740,931 1785,928 1829,931"/>
                <TextEquiv>
                    <Unicode>men, dass unsere Karten von der Reise gar nicht zu</Unicode>
                </TextEquiv>
            </TextLine>
            <TextLine id="tr_1_tl_7" custom="readingOrder {index:6;}">
                <Coords points="458,1058 1660,1052 1876,1025 1878,952 1451,999 459,1003"/>
                <Baseline points="468,1050 492,1053 537,1053 582,1050 626,1050 671,1047 716,1047 761,1047 806,1044 850,1044 895,1041 940,1041 985,1041 1029,1038 1074,1038 1119,1035 1164,1035 1209,1032 1253,1032 1298,1029 1343,1029 1388,1029 1432,1029 1477,1029 1522,1026 1567,1023 1612,1023 1656,1023 1701,1023 1746,1020 1791,1017 1835,1017 1880,1020"/>
                <TextEquiv>
                    <Unicode>Ihnen gelangt sind. Ich habe Ihnen aus Venedig (auch</Unicode>
                </TextEquiv>
            </TextLine>
            <TextLine id="tr_1_tl_8" custom="readingOrder {index:7;}">
                <Coords points="456,1142 705,1177 818,1138 1663,1136 1828,1116 1830,1056 889,1102 807,1074 595,1114 458,1087"/>
                <Baseline points="465,1140 489,1140 534,1140 579,1137 623,1137 668,1137 713,1134 758,1134 803,1134 847,1131 892,1128 937,1128 982,1128 1026,1125 1071,1125 1116,1122 1161,1122 1206,1119 1250,1119 1295,1116 1340,1116 1385,1116 1429,1113 1474,1113 1519,1113 1564,1113 1609,1113 1653,1113 1698,1110 1743,1107 1788,1104 1832,1101"/>
                <TextEquiv>
                    <Unicode>Hans war auf dieser Karte unterschrieben) und aus</Unicode>
                </TextEquiv>
            </TextLine>
            <TextLine id="tr_1_tl_9" custom="readingOrder {index:8;}">
                <Coords points="465,1252 1709,1228 1812,1204 1814,1133 467,1188"/>
                <Baseline points="474,1229 519,1229 564,1226 608,1223 653,1223 698,1223 743,1220 788,1220 832,1217 877,1217 922,1214 967,1214 1011,1211 1056,1211 1101,1211 1146,1211 1191,1209 1235,1206 1280,1206 1325,1206 1370,1206 1414,1203 1459,1203 1504,1200 1549,1200 1594,1200 1638,1200 1683,1197 1728,1194 1773,1194 1817,1194"/>
                <TextEquiv>
                    <Unicode>Lugano eine (sogar versificierte ) Rachricht</Unicode>
                </TextEquiv>
            </TextLine>
            <TextLine id="tr_1_tl_10" custom="readingOrder {index:9;}">
                <Coords points="463,1356 1036,1351 1310,1296 1927,1316 1929,1213 465,1270"/>
                <Baseline points="474,1319 498,1316 543,1316 588,1313 632,1313 677,1313 722,1310 767,1310 811,1307 856,1307 901,1307 946,1304 991,1301 1035,1301 1080,1301 1125,1298 1170,1298 1214,1298 1259,1295 1304,1295 1349,1292 1394,1292 1438,1292 1483,1292 1528,1289 1573,1289 1617,1286 1662,1286 1707,1286 1752,1283 1797,1283 1841,1280 1886,1280 1931,1286"/>
                <TextEquiv>
                    <Unicode>gesandt.In Lugano haben wir im Hotel du Parc gewohnt,</Unicode>
                </TextEquiv>
            </TextLine>
            <TextLine id="tr_1_tl_11" custom="readingOrder {index:10;}">
                <Coords points="461,1409 745,1442 1074,1389 1859,1400 1881,1318 463,1356"/>
                <Baseline points="471,1403 495,1403 540,1403 585,1400 629,1400 674,1400 719,1400 764,1397 808,1394 853,1394 898,1394 943,1391 988,1391 1032,1388 1077,1388 1122,1385 1167,1385 1211,1382 1256,1382 1301,1382 1346,1379 1391,1379 1435,1379 1480,1379 1525,1379 1570,1376 1615,1376 1659,1376 1704,1373 1749,1370 1794,1370 1838,1367 1883,1370"/>
                <TextEquiv>
                    <Unicode>und die liebenswürdige verheiratete Tochter der Ma-</Unicode>
                </TextEquiv>
            </TextLine>
            <TextLine id="tr_1_tl_12" custom="readingOrder {index:11;}">
                <Coords points="470,1515 1936,1488 1938,1416 1585,1394 1407,1437 470,1459"/>
                <Baseline points="480,1489 510,1492 555,1489 600,1489 644,1486 689,1486 734,1486 779,1483 823,1483 868,1483 913,1480 958,1480 1003,1477 1047,1474 1092,1474 1137,1471 1182,1468 1226,1471 1271,1468 1316,1468 1361,1468 1406,1468 1450,1465 1495,1465 1540,1465 1585,1462 1629,1462 1674,1462 1719,1459 1764,1459 1809,1456 1853,1456 1898,1453 1943,1453"/>
                <TextEquiv>
                    <Unicode>dame Beha zeigte uns die "Stätte", wo Sie zu schreiben</Unicode>
                </TextEquiv>
            </TextLine>
            <TextLine id="tr_1_tl_13" custom="readingOrder {index:12;}">
                <Coords points="467,1614 1318,1557 1848,1576 1932,1554 1934,1486 468,1543"/>
                <Baseline points="477,1585 504,1582 549,1579 594,1576 638,1576 683,1576 728,1576 773,1573 817,1570 862,1570 907,1567 952,1567 997,1567 1041,1564 1086,1564 1131,1561 1176,1561 1220,1558 1265,1558 1310,1558 1355,1555 1400,1555 1444,1555 1489,1552 1534,1552 1579,1552 1623,1549 1668,1546 1713,1546 1758,1546 1803,1543 1847,1543 1892,1543 1937,1543"/>
                <TextEquiv>
                    <Unicode>pflegten. Was was es nur, was Sie damals arbeiteten?</Unicode>
                </TextEquiv>
            </TextLine>
            <TextLine id="tr_1_tl_14" custom="readingOrder {index:13;}">
                <Coords points="476,1696 1806,1660 1870,1643 1870,1590 1713,1563 1437,1572 1321,1620 478,1629"/>
                <Baseline points="486,1665 531,1665 576,1665 620,1662 665,1662 710,1662 755,1662 800,1659 844,1659 889,1656 934,1656 979,1656 1023,1653 1068,1653 1113,1653 1158,1650 1203,1650 1247,1650 1292,1647 1337,1647 1382,1644 1426,1644 1471,1644 1516,1641 1561,1641 1606,1641 1650,1641 1695,1641 1740,1638 1785,1635 1829,1635 1874,1638"/>
                <TextEquiv>
                    <Unicode>Vom Wetter waren wir nicht sehr begünstigt; auf dem</Unicode>
                </TextEquiv>
            </TextLine>
            <TextLine id="tr_1_tl_15" custom="readingOrder {index:14;}">
                <Coords points="476,1792 1005,1799 1142,1740 1885,1764 1887,1702 478,1711"/>
                <Baseline points="486,1755 501,1752 546,1752 591,1752 635,1752 680,1749 725,1752 770,1749 814,1746 859,1749 904,1746 949,1746 994,1743 1038,1743 1083,1740 1128,1740 1173,1740 1217,1737 1262,1737 1307,1737 1352,1734 1397,1734 1441,1734 1486,1731 1531,1731 1576,1731 1620,1731 1665,1731 1710,1731 1755,1728 1800,1728 1844,1728 1889,1734"/>
                <TextEquiv>
                    <Unicode>Generoso Nebel, Gewitter ;in Varese ein Platzregen,</Unicode>
                </TextEquiv>
            </TextLine>
            <TextLine id="tr_1_tl_16" custom="readingOrder {index:15;}">
                <Coords points="478,1861 1735,1837 1819,1817 1821,1746 1539,1751 1451,1797 479,1808"/>
                <Baseline points="489,1841 525,1841 570,1841 614,1838 659,1838 704,1838 749,1835 794,1835 838,1835 883,1835 928,1832 973,1832 1017,1829 1062,1829 1107,1829 1152,1829 1197,1826 1241,1826 1286,1826 1331,1823 1376,1823 1420,1823 1465,1820 1510,1820 1555,1820 1600,1820 1644,1817 1689,1817 1734,1817 1779,1815 1823,1817"/>
                <TextEquiv>
                    <Unicode>dass wir nicht bis zum Grand Hotel gelangten und</Unicode>
                </TextEquiv>
            </TextLine>
            <TextLine id="tr_1_tl_17" custom="readingOrder {index:16;}">
                <Coords points="478,1954 1808,1940 1839,1861 1438,1834 1347,1890 558,1898 481,1867"/>
                <Baseline points="489,1931 498,1931 543,1928 588,1928 632,1928 677,1928 722,1925 767,1925 811,1922 856,1922 901,1922 946,1919 991,1919 1035,1919 1080,1916 1125,1916 1170,1916 1214,1916 1259,1913 1304,1913 1349,1910 1394,1910 1438,1910 1483,1907 1528,1907 1573,1904 1617,1904 1662,1907 1707,1904 1752,1904 1797,1901 1841,1904"/>
                <TextEquiv>
                    <Unicode>lieber gleich zurückfuhren. Die andern Seen fielen</Unicode>
                </TextEquiv>
            </TextLine>
            <TextLine id="tr_1_tl_18" custom="readingOrder {index:17;}">
                <Coords points="479,2033 604,2062 1398,1998 1625,2024 1792,2000 1793,1951 679,1956 479,1995"/>
                <Baseline points="489,2020 498,2018 543,2018 588,2015 632,2015 677,2015 722,2015 767,2012 811,2012 856,2009 901,2009 946,2009 991,2006 1035,2006 1080,2003 1125,2003 1170,2003 1214,2003 1259,2000 1304,2000 1349,2000 1394,2000 1438,1997 1483,1997 1528,1997 1573,1994 1617,1994 1662,1991 1707,1991 1752,1991 1797,1991"/>
                <TextEquiv>
                    <Unicode>sozusagen ins Wasser, was sie doch gar nicht mehr</Unicode>
                </TextEquiv>
            </TextLine>
            <TextLine id="tr_1_tl_19" custom="readingOrder {index:18;}">
                <Coords points="479,2126 1867,2101 1868,2017 481,2057"/>
                <Baseline points="492,2107 528,2107 573,2104 617,2104 662,2104 707,2104 752,2104 797,2101 841,2098 886,2101 931,2098 976,2095 1020,2095 1065,2095 1110,2095 1155,2095 1200,2092 1244,2092 1289,2092 1334,2089 1379,2089 1423,2089 1468,2086 1513,2086 1558,2086 1603,2086 1647,2083 1692,2083 1737,2083 1782,2080 1826,2080 1871,2077"/>
                <TextEquiv>
                    <Unicode>notwendig haben. Vor Lugano:Venedig (Hans zeigte uns</Unicode>
                </TextEquiv>
            </TextLine>
            <TextLine id="tr_1_tl_20" custom="readingOrder {index:19;}">
                <Coords points="485,2216 895,2238 1118,2196 1197,2233 1352,2187 1819,2192 1821,2130 1548,2094 1446,2147 781,2130 487,2165"/>
                <Baseline points="495,2197 525,2194 570,2194 614,2194 659,2191 704,2191 749,2191 794,2191 838,2188 883,2188 928,2185 973,2185 1017,2182 1062,2185 1107,2182 1152,2182 1197,2179 1241,2179 1286,2179 1331,2176 1376,2179 1420,2176 1465,2176 1510,2176 1555,2173 1600,2173 1644,2173 1689,2173 1734,2170 1779,2170 1823,2170"/>
                <TextEquiv>
                    <Unicode>einige Palazzi, die wir sonst gewiss nicht gesehen</Unicode>
                </TextEquiv>
            </TextLine>
            <TextLine id="tr_1_tl_21" custom="readingOrder {index:20;}">
                <Coords points="479,2306 1819,2288 1872,2271 1874,2191 1609,2189 1376,2244 481,2242"/>
                <Baseline points="492,2280 534,2283 579,2280 623,2280 668,2283 713,2280 758,2280 803,2277 847,2277 892,2274 937,2271 982,2271 1026,2271 1071,2271 1116,2271 1161,2268 1206,2268 1250,2268 1295,2265 1340,2265 1385,2265 1429,2262 1474,2262 1519,2262 1564,2262 1609,2262 1653,2262 1698,2259 1743,2259 1788,2259 1832,2259 1877,2262"/>
                <TextEquiv>
                    <Unicode>hätten), Segelfahrt nach Torcello (wenn Sie es nicht</Unicode>
                </TextEquiv>
            </TextLine>
            <TextLine id="tr_1_tl_22" custom="readingOrder {index:21;}">
                <Coords points="481,2416 1155,2410 1239,2359 1814,2377 1870,2372 1872,2293 483,2335"/>
                <Baseline points="492,2373 531,2370 576,2370 620,2370 665,2370 710,2367 755,2367 800,2367 844,2364 889,2364 934,2364 979,2361 1023,2361 1068,2361 1113,2361 1158,2358 1203,2358 1247,2358 1292,2355 1337,2355 1382,2355 1426,2355 1471,2355 1516,2352 1561,2352 1606,2349 1650,2349 1695,2352 1740,2352 1785,2349 1829,2349 1874,2349"/>
                <TextEquiv>
                    <Unicode>kennen, versäumen Sies nicht bei nächster Venezianer</Unicode>
                </TextEquiv>
            </TextLine>
        </TextRegion>
        <TextRegion id="tr_2" custom="readingOrder {index:1;}">
            <Coords points="2707,591 4188,591 4188,2380 2707,2380"/>
            <TextLine id="tr_2_tl_1" custom="readingOrder {index:0;}">
                <Coords points="3252,672 3265,673 3272,668 3287,675 3298,688 3309,681 3314,686 3325,684 3334,690 3349,686 3356,598 3345,595 3334,598 3318,587 3309,593 3299,593 3294,587 3283,591 3276,584 3261,586"/>
                <Baseline points="3265,647 3268,650 3313,647 3358,641"/>
                <TextEquiv>
                    <Unicode>931</Unicode>
                </TextEquiv>
            </TextLine>
            <TextLine id="tr_2_tl_2" custom="readingOrder {index:1;}">
                <Coords points="3922,668 3931,668 3938,675 3953,675 3958,679 3969,675 3977,679 3986,673 4011,670 4022,661 4031,662 4033,602 4017,602 3995,593 3971,604 3966,600 3956,602 3944,593 3924,597"/>
                <Baseline points="3931,668 3946,668 3991,665 4036,665"/>
                <TextEquiv>
                    <Unicode>127</Unicode>
                </TextEquiv>
            </TextLine>
            <TextLine id="tr_2_tl_3" custom="readingOrder {index:2;}">
                <Coords points="2696,736 2780,743 2846,717 2886,732 2919,717 3098,717 3100,650 3003,655 2968,637 2946,648 2919,639 2829,666 2772,655 2752,672 2697,668"/>
                <Baseline points="2707,704 2743,704 2788,704 2832,704 2877,701 2922,701 2967,698 3012,698 3056,695 3101,695"/>
                <TextEquiv>
                    <Unicode>A.S. an H.v.H.</Unicode>
                </TextEquiv>
            </TextLine>
            <TextLine id="tr_2_tl_4" custom="readingOrder {index:3;}">
                <Coords points="3371,814 3431,811 3462,829 3482,809 3532,813 3601,778 3792,778 3792,732 3708,727 3675,710 3636,727 3620,716 3572,728 3541,710 3413,732 3373,719"/>
                <Baseline points="3382,767 3394,770 3438,770 3483,770 3528,770 3573,767 3618,767 3662,764 3707,764 3752,761 3797,761"/>
                <TextEquiv>
                    <Unicode>Wien, 26.6.1903.</Unicode>
                </TextEquiv>
            </TextLine>
            <TextLine id="tr_2_tl_5" custom="readingOrder {index:4;}">
                <Coords points="2697,888 3975,875 4085,849 4088,772 3920,765 3757,822 2699,831"/>
                <Baseline points="2707,880 2746,877 2791,877 2835,874 2880,874 2925,871 2970,871 3015,871 3059,868 3104,868 3149,868 3194,865 3238,865 3283,862 3328,859 3373,859 3418,859 3462,856 3507,856 3552,853 3597,853 3641,850 3686,850 3731,850 3776,850 3821,847 3865,844 3910,844 3955,841 4000,841 4044,838 4089,838"/>
                <TextEquiv>
                    <Unicode>Mein lieber Hugo, aus Ihrem Brief muss ich entneh-</Unicode>
                </TextEquiv>
            </TextLine>
            <TextLine id="tr_2_tl_6" custom="readingOrder {index:5;}">
                <Coords points="2707,981 3206,1003 3323,950 4035,950 4072,864 3830,910 2708,928"/>
                <Baseline points="2716,967 2731,967 2776,967 2821,967 2865,961 2910,961 2955,958 3000,958 3044,958 3089,955 3134,952 3179,952 3224,949 3268,949 3313,949 3358,946 3403,946 3447,946 3492,946 3537,943 3582,940 3627,940 3671,937 3716,937 3761,937 3806,934 3850,934 3895,934 3940,931 3985,931 4030,928 4074,931"/>
                <TextEquiv>
                    <Unicode>men, dass unsere Karten von der Reise gar nicht zu</Unicode>
                </TextEquiv>
            </TextLine>
            <TextLine id="tr_2_tl_7" custom="readingOrder {index:6;}">
                <Coords points="2716,1072 3023,1096 3329,1041 4068,1038 4125,1027 4127,972 2718,1006"/>
                <Baseline points="2728,1053 2740,1050 2785,1053 2829,1050 2874,1050 2919,1047 2964,1047 3009,1047 3053,1044 3098,1041 3143,1041 3188,1041 3232,1041 3277,1038 3322,1038 3367,1035 3412,1035 3456,1032 3501,1032 3546,1029 3591,1029 3635,1026 3680,1026 3725,1026 3770,1026 3815,1023 3859,1023 3904,1023 3949,1023 3994,1020 4038,1020 4083,1017 4128,1017"/>
                <TextEquiv>
                    <Unicode>Ihnen gelangt sind. Ich habe Ihnen aus Venedig (auch</Unicode>
                </TextEquiv>
            </TextLine>
            <TextLine id="tr_2_tl_8" custom="readingOrder {index:7;}">
                <Coords points="2716,1146 3012,1142 3102,1179 3272,1129 3892,1136 4072,1111 4074,1054 2718,1087"/>
                <Baseline points="2725,1140 2734,1140 2779,1140 2824,1137 2868,1137 2913,1137 2958,1134 3003,1134 3047,1131 3092,1131 3137,1128 3182,1125 3227,1125 3271,1125 3316,1125 3361,1122 3406,1122 3450,1119 3495,1119 3540,1116 3585,1116 3630,1113 3674,1113 3719,1113 3764,1110 3809,1110 3853,1110 3898,1110 3943,1107 3988,1107 4033,1104 4077,1104"/>
                <TextEquiv>
                    <Unicode>Hans war auf dieser Karte unterschrieben) und aus</Unicode>
                </TextEquiv>
            </TextLine>
            <TextLine id="tr_2_tl_9" custom="readingOrder {index:8;}">
                <Coords points="2714,1237 3049,1272 3393,1215 3944,1224 4050,1206 4052,1144 2716,1179"/>
                <Baseline points="2725,1226 2755,1229 2800,1226 2844,1223 2889,1223 2934,1223 2979,1220 3024,1220 3068,1217 3113,1217 3158,1217 3203,1214 3247,1211 3292,1211 3337,1211 3382,1211 3427,1209 3471,1209 3516,1206 3561,1203 3606,1206 3650,1203 3695,1203 3740,1200 3785,1200 3830,1197 3874,1197 3919,1197 3964,1194 4009,1191 4053,1191"/>
                <TextEquiv>
                    <Unicode>Lugano eine (sogar versificierte ) Nachricht</Unicode>
                </TextEquiv>
            </TextLine>
            <TextLine id="tr_2_tl_10" custom="readingOrder {index:9;}">
                <Coords points="2718,1356 4165,1296 4167,1221 3702,1213 3550,1277 2719,1252"/>
                <Baseline points="2728,1322 2737,1322 2782,1316 2827,1313 2871,1313 2916,1313 2961,1310 3006,1310 3050,1307 3095,1307 3140,1304 3185,1304 3230,1304 3274,1301 3319,1301 3364,1298 3409,1298 3453,1298 3498,1295 3543,1292 3588,1292 3633,1292 3677,1292 3722,1289 3767,1289 3812,1289 3856,1286 3901,1286 3946,1286 3991,1283 4036,1283 4080,1280 4125,1280 4170,1280"/>
                <TextEquiv>
                    <Unicode>gesandt. In Lugano haben wir im Hotel du Parc gewohnt,</Unicode>
                </TextEquiv>
            </TextLine>
            <TextLine id="tr_2_tl_11" custom="readingOrder {index:10;}">
                <Coords points="2727,1427 4123,1396 4125,1308 2729,1369"/>
                <Baseline points="2737,1403 2740,1403 2785,1403 2829,1400 2874,1400 2919,1397 2964,1397 3009,1397 3053,1394 3098,1394 3143,1391 3188,1391 3232,1391 3277,1388 3322,1388 3367,1388 3412,1385 3456,1382 3501,1382 3546,1382 3591,1379 3635,1379 3680,1376 3725,1376 3770,1376 3815,1376 3859,1376 3904,1373 3949,1370 3994,1370 4038,1370 4083,1367 4128,1364"/>
                <TextEquiv>
                    <Unicode>und die liebenswürdige verheiratete Tochter der Ma-</Unicode>
                </TextEquiv>
            </TextLine>
            <TextLine id="tr_2_tl_12" custom="readingOrder {index:11;}">
                <Coords points="2727,1513 3204,1530 3375,1479 3991,1466 4161,1499 4185,1416 2729,1440"/>
                <Baseline points="2737,1489 2755,1489 2800,1489 2844,1486 2889,1486 2934,1486 2979,1483 3024,1483 3068,1483 3113,1483 3158,1480 3203,1477 3247,1477 3292,1474 3337,1474 3382,1471 3427,1468 3471,1468 3516,1468 3561,1468 3606,1465 3650,1468 3695,1465 3740,1465 3785,1465 3830,1462 3874,1462 3919,1462 3964,1459 4009,1456 4053,1453 4098,1453 4143,1453 4188,1453"/>
                <TextEquiv>
                    <Unicode>dame Beha zeigte uns die „Stätte“, wo Sie zu schreiben</Unicode>
                </TextEquiv>
            </TextLine>
            <TextLine id="tr_2_tl_13" custom="readingOrder {index:12;}">
                <Coords points="2721,1598 4132,1576 4176,1568 4178,1499 3667,1480 3435,1541 2723,1552"/>
                <Baseline points="2734,1585 2749,1582 2794,1579 2838,1576 2883,1576 2928,1576 2973,1576 3018,1573 3062,1570 3107,1567 3152,1567 3197,1567 3241,1567 3286,1564 3331,1564 3376,1564 3421,1561 3465,1558 3510,1558 3555,1555 3600,1555 3644,1555 3689,1555 3734,1552 3779,1549 3824,1549 3868,1549 3913,1546 3958,1546 4003,1546 4047,1543 4092,1543 4137,1543 4182,1546"/>
                <TextEquiv>
                    <Unicode>pflegten. Was was es nur, was Sie damals arbeiteten?</Unicode>
                </TextEquiv>
            </TextLine>
            <TextLine id="tr_2_tl_14" custom="readingOrder {index:13;}">
                <Coords points="2730,1691 4075,1654 4108,1579 3730,1572 3448,1627 2732,1612"/>
                <Baseline points="2740,1662 2770,1662 2815,1665 2859,1662 2904,1662 2949,1659 2994,1659 3038,1659 3083,1656 3128,1656 3173,1656 3218,1653 3262,1653 3307,1653 3352,1650 3397,1650 3441,1650 3486,1647 3531,1647 3576,1647 3621,1644 3665,1644 3710,1641 3755,1641 3800,1641 3844,1641 3889,1638 3934,1638 3979,1638 4024,1635 4068,1635 4113,1635"/>
                <TextEquiv>
                    <Unicode>Vom Wetter waren wir nicht sehr begünstigt; auf dem</Unicode>
                </TextEquiv>
            </TextLine>
            <TextLine id="tr_2_tl_15" custom="readingOrder {index:14;}">
                <Coords points="2730,1786 4123,1744 4125,1673 3151,1722 2732,1691"/>
                <Baseline points="2740,1749 2785,1752 2829,1752 2874,1752 2919,1749 2964,1749 3009,1749 3053,1746 3098,1746 3143,1746 3188,1743 3232,1743 3277,1743 3322,1740 3367,1740 3412,1740 3456,1737 3501,1737 3546,1737 3591,1734 3635,1734 3680,1734 3725,1734 3770,1731 3815,1731 3859,1731 3904,1728 3949,1728 3994,1728 4038,1725 4083,1728 4128,1731"/>
                <TextEquiv>
                    <Unicode>Generoso Nebel, Gewitter ;in Varese ein Platzregen,</Unicode>
                </TextEquiv>
            </TextLine>
            <TextLine id="tr_2_tl_16" custom="readingOrder {index:15;}">
                <Coords points="2740,1879 3343,1830 3876,1845 4041,1826 4066,1768 3645,1746 3526,1792 2741,1801"/>
                <Baseline points="2749,1841 2773,1841 2818,1841 2862,1838 2907,1838 2952,1838 2997,1835 3041,1835 3086,1835 3131,1832 3176,1832 3221,1832 3265,1829 3310,1829 3355,1829 3400,1829 3444,1826 3489,1826 3534,1823 3579,1823 3624,1820 3668,1823 3713,1820 3758,1820 3803,1820 3847,1820 3892,1817 3937,1817 3982,1815 4027,1815 4071,1812"/>
                <TextEquiv>
                    <Unicode>dass wir nicht bis zum Grand Hotel gelangten und</Unicode>
                </TextEquiv>
            </TextLine>
            <TextLine id="tr_2_tl_17" custom="readingOrder {index:16;}">
                <Coords points="2730,1953 4079,1918 4079,1852 4004,1832 3450,1892 2732,1881"/>
                <Baseline points="2740,1931 2785,1928 2829,1928 2874,1925 2919,1928 2964,1925 3009,1925 3053,1922 3098,1922 3143,1922 3188,1919 3232,1919 3277,1919 3322,1916 3367,1916 3412,1916 3456,1916 3501,1913 3546,1913 3591,1910 3635,1910 3680,1910 3725,1907 3770,1907 3815,1904 3859,1904 3904,1904 3949,1904 3994,1904 4038,1901 4083,1901"/>
                <TextEquiv>
                    <Unicode>lieber gleich zurückfuhren. Die andern Seen fielen</Unicode>
                </TextEquiv>
            </TextLine>
            <TextLine id="tr_2_tl_18" custom="readingOrder {index:17;}">
                <Coords points="2732,2024 3310,2057 3517,2008 4002,2008 4041,1951 2734,1984"/>
                <Baseline points="2743,2020 2746,2018 2791,2018 2835,2018 2880,2015 2925,2015 2970,2012 3015,2012 3059,2009 3104,2009 3149,2009 3194,2006 3238,2006 3283,2006 3328,2003 3373,2003 3418,2003 3462,2003 3507,2003 3552,2000 3597,1997 3641,2000 3686,1997 3731,1997 3776,1997 3821,1994 3865,1994 3910,1991 3955,1991 4000,1991 4044,1991"/>
                <TextEquiv>
                    <Unicode>sozusagen ins Wasser, was sie doch gar nicht mehr</Unicode>
                </TextEquiv>
            </TextLine>
            <TextLine id="tr_2_tl_19" custom="readingOrder {index:18;}">
                <Coords points="2732,2114 3102,2148 3517,2095 4074,2117 4114,2048 3927,2011 3827,2061 2734,2057"/>
                <Baseline points="2743,2107 2773,2107 2818,2104 2862,2104 2907,2104 2952,2104 2997,2101 3041,2101 3086,2101 3131,2098 3176,2098 3221,2095 3265,2095 3310,2095 3355,2095 3400,2095 3444,2092 3489,2092 3534,2092 3579,2089 3624,2089 3668,2089 3713,2086 3758,2086 3803,2086 3847,2086 3892,2083 3937,2083 3982,2083 4027,2080 4071,2080 4116,2080"/>
                <TextEquiv>
                    <Unicode>notwendig haben. Vor Lugano:Venedig (Hans zeigte uns</Unicode>
                </TextEquiv>
            </TextLine>
            <TextLine id="tr_2_tl_20" custom="readingOrder {index:19;}">
                <Coords points="2734,2203 3157,2234 3629,2181 4063,2191 4064,2114 2736,2150"/>
                <Baseline points="2746,2194 2770,2194 2815,2194 2859,2194 2904,2191 2949,2191 2994,2191 3038,2191 3083,2191 3128,2188 3173,2185 3218,2185 3262,2185 3307,2185 3352,2182 3397,2182 3441,2179 3486,2179 3531,2179 3576,2176 3621,2179 3665,2179 3710,2176 3755,2176 3800,2173 3844,2173 3889,2170 3934,2170 3979,2170 4024,2170 4068,2170"/>
                <TextEquiv>
                    <Unicode>einige Palazzi, die wir sonst gewiss nicht gesehen</Unicode>
                </TextEquiv>
            </TextLine>
            <TextLine id="tr_2_tl_21" custom="readingOrder {index:20;}">
                <Coords points="2740,2288 4099,2291 4116,2192 2740,2247"/>
                <Baseline points="2749,2280 2776,2280 2821,2280 2865,2280 2910,2280 2955,2277 3000,2277 3044,2277 3089,2274 3134,2274 3179,2274 3224,2271 3268,2271 3313,2271 3358,2271 3403,2271 3447,2268 3492,2268 3537,2268 3582,2265 3627,2265 3671,2262 3716,2262 3761,2262 3806,2262 3850,2262 3895,2262 3940,2259 3985,2259 4030,2259 4074,2259 4119,2259"/>
                <TextEquiv>
                    <Unicode>hätten), Segelfahrt nach Torcello (wenn Sie es nicht</Unicode>
                </TextEquiv>
            </TextLine>
            <TextLine id="tr_2_tl_22" custom="readingOrder {index:21;}">
                <Coords points="2736,2423 3305,2414 3488,2361 4039,2377 4119,2368 4121,2288 3834,2278 3598,2333 2738,2326"/>
                <Baseline points="2746,2370 2782,2370 2827,2370 2871,2367 2916,2367 2961,2367 3006,2367 3050,2367 3095,2364 3140,2364 3185,2361 3230,2361 3274,2361 3319,2361 3364,2361 3409,2361 3453,2358 3498,2358 3543,2355 3588,2358 3633,2355 3677,2355 3722,2355 3767,2352 3812,2352 3856,2352 3901,2349 3946,2349 3991,2349 4036,2349 4080,2349 4125,2349"/>
                <TextEquiv>
                    <Unicode>kennen, versäumen Sies nicht bei nächster Venezianer</Unicode>
                </TextEquiv>
            </TextLine>
        </TextRegion>
    </Page>
</PcGts>
