<?xml version="1.0" encoding="UTF-8" standalone="yes"?>
<PcGts xmlns="http://schema.primaresearch.org/PAGE/gts/pagecontent/2013-07-15" xmlns:xsi="http://www.w3.org/2001/XMLSchema-instance" xsi:schemaLocation="http://schema.primaresearch.org/PAGE/gts/pagecontent/2013-07-15 http://schema.primaresearch.org/PAGE/gts/pagecontent/2013-07-15/pagecontent.xsd">
    <Metadata>
        <Creator>prov=READ-COOP:name=TrHtr:version=2.1.0:model_id=51170:date=25_07_2023_05:13</Creator>
        <Created>2023-05-01T21:56:44.141+02:00</Created>
        <LastChange>2023-07-25T05:13:00.784+02:00</LastChange>
        <TranskribusMetadata docId="1416436" pageId="54946530" pageNr="95" tsid="130585626" status="IN_PROGRESS" userId="64420" imgUrl="https://files.transkribus.eu/Get?id=QXRXAVSFJASXVVLSSNVDNSJJ&amp;fileType=view" xmlUrl="https://files.transkribus.eu/Get?id=WPDRIWUOLPABSYVUTFTUQDLO" imageId="44450615"/>
    </Metadata>
    <Page imageFilename="1416436_0095.jpg" imageWidth="4480" imageHeight="3466">
        <ReadingOrder>
            <OrderedGroup id="ro_1711831614256" caption="Regions reading order">
                <RegionRefIndexed index="0" regionRef="tr_2"/>
                <RegionRefIndexed index="1" regionRef="tr_1"/>
            </OrderedGroup>
        </ReadingOrder>
        <TextRegion id="tr_2" custom="readingOrder {index:0;}">
            <Coords points="397,708 1889,708 1889,2502 397,2502"/>
            <TextLine id="tr_2_tl_1" custom="readingOrder {index:0;}">
                <Coords points="1528,795 1541,791 1568,804 1591,795 1611,804 1635,788 1642,797 1653,798 1660,694 1642,697 1635,704 1622,703 1611,694 1588,712 1582,708 1568,717 1552,706 1534,706"/>
                <Baseline points="1540,764 1570,764 1615,761 1659,758"/>
                <TextEquiv>
                    <Unicode>182</Unicode>
                </TextEquiv>
            </TextLine>
            <TextLine id="tr_2_tl_2" custom="readingOrder {index:1;}">
                <Coords points="988,840 1015,840 1031,833 1062,842 1080,840 1078,748 1069,748 1066,744 1049,748 1040,741 1021,746 986,741"/>
                <Baseline points="997,797 1041,800 1083,797"/>
                <TextEquiv>
                    <Unicode>117</Unicode>
                </TextEquiv>
            </TextLine>
            <TextLine id="tr_2_tl_3" custom="readingOrder {index:2;}">
                <Coords points="387,831 603,815 701,829 728,816 753,825 778,807 797,818 802,717 732,726 708,713 620,766 587,757 564,768 531,742 497,751 455,722 408,741 390,732"/>
                <Baseline points="397,815 400,815 444,815 489,815 534,812 579,809 623,806 668,806 713,803 758,803 803,800"/>
                <TextEquiv>
                    <Unicode>A.S. an H.v.H.</Unicode>
                </TextEquiv>
            </TextLine>
            <TextLine id="tr_2_tl_4" custom="readingOrder {index:3;}">
                <Coords points="390,928 1096,890 1239,921 1561,854 1817,883 1841,788 1700,753 1414,829 392,871"/>
                <Baseline points="400,907 411,907 456,904 501,901 546,901 591,898 635,895 680,895 725,892 770,892 815,889 859,886 904,883 949,880 994,880 1038,877 1083,874 1128,874 1173,871 1218,868 1262,865 1307,865 1352,862 1397,859 1441,856 1486,856 1531,856 1576,853 1621,850 1665,850 1710,847 1755,844 1800,844 1844,841"/>
                <TextEquiv>
                    <Unicode>ziehen können, ich empfinde ihn als doppelt und zehn-</Unicode>
                </TextEquiv>
            </TextLine>
            <TextLine id="tr_2_tl_5" custom="readingOrder {index:4;}">
                <Coords points="396,1015 1835,956 1839,885 748,954 399,930"/>
                <Baseline points="406,994 408,994 453,994 498,991 543,991 588,988 632,988 677,985 722,982 767,982 812,982 856,979 901,976 946,973 991,970 1035,970 1080,967 1125,964 1170,961 1215,961 1259,958 1304,958 1349,955 1394,952 1438,952 1483,949 1528,946 1573,946 1618,943 1662,940 1707,937 1752,937 1797,934 1841,931"/>
                <TextEquiv>
                    <Unicode>fach wahr gegenüber einem Werk, das mich in Gedanken</Unicode>
                </TextEquiv>
            </TextLine>
            <TextLine id="tr_2_tl_6" custom="readingOrder {index:5;}">
                <Coords points="405,1098 1403,1091 1494,1044 1763,1057 1767,988 406,1042"/>
                <Baseline points="414,1086 426,1083 471,1083 516,1080 561,1077 606,1074 650,1074 695,1071 740,1071 785,1068 829,1065 874,1065 919,1062 964,1062 1009,1059 1053,1056 1098,1053 1143,1050 1188,1050 1232,1047 1277,1044 1322,1044 1367,1041 1412,1041 1456,1038 1501,1038 1546,1035 1591,1032 1635,1032 1680,1029 1725,1026 1770,1026"/>
                <TextEquiv>
                    <Unicode>und Ausführung durch manches reife und höchst be-</Unicode>
                </TextEquiv>
            </TextLine>
            <TextLine id="tr_2_tl_7" custom="readingOrder {index:6;}">
                <Coords points="412,1210 809,1167 1362,1201 1481,1136 1768,1138 1772,1060 1214,1113 415,1113"/>
                <Baseline points="423,1173 429,1173 474,1173 519,1170 564,1170 609,1167 653,1164 698,1164 743,1161 788,1161 832,1158 877,1155 922,1155 967,1152 1012,1149 1056,1149 1101,1146 1146,1146 1191,1143 1235,1140 1280,1137 1325,1137 1370,1134 1415,1134 1459,1131 1504,1128 1549,1128 1594,1128 1638,1125 1683,1122 1728,1122 1773,1122"/>
                <TextEquiv>
                    <Unicode>wusste Jahr meines Lebens vornehmlich beschäftigt</Unicode>
                </TextEquiv>
            </TextLine>
            <TextLine id="tr_2_tl_8" custom="readingOrder {index:7;}">
                <Coords points="405,1275 565,1306 762,1259 1425,1281 1515,1228 1664,1248 1725,1189 963,1216 721,1178 616,1225 406,1219"/>
                <Baseline points="414,1265 429,1262 474,1262 519,1262 564,1259 609,1259 653,1256 698,1253 743,1253 788,1250 832,1250 877,1247 922,1244 967,1244 1012,1241 1056,1241 1101,1238 1146,1235 1191,1235 1235,1235 1280,1232 1325,1229 1370,1229 1415,1223 1459,1226 1504,1223 1549,1221 1594,1221 1638,1218 1683,1215 1728,1212"/>
                <TextEquiv>
                    <Unicode>hat. Als so wahr erweist er sich, xxxx Sie selbst</Unicode>
                </TextEquiv>
            </TextLine>
            <TextLine id="tr_2_tl_9" custom="readingOrder {index:8;}">
                <Coords points="414,1382 847,1347 1468,1380 1586,1319 1730,1329 1732,1268 417,1302"/>
                <Baseline points="423,1358 435,1355 480,1355 525,1352 570,1349 614,1349 659,1349 704,1346 749,1343 794,1340 838,1340 883,1337 928,1337 973,1334 1018,1334 1062,1331 1107,1328 1152,1328 1197,1328 1241,1328 1286,1325 1331,1322 1376,1319 1421,1316 1465,1316 1510,1313 1555,1313 1600,1313 1644,1310 1689,1307 1734,1304"/>
                <TextEquiv>
                    <Unicode>zu spüren scheinen, wie es kaum denkbar ist, zum</Unicode>
                </TextEquiv>
            </TextLine>
            <TextLine id="tr_2_tl_10" custom="readingOrder {index:9;}">
                <Coords points="408,1478 874,1436 1317,1463 1412,1422 1676,1458 1851,1423 1853,1342 412,1393"/>
                <Baseline points="420,1438 423,1438 468,1438 513,1438 558,1438 603,1435 647,1435 692,1432 737,1432 782,1429 826,1427 871,1427 916,1427 961,1427 1006,1424 1050,1424 1095,1418 1140,1418 1185,1418 1229,1415 1274,1415 1319,1412 1364,1412 1409,1409 1453,1406 1498,1406 1543,1406 1588,1403 1632,1403 1677,1400 1722,1397 1767,1397 1812,1397 1856,1391"/>
                <TextEquiv>
                    <Unicode>Dichter eines Werks, das für eine ganze Entwicklungs-</Unicode>
                </TextEquiv>
            </TextLine>
            <TextLine id="tr_2_tl_11" custom="readingOrder {index:10;}">
                <Coords points="424,1552 1674,1544 1696,1461 426,1470"/>
                <Baseline points="435,1537 444,1537 489,1531 534,1531 579,1528 623,1525 668,1522 713,1522 758,1522 803,1519 847,1519 892,1519 937,1516 982,1513 1026,1513 1071,1510 1116,1510 1161,1507 1206,1507 1250,1507 1295,1504 1340,1504 1385,1501 1429,1498 1474,1495 1519,1495 1564,1495 1609,1492 1653,1492 1698,1489"/>
                <TextEquiv>
                    <Unicode>periode dieses Dichters bedeutend ist,in einem</Unicode>
                </TextEquiv>
            </TextLine>
            <TextLine id="tr_2_tl_12" custom="readingOrder {index:11;}">
                <Coords points="423,1635 1468,1642 1813,1599 1815,1543 426,1553"/>
                <Baseline points="432,1627 474,1627 519,1624 564,1621 609,1618 653,1618 698,1615 743,1615 788,1612 832,1612 877,1609 922,1609 967,1609 1012,1606 1056,1606 1101,1603 1146,1603 1191,1603 1235,1600 1280,1597 1325,1597 1370,1597 1415,1594 1459,1591 1504,1591 1549,1588 1594,1588 1638,1585 1683,1585 1728,1582 1773,1582 1818,1576"/>
                <TextEquiv>
                    <Unicode>glücklicheren Verhältnis zu stehen als zu der Dich-</Unicode>
                </TextEquiv>
            </TextLine>
            <TextLine id="tr_2_tl_13" custom="readingOrder {index:12;}">
                <Coords points="432,1721 1804,1727 1839,1723 1842,1624 434,1658"/>
                <Baseline points="441,1710 456,1710 501,1710 546,1710 591,1710 635,1707 680,1704 725,1704 770,1701 815,1701 859,1698 904,1698 949,1698 994,1695 1038,1695 1083,1692 1128,1692 1173,1689 1218,1689 1262,1686 1307,1686 1352,1683 1397,1683 1441,1680 1486,1680 1531,1677 1576,1677 1621,1677 1665,1674 1710,1674 1755,1671 1800,1668 1844,1668"/>
                <TextEquiv>
                    <Unicode>tung selbst und dass ich Ihnen für den Takt dankbar</Unicode>
                </TextEquiv>
            </TextLine>
            <TextLine id="tr_2_tl_14" custom="readingOrder {index:13;}">
                <Coords points="432,1813 555,1837 954,1794 1268,1833 1750,1772 1752,1732 1093,1716 638,1765 434,1734"/>
                <Baseline points="441,1800 456,1800 501,1803 546,1800 591,1797 635,1797 680,1794 725,1791 770,1791 815,1791 859,1788 904,1788 949,1785 994,1785 1038,1785 1083,1782 1128,1782 1173,1782 1218,1782 1262,1779 1307,1779 1352,1776 1397,1773 1441,1773 1486,1770 1531,1770 1576,1770 1621,1767 1665,1767 1710,1764 1755,1761"/>
                <TextEquiv>
                    <Unicode>bin, der es Sie als richtig erkennen liess, jedes</Unicode>
                </TextEquiv>
            </TextLine>
            <TextLine id="tr_2_tl_15" custom="readingOrder {index:14;}">
                <Coords points="432,1904 1582,1916 1736,1862 1871,1911 1875,1815 434,1828"/>
                <Baseline points="441,1889 444,1889 489,1889 534,1889 579,1886 623,1883 668,1883 713,1880 758,1880 803,1880 847,1877 892,1877 937,1874 982,1874 1026,1874 1071,1874 1116,1871 1161,1871 1206,1868 1250,1865 1295,1865 1340,1865 1385,1862 1429,1862 1474,1859 1519,1859 1564,1859 1609,1859 1653,1856 1698,1856 1743,1853 1788,1853 1833,1850 1877,1850"/>
                <TextEquiv>
                    <Unicode>weitere Wort über ein Werk zu unterlassen, das nichts</Unicode>
                </TextEquiv>
            </TextLine>
            <TextLine id="tr_2_tl_16" custom="readingOrder {index:15;}">
                <Coords points="432,2005 1234,1972 1532,2005 1808,1944 1810,1911 434,1924"/>
                <Baseline points="444,1976 468,1979 513,1979 558,1976 603,1976 647,1973 692,1973 737,1970 782,1970 826,1967 871,1967 916,1964 961,1964 1006,1964 1050,1964 1095,1961 1140,1961 1185,1958 1229,1958 1274,1955 1319,1955 1364,1952 1409,1952 1453,1949 1498,1949 1543,1949 1588,1949 1632,1949 1677,1946 1722,1946 1767,1943 1812,1943"/>
                <TextEquiv>
                    <Unicode>vermocht hat als Sie zu verstören und von dem mir</Unicode>
                </TextEquiv>
            </TextLine>
            <TextLine id="tr_2_tl_17" custom="readingOrder {index:16;}">
                <Coords points="434,2090 1745,2102 1824,2095 1826,1994 435,2007"/>
                <Baseline points="444,2065 486,2068 531,2068 576,2065 620,2062 665,2062 710,2059 755,2059 800,2059 844,2056 889,2056 934,2053 979,2053 1023,2053 1068,2050 1113,2050 1158,2050 1203,2047 1247,2044 1292,2044 1337,2041 1382,2041 1427,2038 1471,2038 1516,2038 1561,2036 1606,2036 1650,2036 1695,2036 1740,2033 1785,2033 1830,2033"/>
                <TextEquiv>
                    <Unicode>ein unverlierbar und untrüglich starkes Nachgefühl</Unicode>
                </TextEquiv>
            </TextLine>
            <TextLine id="tr_2_tl_18" custom="readingOrder {index:17;}">
                <Coords points="441,2178 531,2155 571,2175 762,2157 1199,2177 1252,2169 1254,2083 1082,2079 1008,2112 809,2079 692,2113 632,2093 443,2108"/>
                <Baseline points="450,2158 495,2155 540,2155 585,2152 629,2152 674,2152 719,2149 764,2149 809,2146 853,2146 898,2143 943,2143 988,2143 1032,2140 1077,2137 1122,2140 1167,2140 1212,2131 1256,2128"/>
                <TextEquiv>
                    <Unicode>in der Seele geblieben ist. -</Unicode>
                </TextEquiv>
            </TextLine>
            <TextLine id="tr_2_tl_19" custom="readingOrder {index:18;}">
                <Coords points="434,2265 1579,2270 1644,2222 1806,2220 1808,2168 1075,2160 816,2205 435,2175"/>
                <Baseline points="444,2242 465,2242 510,2244 555,2244 600,2242 644,2242 689,2239 734,2236 779,2236 823,2236 868,2236 913,2233 958,2230 1003,2230 1047,2230 1092,2227 1137,2227 1182,2224 1226,2224 1271,2221 1316,2221 1361,2221 1406,2218 1450,2218 1495,2215 1540,2215 1585,2215 1630,2212 1674,2212 1719,2212 1764,2209 1809,2203"/>
                <TextEquiv>
                    <Unicode>Auf Wiedersehen im Herbst ; Sie bringen hoffentlich</Unicode>
                </TextEquiv>
            </TextLine>
            <TextLine id="tr_2_tl_20" custom="readingOrder {index:19;}">
                <Coords points="444,2368 627,2334 1665,2355 1882,2321 1886,2240 1037,2289 448,2270"/>
                <Baseline points="456,2328 501,2334 546,2334 591,2331 635,2331 680,2328 725,2328 770,2328 815,2325 859,2325 904,2322 949,2322 994,2319 1038,2319 1083,2316 1128,2316 1173,2316 1218,2313 1262,2313 1307,2310 1352,2310 1397,2307 1441,2307 1486,2307 1531,2304 1576,2301 1621,2301 1665,2301 1710,2298 1755,2298 1800,2295 1844,2295 1889,2286"/>
                <TextEquiv>
                    <Unicode>viel schönes zum vorlesen mit,-lassen Sie sichs bei</Unicode>
                </TextEquiv>
            </TextLine>
            <TextLine id="tr_2_tl_21" custom="readingOrder {index:20;}">
                <Coords points="437,2447 780,2453 842,2420 984,2460 1170,2422 1720,2471 1725,2337 439,2364"/>
                <Baseline points="447,2424 474,2424 519,2424 564,2424 609,2421 653,2418 698,2418 743,2418 788,2418 832,2415 877,2412 922,2412 967,2412 1012,2409 1056,2409 1101,2409 1146,2406 1191,2406 1235,2406 1280,2406 1325,2403 1370,2400 1415,2400 1459,2397 1504,2394 1549,2394 1594,2391 1638,2391 1683,2391 1728,2388"/>
                <TextEquiv>
                    <Unicode>de in Sils wohlergehen. Wir grüssen herzlichst.</Unicode>
                </TextEquiv>
            </TextLine>
            <TextLine id="tr_2_tl_22" custom="readingOrder {index:21;}">
                <Coords points="1203,2540 1279,2525 1295,2538 1349,2523 1405,2520 1420,2527 1420,2449 1407,2444 1371,2451 1358,2442 1320,2451 1306,2446 1281,2456 1270,2449 1252,2456 1243,2447 1237,2453 1203,2451"/>
                <Baseline points="1212,2492 1244,2492 1289,2489 1334,2489 1379,2489 1424,2489"/>
                <TextEquiv>
                    <Unicode>Arthur.</Unicode>
                </TextEquiv>
            </TextLine>
        </TextRegion>
        <TextRegion id="tr_1" custom="readingOrder {index:1;}">
            <Coords points="2621,753 4083,753 4083,2669 2621,2669"/>
            <TextLine id="tr_1_tl_1" custom="readingOrder {index:0;}">
                <Coords points="2650,811 2986,820 3047,849 3134,829 3213,865 3392,816 3435,834 3434,742 3311,771 3016,728 2935,773 2854,775 2650,746"/>
                <Baseline points="2659,803 2704,806 2749,803 2794,809 2839,809 2883,809 2928,809 2973,812 3018,812 3062,815 3107,815 3152,820 3197,826 3242,826 3286,823 3331,820 3376,815 3421,809 3436,809"/>
                <TextEquiv>
                    <Unicode>A.S. an H.v.H. (120) 118</Unicode>
                </TextEquiv>
            </TextLine>
            <TextLine id="tr_1_tl_2" custom="readingOrder {index:1;}">
                <Coords points="3815,824 3846,822 3856,831 3892,822 3909,824 3912,820 3923,820 3923,753 3914,753 3880,728 3860,732 3846,717 3836,721 3829,715 3824,721 3815,721"/>
                <Baseline points="3824,812 3869,812 3913,812 3928,812"/>
                <TextEquiv>
                    <Unicode>183</Unicode>
                </TextEquiv>
            </TextLine>
            <TextLine id="tr_1_tl_3" custom="readingOrder {index:2;}">
                <Coords points="3351,900 3542,927 3614,909 3676,932 3799,918 3808,811 3737,811 3715,791 3685,811 3650,804 3578,831 3486,816 3428,836 3349,831"/>
                <Baseline points="3361,895 3406,898 3451,898 3495,898 3540,901 3585,901 3630,901 3674,901 3719,901 3764,901 3809,904 3812,904"/>
                <TextEquiv>
                    <Unicode>Wien, 25.11.1908.</Unicode>
                </TextEquiv>
            </TextLine>
            <TextLine id="tr_1_tl_4" custom="readingOrder {index:3;}">
                <Coords points="2639,1002 4028,1024 4028,936 3777,912 2639,946"/>
                <Baseline points="2648,979 2692,982 2737,982 2782,982 2827,985 2871,985 2916,982 2961,985 3006,985 3051,985 3095,991 3140,988 3185,988 3230,988 3274,988 3319,988 3364,988 3409,988 3454,988 3498,988 3543,988 3588,988 3633,988 3677,991 3722,991 3767,991 3812,994 3857,991 3901,991 3946,991 3991,991 4030,985"/>
                <TextEquiv>
                    <Unicode>Mein lieber Hugo, gestern waren wir in 202-5 (unbe-</Unicode>
                </TextEquiv>
            </TextLine>
            <TextLine id="tr_1_tl_5" custom="readingOrder {index:4;}">
                <Coords points="2643,1109 4044,1114 4044,1039 3885,1048 3746,997 2643,1028"/>
                <Baseline points="2653,1068 2698,1074 2743,1071 2788,1074 2833,1074 2877,1074 2922,1074 2967,1074 3012,1074 3057,1077 3101,1077 3146,1077 3191,1077 3236,1077 3280,1077 3325,1077 3370,1077 3415,1080 3460,1080 3504,1080 3549,1080 3594,1080 3639,1080 3683,1080 3728,1077 3773,1080 3818,1083 3863,1083 3907,1086 3952,1086 3997,1086 4042,1086 4048,1086"/>
                <TextEquiv>
                    <Unicode>digt anzusehen, schon, und besonders wegen Ethofer)</Unicode>
                </TextEquiv>
            </TextLine>
            <TextLine id="tr_1_tl_6" custom="readingOrder {index:5;}">
                <Coords points="2646,1160 3416,1208 4050,1185 4026,1125 3699,1100 2646,1116"/>
                <Baseline points="2656,1158 2701,1161 2746,1161 2791,1161 2836,1161 2880,1161 2925,1164 2970,1161 3015,1164 3059,1164 3104,1164 3149,1167 3194,1167 3239,1167 3283,1170 3328,1170 3373,1167 3418,1170 3463,1167 3507,1167 3552,1167 3597,1170 3642,1170 3686,1170 3731,1170 3776,1173 3821,1170 3866,1170 3910,1170 3955,1170 4000,1170 4045,1167 4054,1170"/>
                <TextEquiv>
                    <Unicode>vorgestern beim Krampus, heut gehn wir ijs Tonkünst-</Unicode>
                </TextEquiv>
            </TextLine>
            <TextLine id="tr_1_tl_7" custom="readingOrder {index:6;}">
                <Coords points="2641,1275 4030,1291 4012,1219 3799,1187 3063,1172 2641,1214"/>
                <Baseline points="2650,1247 2695,1250 2740,1250 2785,1250 2830,1250 2874,1250 2919,1250 2964,1253 3009,1253 3054,1253 3098,1253 3143,1256 3188,1256 3233,1256 3277,1256 3322,1259 3367,1259 3412,1259 3457,1256 3501,1259 3546,1259 3591,1262 3636,1262 3680,1262 3725,1262 3770,1262 3815,1262 3860,1262 3904,1262 3949,1262 3994,1262 4033,1259"/>
                <TextEquiv>
                    <Unicode>lereoncert.Samstag zum Dohnanyi, Sonntag aum Heine-</Unicode>
                </TextEquiv>
            </TextLine>
            <TextLine id="tr_1_tl_8" custom="readingOrder {index:7;}">
                <Coords points="2639,1353 4055,1373 4053,1310 4003,1293 2637,1286"/>
                <Baseline points="2648,1334 2692,1337 2737,1337 2782,1340 2827,1340 2871,1337 2916,1343 2961,1343 3006,1343 3051,1343 3095,1343 3140,1343 3185,1343 3230,1343 3274,1346 3319,1346 3364,1346 3409,1346 3454,1346 3498,1346 3543,1346 3588,1349 3633,1349 3677,1349 3722,1349 3767,1349 3812,1352 3857,1352 3901,1355 3946,1355 3991,1355 4036,1355 4057,1355"/>
                <TextEquiv>
                    <Unicode>Abend - es gibt so verhexte Wochen;hingegen wollen</Unicode>
                </TextEquiv>
            </TextLine>
            <TextLine id="tr_1_tl_9" custom="readingOrder {index:8;}">
                <Coords points="2639,1470 4001,1461 4001,1373 2639,1385"/>
                <Baseline points="2648,1427 2692,1427 2737,1429 2782,1429 2827,1429 2871,1432 2916,1432 2961,1432 3006,1435 3051,1435 3095,1435 3140,1435 3185,1435 3230,1435 3274,1435 3319,1435 3364,1438 3409,1441 3454,1438 3498,1441 3543,1441 3588,1441 3633,1441 3677,1441 3722,1441 3767,1444 3812,1444 3857,1444 3901,1444 3946,1447 3991,1447 4003,1447"/>
                <TextEquiv>
                    <Unicode>wir am Montag oder Dienstag für zwei Tage auf den</Unicode>
                </TextEquiv>
            </TextLine>
            <TextLine id="tr_1_tl_10" custom="readingOrder {index:9;}">
                <Coords points="2639,1543 4021,1559 4079,1544 4079,1463 2639,1468"/>
                <Baseline points="2648,1507 2692,1513 2737,1516 2782,1516 2827,1519 2871,1519 2916,1522 2961,1522 3006,1522 3051,1522 3095,1522 3140,1522 3185,1522 3230,1525 3274,1522 3319,1528 3364,1528 3409,1528 3454,1525 3498,1525 3543,1528 3588,1528 3633,1528 3677,1531 3722,1531 3767,1531 3812,1531 3857,1534 3901,1534 3946,1537 3991,1537 4036,1537 4080,1534 4083,1534"/>
                <TextEquiv>
                    <Unicode>Semmering, es wäre sehr schön, wenn Sie und Gerty auch</Unicode>
                </TextEquiv>
            </TextLine>
            <TextLine id="tr_1_tl_11" custom="readingOrder {index:10;}">
                <Coords points="2639,1627 3999,1647 4012,1564 2637,1562"/>
                <Baseline points="2648,1603 2692,1603 2737,1606 2782,1606 2827,1606 2871,1606 2916,1609 2961,1609 3006,1612 3051,1612 3095,1612 3140,1612 3185,1609 3230,1612 3274,1612 3319,1615 3364,1615 3409,1615 3454,1618 3498,1618 3543,1618 3588,1618 3633,1618 3677,1621 3722,1621 3767,1624 3812,1624 3857,1624 3901,1624 3946,1624 3991,1624 4018,1624"/>
                <TextEquiv>
                    <Unicode>hinauf kämen; schreiben Sie mir ein Wort. (Nicht un-</Unicode>
                </TextEquiv>
            </TextLine>
            <TextLine id="tr_1_tl_12" custom="readingOrder {index:11;}">
                <Coords points="2632,1718 3972,1721 3972,1671 3714,1633 2632,1638"/>
                <Baseline points="2642,1695 2686,1695 2731,1695 2776,1698 2821,1698 2865,1698 2910,1698 2955,1698 3000,1701 3045,1701 3089,1701 3134,1701 3179,1701 3224,1701 3268,1704 3313,1704 3358,1704 3403,1704 3448,1707 3492,1707 3537,1707 3582,1707 3627,1710 3671,1710 3716,1710 3761,1713 3806,1713 3851,1716 3895,1716 3940,1716 3976,1713"/>
                <TextEquiv>
                    <Unicode>möglich, dass auch Wassermann und Thomas Mann, mit</Unicode>
                </TextEquiv>
            </TextLine>
            <TextLine id="tr_1_tl_13" custom="readingOrder {index:12;}">
                <Coords points="2637,1799 4062,1817 4060,1750 3817,1725 2635,1738"/>
                <Baseline points="2645,1779 2689,1785 2734,1785 2779,1785 2824,1785 2868,1788 2913,1788 2958,1788 3003,1788 3048,1791 3092,1791 3137,1791 3182,1791 3227,1794 3271,1794 3316,1794 3361,1794 3406,1794 3451,1797 3495,1797 3540,1797 3585,1797 3630,1800 3674,1800 3719,1800 3764,1800 3809,1803 3854,1806 3898,1806 3943,1806 3988,1806 4033,1809 4066,1809"/>
                <TextEquiv>
                    <Unicode>dem wir gestern bei W.zusammen waren, hinauf kommen.)</Unicode>
                </TextEquiv>
            </TextLine>
            <TextLine id="tr_1_tl_14" custom="readingOrder {index:13;}">
                <Coords points="2634,1875 2771,1915 4017,1911 4017,1869 3853,1813 2632,1835"/>
                <Baseline points="2642,1862 2686,1868 2731,1871 2776,1871 2821,1874 2865,1874 2910,1877 2955,1877 3000,1877 3045,1877 3089,1880 3134,1880 3179,1880 3224,1880 3268,1883 3313,1883 3358,1883 3403,1883 3448,1883 3492,1886 3537,1886 3582,1886 3627,1889 3671,1889 3716,1892 3761,1892 3806,1892 3851,1892 3895,1892 3940,1892 3985,1892 4021,1892"/>
                <TextEquiv>
                    <Unicode>-Es freut mich, dass Sie meine Ansicht von den Win-</Unicode>
                </TextEquiv>
            </TextLine>
            <TextLine id="tr_1_tl_15" custom="readingOrder {index:14;}">
                <Coords points="2632,1989 4050,2005 4048,1942 3957,1922 2630,1920"/>
                <Baseline points="2639,1958 2683,1961 2728,1961 2773,1964 2818,1964 2862,1964 2907,1964 2952,1967 2997,1967 3042,1970 3086,1970 3131,1970 3176,1970 3221,1973 3265,1973 3310,1973 3355,1973 3400,1976 3445,1976 3489,1979 3534,1979 3579,1979 3624,1979 3669,1979 3713,1982 3758,1982 3803,1982 3848,1985 3892,1985 3937,1985 3982,1985 4027,1985 4054,1988"/>
                <TextEquiv>
                    <Unicode>tersteinschen Gedichten teilen. Einmal hab ich schon</Unicode>
                </TextEquiv>
            </TextLine>
            <TextLine id="tr_1_tl_16" custom="readingOrder {index:15;}">
                <Coords points="2630,2095 3622,2068 4051,2122 4050,2019 3853,1992 3616,2034 3360,1990 2630,2019"/>
                <Baseline points="2639,2050 2683,2053 2728,2053 2773,2053 2818,2053 2862,2053 2907,2053 2952,2056 2997,2056 3042,2059 3086,2059 3131,2059 3176,2062 3221,2059 3265,2062 3310,2062 3355,2062 3400,2065 3445,2062 3489,2065 3534,2065 3579,2068 3624,2068 3669,2068 3713,2071 3758,2071 3803,2074 3848,2074 3892,2074 3937,2074 3982,2077 4027,2077 4054,2080"/>
                <TextEquiv>
                    <Unicode>an Ble geschrieben und ihm Gedichte von W.geschickt,</Unicode>
                </TextEquiv>
            </TextLine>
            <TextLine id="tr_1_tl_17" custom="readingOrder {index:16;}">
                <Coords points="2630,2149 3024,2160 3109,2200 3248,2155 4010,2187 4008,2092 2628,2095"/>
                <Baseline points="2639,2137 2683,2140 2728,2140 2773,2140 2818,2143 2862,2143 2907,2143 2952,2143 2997,2146 3042,2146 3086,2149 3131,2149 3176,2152 3221,2152 3265,2152 3310,2152 3355,2152 3400,2152 3445,2155 3489,2155 3534,2155 3579,2155 3624,2155 3669,2158 3713,2158 3758,2161 3803,2161 3848,2161 3892,2164 3937,2164 3982,2164 4015,2164"/>
                <TextEquiv>
                    <Unicode>es waren aber viel schwächere als diesmal; wenn Sie</Unicode>
                </TextEquiv>
            </TextLine>
            <TextLine id="tr_1_tl_18" custom="readingOrder {index:17;}">
                <Coords points="2623,2265 3372,2245 4006,2287 4039,2220 3544,2175 3226,2213 2621,2180"/>
                <Baseline points="2633,2230 2677,2233 2722,2233 2767,2233 2812,2236 2856,2236 2901,2236 2946,2236 2991,2239 3036,2239 3080,2239 3125,2239 3170,2242 3215,2242 3260,2242 3304,2242 3349,2242 3394,2242 3439,2244 3483,2244 3528,2244 3573,2244 3618,2247 3663,2247 3707,2247 3752,2250 3797,2250 3842,2253 3886,2253 3931,2253 3976,2253 4021,2250 4042,2250"/>
                <TextEquiv>
                    <Unicode>glauben, so könnte man doch die Meue Bundeschau noch</Unicode>
                </TextEquiv>
            </TextLine>
            <TextLine id="tr_1_tl_19" custom="readingOrder {index:18;}">
                <Coords points="2614,2332 3141,2379 3221,2339 3959,2361 3943,2289 3743,2267 2614,2301"/>
                <Baseline points="2624,2319 2668,2322 2713,2322 2758,2322 2803,2325 2848,2325 2892,2325 2937,2328 2982,2328 3027,2331 3071,2331 3116,2331 3161,2334 3206,2334 3251,2334 3295,2334 3340,2334 3385,2337 3430,2337 3474,2337 3519,2337 3564,2337 3609,2337 3654,2340 3698,2340 3743,2343 3788,2343 3833,2346 3877,2346 3922,2346 3964,2346"/>
                <TextEquiv>
                    <Unicode>einmal versuchen; ein paar Zeilen von Ihnen denk</Unicode>
                </TextEquiv>
            </TextLine>
            <TextLine id="tr_1_tl_20" custom="readingOrder {index:19;}">
                <Coords points="2614,2419 4013,2466 4012,2390 3844,2352 3681,2397 2614,2366"/>
                <Baseline points="2624,2409 2668,2409 2713,2412 2758,2412 2803,2412 2848,2415 2892,2415 2937,2415 2982,2418 3027,2418 3071,2418 3116,2418 3161,2418 3206,2421 3251,2424 3295,2424 3340,2424 3385,2424 3430,2424 3474,2424 3519,2427 3564,2427 3609,2427 3654,2427 3698,2430 3743,2430 3788,2430 3833,2430 3877,2433 3922,2433 3967,2433 4012,2430 4018,2430"/>
                <TextEquiv>
                    <Unicode>ich wären von allergrösstem Wert. Uebrigens schreib</Unicode>
                </TextEquiv>
            </TextLine>
            <TextLine id="tr_1_tl_21" custom="readingOrder {index:20;}">
                <Coords points="2617,2512 4028,2541 4026,2460 2617,2458"/>
                <Baseline points="2627,2498 2671,2501 2716,2501 2761,2501 2806,2501 2851,2504 2895,2504 2940,2507 2985,2507 3030,2507 3074,2510 3119,2510 3164,2510 3209,2510 3254,2510 3298,2510 3343,2513 3388,2513 3433,2513 3477,2513 3522,2516 3567,2516 3612,2516 3657,2519 3701,2519 3746,2519 3791,2519 3836,2522 3880,2522 3925,2522 3970,2525 4015,2522 4030,2519"/>
                <TextEquiv>
                    <Unicode>ich auch an den Baron W.; vielleicht hat er eine an-</Unicode>
                </TextEquiv>
            </TextLine>
            <TextLine id="tr_1_tl_22" custom="readingOrder {index:21;}">
                <Coords points="2619,2603 3983,2634 3981,2568 3768,2541 2617,2552"/>
                <Baseline points="2627,2588 2671,2588 2716,2588 2761,2588 2806,2591 2851,2591 2895,2594 2940,2591 2985,2594 3030,2594 3074,2594 3119,2594 3164,2597 3209,2597 3254,2600 3298,2600 3343,2600 3388,2600 3433,2603 3477,2603 3522,2606 3567,2606 3612,2609 3657,2609 3701,2612 3746,2612 3791,2615 3836,2615 3880,2615 3925,2615 3970,2615 3988,2615"/>
                <TextEquiv>
                    <Unicode>dere Bitte an Sie.-Also auf sehr baldiges Wieder-</Unicode>
                </TextEquiv>
            </TextLine>
            <TextLine id="tr_1_tl_23" custom="readingOrder {index:22;}">
                <Coords points="2612,2668 3667,2670 3667,2621 3594,2614 2612,2606"/>
                <Baseline points="2621,2636 2665,2636 2710,2636 2755,2639 2800,2639 2845,2642 2889,2642 2934,2645 2979,2645 3024,2645 3068,2645 3113,2648 3158,2648 3203,2648 3248,2648 3292,2648 3337,2650 3382,2650 3427,2653 3471,2650 3516,2650 3561,2653 3606,2656 3651,2659 3671,2656"/>
                <TextEquiv>
                    <Unicode>sehen und herzliche Grüsse. Ihr Arthur.</Unicode>
                </TextEquiv>
            </TextLine>
        </TextRegion>
    </Page>
</PcGts>
