4501 3432
1664 675 1753 761 43
411 661 786 754 A.S. an H.v.H.
963 732 1095 832 (40)
1203 752 1658 846 Wien, 28. Juni 96.
498 841 1865 923 Mein lieber Hugo, ich lege Ihnen einen Zettel bei,
499 908 1872 974 da steht darauf, wo ich für Briefe zu erreichen bin
499 958 1769 1017 und bis wann, In Wien bin ich noch bis zum
499 997 1413 1049 Freitag (spätestens ) (3.Juli).-
498 1040 1897 1098 Ich wollte eben niederschreiben, dass ich mich „freu
498 1093 1843 1141 und habe gezögert, weil die Freude nicht ganz rein
499 1132 1783 1184 ist. Es ist, durch heftigeres Erklingen früherer
494 1168 1834 1237 Lebensbeziehungen, in der letzten Zeit wieder man-
491 1214 1788 1280 che Unruhe in mich gekommen, die in manchen
491 1264 1726 1312 Stunden, besonders Abendstunden allein auf dem
498 1306 1786 1360 Land, schmerzlich bewegt. Nun weiss ich nicht, ob
485 1349 1809 1415 sich das da oben gänzlich beruhigen wird oder ob
491 1395 1840 1454 nicht vielleicht noch dunklere Traurigkeit kommen
489 1440 1852 1500 mag. Ich leide gewies an einer gewissen (sentimen-
491 1491 1843 1541 talen!) Ueberempfindlichkeit für gewisse Begriffe,
489 1527 1831 1587 die Terne, Einsamkeit,und Vergangenes. Das hängt
491 1573 1824 1632 wohl mit meiner mangelnden Fähigkeit abzuschlies-
485 1628 1685 1678 sen zusammen. Abzuschliessen in jedem Sinne.
491 1650 1824 1726 Fehler meines Lebens und meiner Kunst sind daraus
483 1714 812 1778 zu erklären.
485 1722 1809 1817 - Das Stück reiset natürlich mit; ist Ihnen noch
485 1801 1058 1859 was dazu eingefallen?
539 1817 1806 1898 Ist das eine Ihrer Soldatengeschichten, die Sie
480 1891 791 1950 schreiben?-
482 1902 1799 1996 Sie hören sehr bald von mir und lassen mich wohl
482 1971 1753 2035 auch nicht lange ohne Nachricht. Empfehlen Sie
480 2025 1006 2101 mich Ihren Eltern.
780 2049 1559 2135 Seien Sie herzlich gegrüsst.
978 2110 1063 2174 Ihr
1065 2144 1260 2220 Arthur.
930 2245 1081 2314 iqua...
3896 675 3983 747 44
2688 707 3056 807 A.S.an H.v.H.
3137 747 3247 850 (41)
3331 759 3900 878 Dienstag Früh, 96?
2696 843 4008 962 Lieber Hugo, ich vergass Ihnen zu schreiben, dass
2691 915 3985 1026 heute Dienstag Abend nichts bei mir ist.- Ihre
2693 960 3941 1054 Antwort gestern Früh hatte ich wohl erwartet
2700 967 4079 1100 aber ich konnte den Versuch nicht weigern. Im übri-
2711 1049 4017 1150 gen musste auch ich absagen und hätte auch Ihnen
2709 1098 3838 1186 abgesagt, da ich schrecklich verkühlt bin.-
2700 1118 4127 1228 Hier sind Ihre drei Stücke. Ich habe mich beim lesen
2709 1166 4094 1276 sehr gefreut. Am reinsten hat der weisse Fächer auf
2707 1212 4101 1326 mich gewirkt; käme es zwischen Fortunio und Miranda
2709 1257 4097 1365 irgendwo, am besten wohl am Schluss, zu einem lebhaf-
2711 1315 4035 1417 ten Sichselber und Einanderverstehen - ganz kurz,
2714 1358 4017 1458 aber stark, so wäre das Stück etwas vollkommenes.
2718 1399 3964 1497 Bei der jungen Frau hab ich zum Schluss meinen
2714 1436 4049 1543 lieben Kaufmann wieder herbeigesehnt. Hoffentlich
2718 1474 4044 1593 lassen Sie ihn erscheinen, bei welcher Gelegenheit
2720 1520 4094 1632 er vielleicht auch aufklären könnte, wieso die junge
2723 1566 4054 1683 Frau sich über den Sohn des Teppichhändlers in so
2720 1614 4078 1728 furchtbarer Weise durch viele Jahre täuschen konn-
2718 1682 4127 1820 Meine Karte mit dem Brief von Andrian haben Sie be-
2721 1726 2807 1778 te.
2716 1804 2963 1886 kommen?
2984 1792 3466 1904 Herzlichen Grues
3340 1863 3436 1939 Ihr
3420 1875 3631 1961 Arthur.
