4498 3432
598 751 988 858 A.S.an H.v.H.
1382 799 1716 879 Anfang 1891.
583 903 1901 953 Mein lieber Hugo, Fels befindet sich bereits bes-
580 954 1853 1013 ser; ernstere Besorgnisse sind nun wohl auszu-
587 997 1875 1052 schliessen. Hingegen wäre nun mehr Ihre s.Z. be-
589 1045 1875 1101 sprochene Liebenswürdigkeit sehr erwünschtt, und
589 1088 1907 1147 die Idee mit den Freunden ohne Namensnennung ist
587 1138 1891 1193 sehr gut, und rascher Durchführung zu empfehlen.-
580 1175 1853 1231 Die Arbeit Engländers ist über Solness; Schick
583 1224 1830 1304 richtete das xxx Ihnen übermittelte Ersuchen an
587 1274 758 1329 mich.-
583 1313 1875 1377 Was soll ich der akad. Vereinigung ins Exemplar
583 1354 1725 1411 schreiben, ich kenn mich da gar nicht aus?
587 1407 1873 1457 Te....(unleserlich) erhält eins, sobald ich wie-
583 1448 1923 1516 der welche von Berlin bekomme, in ein paar Tagen;
587 1502 1869 1557 ich grüss ihn herzlich. -Sah heute im Gewerbemu-
578 1539 1821 1602 seum Ihr Relief, Plötzlich lag es da,zwischen
587 1596 1923 1652 einem pompejanischen Tischfuss und einem Nürnber-
583 1643 1875 1698 ger Hanswurst.- Ich glaube, es ist sehr gut, hat
587 1679 1407 1739 aber kein gutes Licht gehabt.-
583 1714 1859 1782 Salten soll Mitte März fort.- Familie beendet
583 1775 1853 1832 trau mich nicht sie durchzulesen; fürchte mich
589 1823 1946 1878 vor der grausamen Gewissheit. Absicht: Ende Feber
578 1864 1846 1928 auf 10-14 Tage in die Wärme, von der Klinik und
587 1884 1946 1971 dem grauen Leben weg, das Stück im Koffer. Schrei-
583 1955 1857 2007 be jetzt "Verwandlungen“,Novellette in Briefen,
587 2010 1900 2083 und gehe heut Abend auf die Redoute, weil ich ein
583 2053 979 2121 Lebemann bin.-
792 2078 1397 2165 Ihr herzlich ergebener
1390 2128 1584 2192 Arthur,
578 2167 1896 2269 welcher Sie bald zu sehen und zu hören verlangt.
3378 664 3493 772 10
2817 751 3207 851 A. S. an. H.v.H.
3468 837 3630 917 1892
2817 903 4226 1002 Lieber Lorie, eben erhalte ich einen Brief von Bahr;
2825 994 4201 1043 er käme heut Nachmittag um 3 Uhr mit Ihnen zu mir.
2829 1040 4106 1088 Da aber mein Papa noch krank ist, ordiniere ich
2829 1074 4260 1134 für ihn Burgring 1.und kann erst um 1/5 Gisellastras-
2829 1118 4108 1183 se sein. Abends bin ich im Ausstellungstheater,
2820 1163 4206 1236 können wir nicht auch nachher beisammen sein? Kön-
2820 1209 4197 1270 nen Sie um ½5 nicht auf mich warten, so lassen Sie
2817 1249 4219 1320 mir entweder eine Post zurück oder kommen Sie viel-
2822 1313 4163 1357 leicht mit Bahr zu mir auf den Burgring um 3 Uhr.
2831 1343 4217 1431 Grüssen Sie Bahr und seier Sie selbst Unsichtbarer,
2831 1400 3325 1464 vielmals gegrüsst.
3311 1484 3466 1554 Arth.
3320 1563 3452 1641 ==== =====
