<?xml version="1.0" encoding="UTF-8" standalone="yes"?>
<PcGts xmlns="http://schema.primaresearch.org/PAGE/gts/pagecontent/2013-07-15" xmlns:xsi="http://www.w3.org/2001/XMLSchema-instance" xsi:schemaLocation="http://schema.primaresearch.org/PAGE/gts/pagecontent/2013-07-15 http://schema.primaresearch.org/PAGE/gts/pagecontent/2013-07-15/pagecontent.xsd">
    <Metadata>
        <Creator>prov=READ-COOP:name=TrHtr:version=2.1.0:model_id=51170:date=25_07_2023_05:12</Creator>
        <Created>2023-05-01T21:56:41.125+02:00</Created>
        <LastChange>2023-07-25T05:12:54.318+02:00</LastChange>
        <TranskribusMetadata docId="1416436" pageId="54946472" pageNr="77" tsid="130585607" status="IN_PROGRESS" userId="64420" imgUrl="https://files.transkribus.eu/Get?id=XSFQMFGHHRZHLWKYPQSDCMHL&amp;fileType=view" xmlUrl="https://files.transkribus.eu/Get?id=CGSTFGGSDLZXXESFYWWWZSSX" imageId="44450557"/>
    </Metadata>
    <Page imageFilename="1416436_0077.jpg" imageWidth="4494" imageHeight="3433">
        <ReadingOrder>
            <OrderedGroup id="ro_1711831598730" caption="Regions reading order">
                <RegionRefIndexed index="0" regionRef="tr_2"/>
                <RegionRefIndexed index="1" regionRef="tr_1"/>
            </OrderedGroup>
        </ReadingOrder>
        <TextRegion id="tr_2" custom="readingOrder {index:0;}">
            <Coords points="364,651 1841,651 1841,2195 364,2195"/>
            <TextLine id="tr_2_tl_1" custom="readingOrder {index:0;}">
                <Coords points="1599,708 1617,704 1640,717 1649,715 1656,722 1667,719 1685,732 1696,721 1723,715 1725,641 1716,641 1707,650 1685,645 1651,648 1633,663 1600,663"/>
                <Baseline points="1609,707 1635,704 1680,704 1725,701"/>
                <TextEquiv>
                    <Unicode>146</Unicode>
                </TextEquiv>
            </TextLine>
            <TextLine id="tr_2_tl_2" custom="readingOrder {index:1;}">
                <Coords points="941,739 956,741 970,751 981,744 1019,766 1037,759 1046,768 1066,766 1067,668 1022,665 1015,670 1004,665 993,672 970,663 954,672 943,670"/>
                <Baseline points="952,722 982,722 1026,722 1071,719"/>
                <TextEquiv>
                    <Unicode>101</Unicode>
                </TextEquiv>
            </TextLine>
            <TextLine id="tr_2_tl_3" custom="readingOrder {index:2;}">
                <Coords points="354,742 405,757 435,748 461,764 497,755 526,771 578,733 611,751 733,757 750,751 750,677 670,661 632,681 601,668 551,694 479,699 434,679 394,699 354,697"/>
                <Baseline points="364,737 408,740 453,740 498,740 543,737 588,737 632,737 677,737 722,734 755,737"/>
                <TextEquiv>
                    <Unicode>A.S. an H.v.H.</Unicode>
                </TextEquiv>
            </TextLine>
            <TextLine id="tr_2_tl_4" custom="readingOrder {index:3;}">
                <Coords points="354,836 1577,825 1745,811 1745,755 1073,771 856,730 744,782 356,789"/>
                <Baseline points="364,829 405,829 450,826 495,826 540,826 585,826 629,823 674,823 719,820 764,820 808,817 853,817 898,814 943,814 988,814 1032,814 1077,811 1122,808 1167,808 1211,808 1256,806 1301,803 1346,803 1391,803 1435,800 1480,800 1525,797 1570,797 1615,794 1659,791 1704,791 1749,791"/>
                <TextEquiv>
                    <Unicode>sehr freuen, wenn Ordnung in die ganze Angelegenheit</Unicode>
                </TextEquiv>
            </TextLine>
            <TextLine id="tr_2_tl_5" custom="readingOrder {index:4;}">
                <Coords points="359,937 1483,918 1705,896 1707,845 361,863"/>
                <Baseline points="370,922 408,919 453,916 498,913 543,913 588,913 632,910 677,910 722,910 767,907 811,907 856,904 901,901 946,901 991,898 1035,898 1080,898 1125,895 1170,895 1214,892 1259,892 1304,889 1349,892 1394,889 1438,889 1483,886 1528,886 1573,883 1617,880 1662,880 1707,880"/>
                <TextEquiv>
                    <Unicode>gebracht werden könnte und ich von England, Irland</Unicode>
                </TextEquiv>
            </TextLine>
            <TextLine id="tr_2_tl_6" custom="readingOrder {index:5;}">
                <Coords points="359,1017 1638,1006 1774,990 1776,909 361,957"/>
                <Baseline points="370,1006 391,1006 435,1006 480,1003 525,1000 570,1000 614,997 659,997 704,994 749,994 794,994 838,994 883,991 928,991 973,988 1017,988 1062,988 1107,985 1152,982 1197,982 1241,979 1286,979 1331,976 1376,979 1420,976 1465,976 1510,973 1555,973 1600,973 1644,970 1689,970 1734,970 1779,970"/>
                <TextEquiv>
                    <Unicode>und Schottland nicht länger missverstanden, verfolgt</Unicode>
                </TextEquiv>
            </TextLine>
            <TextLine id="tr_2_tl_7" custom="readingOrder {index:6;}">
                <Coords points="363,1107 477,1100 520,1122 573,1096 732,1087 918,1100 914,1031 885,1049 768,1026 703,1046 517,1044 480,1064 365,1026"/>
                <Baseline points="373,1089 385,1092 429,1092 474,1092 519,1089 564,1089 608,1086 653,1083 698,1083 743,1080 788,1080 832,1080 877,1080 922,1077"/>
                <TextEquiv>
                    <Unicode>und geächtet würde.-</Unicode>
                </TextEquiv>
            </TextLine>
            <TextLine id="tr_2_tl_8" custom="readingOrder {index:7;}">
                <Coords points="372,1176 1707,1179 1754,1161 1756,1091 374,1122"/>
                <Baseline points="382,1173 414,1176 459,1176 504,1176 549,1173 594,1173 638,1173 683,1170 728,1170 773,1170 817,1167 862,1164 907,1164 952,1164 997,1161 1041,1161 1086,1161 1131,1158 1176,1158 1220,1155 1265,1155 1310,1152 1355,1152 1400,1152 1444,1152 1489,1149 1534,1149 1579,1146 1623,1146 1668,1143 1713,1143 1758,1143"/>
                <TextEquiv>
                    <Unicode>-Vehse ist und bleibt ein kostbares Buch. Zudem stu-</Unicode>
                </TextEquiv>
            </TextLine>
            <TextLine id="tr_2_tl_9" custom="readingOrder {index:8;}">
                <Coords points="376,1268 1721,1268 1723,1187 376,1225"/>
                <Baseline points="385,1265 429,1265 474,1262 519,1262 564,1262 608,1262 653,1259 698,1256 743,1256 788,1256 832,1253 877,1253 922,1250 967,1250 1011,1250 1056,1250 1101,1247 1146,1244 1191,1244 1235,1244 1280,1241 1325,1238 1370,1238 1414,1238 1459,1235 1504,1235 1549,1235 1594,1235 1638,1232 1683,1229 1728,1229"/>
                <TextEquiv>
                    <Unicode>dier ich, des Ueberblicks halber, Geschichte wie zur</Unicode>
                </TextEquiv>
            </TextLine>
            <TextLine id="tr_2_tl_10" custom="readingOrder {index:9;}">
                <Coords points="361,1382 713,1396 1228,1331 1707,1356 1788,1338 1790,1281 363,1308"/>
                <Baseline points="373,1349 403,1352 447,1352 492,1349 537,1349 582,1349 626,1346 671,1346 716,1346 761,1343 806,1343 850,1340 895,1340 940,1337 985,1337 1029,1334 1074,1334 1119,1334 1164,1334 1209,1331 1253,1331 1298,1331 1343,1331 1388,1328 1432,1328 1477,1328 1522,1325 1567,1325 1612,1322 1656,1322 1701,1319 1746,1316 1791,1313"/>
                <TextEquiv>
                    <Unicode>Matura. Ich wäre weiter als ich bin, wenn ich ein ge-</Unicode>
                </TextEquiv>
            </TextLine>
            <TextLine id="tr_2_tl_11" custom="readingOrder {index:10;}">
                <Coords points="381,1450 627,1463 701,1447 755,1463 809,1436 943,1461 966,1456 968,1384 912,1371 867,1394 601,1389 526,1407 439,1385 412,1405 383,1394"/>
                <Baseline points="391,1441 435,1438 480,1438 525,1438 570,1435 614,1435 659,1435 704,1432 749,1429 794,1429 838,1429 883,1426 928,1426 973,1423"/>
                <TextEquiv>
                    <Unicode>bildeter Mensch wäre!</Unicode>
                </TextEquiv>
            </TextLine>
            <TextLine id="tr_2_tl_12" custom="readingOrder {index:11;}">
                <Coords points="376,1537 663,1561 1767,1503 1767,1458 1714,1447 378,1472"/>
                <Baseline points="385,1525 426,1525 471,1525 516,1525 561,1522 605,1522 650,1519 695,1519 740,1519 785,1519 829,1516 874,1513 919,1513 964,1513 1009,1510 1053,1510 1098,1507 1143,1507 1188,1507 1232,1504 1277,1504 1322,1501 1367,1501 1412,1501 1456,1501 1501,1501 1546,1498 1591,1498 1635,1495 1680,1495 1725,1492 1770,1495"/>
                <TextEquiv>
                    <Unicode>Was ists mit Richard? Seine Karte mit Paula und den</Unicode>
                </TextEquiv>
            </TextLine>
            <TextLine id="tr_2_tl_13" custom="readingOrder {index:12;}">
                <Coords points="372,1633 1786,1618 1788,1534 374,1568"/>
                <Baseline points="382,1612 403,1612 447,1615 492,1612 537,1609 582,1612 626,1609 671,1606 716,1606 761,1606 806,1603 850,1603 895,1603 940,1600 985,1600 1029,1600 1074,1597 1119,1597 1164,1597 1209,1594 1253,1594 1298,1591 1343,1591 1388,1591 1432,1591 1477,1588 1522,1588 1567,1588 1612,1585 1656,1582 1701,1582 1746,1579 1791,1579"/>
                <TextEquiv>
                    <Unicode>Kindern aus Ischl hab ich bekommen. Von sich schreibt</Unicode>
                </TextEquiv>
            </TextLine>
            <TextLine id="tr_2_tl_14" custom="readingOrder {index:13;}">
                <Coords points="379,1727 1152,1694 1434,1729 1599,1694 1600,1622 381,1655"/>
                <Baseline points="391,1704 394,1701 438,1701 483,1701 528,1701 573,1698 617,1698 662,1695 707,1692 752,1692 797,1689 841,1689 886,1689 931,1689 976,1686 1020,1686 1065,1686 1110,1686 1155,1686 1200,1683 1244,1680 1289,1680 1334,1680 1379,1680 1423,1677 1468,1677 1513,1674 1558,1674 1603,1674"/>
                <TextEquiv>
                    <Unicode>er nichts.Grüssen Sie alle, die mir lieb sind.</Unicode>
                </TextEquiv>
            </TextLine>
            <TextLine id="tr_2_tl_15" custom="readingOrder {index:14;}">
                <Coords points="732,1795 771,1790 820,1812 851,1801 880,1815 918,1808 927,1817 946,1803 975,1815 1021,1804 1022,1732 970,1743 923,1741 909,1730 881,1743 844,1725 815,1743 782,1732 759,1741 733,1727"/>
                <Baseline points="743,1779 758,1779 803,1779 847,1779 892,1776 937,1776 982,1773 1026,1770"/>
                <TextEquiv>
                    <Unicode>Herzlichst</Unicode>
                </TextEquiv>
            </TextLine>
            <TextLine id="tr_2_tl_16" custom="readingOrder {index:15;}">
                <Coords points="387,1936 1804,1906 1839,1797 388,1877"/>
                <Baseline points="397,1919 408,1919 453,1919 498,1919 543,1916 588,1916 632,1913 677,1913 722,1913 767,1913 811,1910 856,1910 901,1907 946,1907 991,1907 1035,1904 1080,1904 1125,1901 1170,1901 1214,1901 1259,1901 1304,1898 1349,1898 1394,1895 1438,1895 1483,1895 1528,1892 1573,1892 1617,1892 1662,1889 1707,1889 1752,1886 1797,1886 1841,1883"/>
                <TextEquiv>
                    <Unicode>Gerty wird wohl auch am liebsten mit dem Zehn Uhr Früh</Unicode>
                </TextEquiv>
            </TextLine>
            <TextLine id="tr_2_tl_17" custom="readingOrder {index:16;}">
                <Coords points="385,2028 412,2036 437,2028 461,2045 473,2032 508,2034 545,2012 708,2010 710,1944 681,1940 657,1960 607,1965 594,1956 560,1974 527,1965 484,1980 387,1969"/>
                <Baseline points="394,2009 397,2009 441,2009 486,2009 531,2006 576,2003 620,2003 665,2003 710,2003"/>
                <TextEquiv>
                    <Unicode>Zug fahren?</Unicode>
                </TextEquiv>
            </TextLine>
            <TextLine id="tr_2_tl_18" custom="readingOrder {index:17;}">
                <Coords points="396,2108 1700,2077 1716,1996 396,2054"/>
                <Baseline points="405,2089 420,2092 465,2092 510,2092 555,2089 600,2089 644,2089 689,2089 734,2089 779,2086 823,2083 868,2083 913,2083 958,2080 1003,2080 1047,2077 1092,2077 1137,2080 1182,2077 1226,2074 1271,2074 1316,2074 1361,2071 1406,2068 1450,2068 1495,2068 1540,2071 1585,2068 1629,2065 1674,2062 1719,2062"/>
                <TextEquiv>
                    <Unicode>Gestern Abend waren mir mit Bahr (Hietzing), dems</Unicode>
                </TextEquiv>
            </TextLine>
            <TextLine id="tr_2_tl_19" custom="readingOrder {index:18;}">
                <Coords points="396,2144 966,2131 1183,2171 1557,2128 1739,2160 1741,2077 397,2108"/>
                <Baseline points="405,2140 447,2140 492,2137 537,2137 582,2137 626,2134 671,2134 716,2131 761,2131 806,2128 850,2128 895,2125 940,2125 985,2125 1029,2122 1074,2122 1119,2122 1164,2122 1209,2119 1253,2119 1298,2116 1343,2116 1388,2116 1432,2116 1477,2116 1522,2113 1567,2110 1612,2110 1656,2107 1701,2107 1746,2101"/>
                <TextEquiv>
                    <Unicode>recht gut, und was das wesentlichste ist, hoffnungs-</Unicode>
                </TextEquiv>
            </TextLine>
            <TextLine id="tr_2_tl_20" custom="readingOrder {index:19;}">
                <Coords points="394,2234 527,2234 547,2251 739,2233 798,2249 853,2216 990,2223 992,2133 536,2160 506,2142 396,2144"/>
                <Baseline points="405,2182 414,2182 459,2185 504,2182 549,2182 594,2182 638,2179 683,2179 728,2176 773,2176 817,2173 862,2173 907,2173 952,2170 997,2173"/>
                <TextEquiv>
                    <Unicode>voll zu gehen scheint.</Unicode>
                </TextEquiv>
            </TextLine>
        </TextRegion>
        <TextRegion id="tr_1" custom="readingOrder {index:1;}">
            <Coords points="2609,654 4080,654 4080,2496 2609,2496"/>
            <TextLine id="tr_1_tl_1" custom="readingOrder {index:0;}">
                <Coords points="3779,708 3790,706 3804,717 3820,713 3829,724 3849,713 3860,719 3878,703 3891,708 3892,648 3882,645 3873,654 3847,638 3833,639 3817,647 3795,648 3790,643 3780,643"/>
                <Baseline points="3788,707 3806,707 3850,707 3895,704"/>
                <TextEquiv>
                    <Unicode>147</Unicode>
                </TextEquiv>
            </TextLine>
            <TextLine id="tr_1_tl_2" custom="readingOrder {index:1;}">
                <Coords points="2597,797 2621,784 2746,788 2765,771 2789,791 2803,778 2821,789 2865,766 3007,757 3007,690 2915,663 2883,677 2803,665 2727,692 2661,681 2619,703 2599,697"/>
                <Baseline points="2609,737 2653,737 2698,737 2743,734 2788,734 2832,734 2877,734 2922,734 2967,731 3012,731"/>
                <TextEquiv>
                    <Unicode>A.S. an H.v.H.</Unicode>
                </TextEquiv>
            </TextLine>
            <TextLine id="tr_1_tl_3" custom="readingOrder {index:2;}">
                <Coords points="3233,777 3248,775 3253,780 3262,771 3284,762 3304,777 3327,782 3327,681 3311,677 3296,685 3284,676 3264,688 3258,686 3244,697 3233,697"/>
                <Baseline points="3244,752 3289,755 3331,752"/>
                <TextEquiv>
                    <Unicode>log</Unicode>
                </TextEquiv>
            </TextLine>
            <TextLine id="tr_1_tl_4" custom="readingOrder {index:3;}">
                <Coords points="3354,847 3452,851 3473,836 3501,849 3540,847 3573,833 3589,849 3602,840 3645,849 3647,760 3602,744 3555,757 3528,741 3428,766 3356,753"/>
                <Baseline points="3364,800 3409,803 3453,803 3498,803 3543,800 3588,800 3633,800 3650,803"/>
                <TextEquiv>
                    <Unicode>24.8.1904.</Unicode>
                </TextEquiv>
            </TextLine>
            <TextLine id="tr_1_tl_5" custom="readingOrder {index:4;}">
                <Coords points="2605,946 3596,943 3687,898 4032,885 4032,829 2606,869"/>
                <Baseline points="2615,910 2647,910 2692,910 2737,907 2782,907 2827,907 2871,904 2916,907 2961,904 3006,904 3050,901 3095,901 3140,898 3185,898 3230,898 3274,898 3319,898 3364,898 3409,898 3453,895 3498,892 3543,892 3588,889 3633,889 3677,889 3722,886 3767,886 3812,886 3856,883 3901,883 3946,880 3991,880 4036,880"/>
                <TextEquiv>
                    <Unicode>Lieber Hugo, wenn es irgend möglich ist, so werden wir</Unicode>
                </TextEquiv>
            </TextLine>
            <TextLine id="tr_1_tl_6" custom="readingOrder {index:5;}">
                <Coords points="2615,1026 3954,1024 3956,934 2615,968"/>
                <Baseline points="2626,1000 2659,1000 2704,1000 2749,1000 2794,997 2838,997 2883,997 2928,994 2973,994 3018,994 3062,994 3107,994 3152,994 3197,991 3241,988 3286,988 3331,988 3376,985 3421,985 3465,982 3510,982 3555,982 3600,982 3644,982 3689,982 3734,979 3779,976 3824,976 3868,976 3913,976 3958,979"/>
                <TextEquiv>
                    <Unicode>am 3.bereit sein, jedesfalls wird es Gerty 3-4</Unicode>
                </TextEquiv>
            </TextLine>
            <TextLine id="tr_1_tl_7" custom="readingOrder {index:6;}">
                <Coords points="2619,1113 3902,1091 4064,1125 4066,1004 2619,1044"/>
                <Baseline points="2629,1086 2635,1083 2680,1086 2725,1086 2770,1086 2815,1083 2859,1083 2904,1083 2949,1080 2994,1080 3038,1080 3083,1077 3128,1077 3173,1077 3218,1077 3262,1077 3307,1074 3352,1074 3397,1071 3441,1071 3486,1071 3531,1071 3576,1068 3621,1068 3665,1068 3710,1068 3755,1068 3800,1065 3844,1065 3889,1065 3934,1065 3979,1062 4024,1065 4068,1065"/>
                <TextEquiv>
                    <Unicode>Tage früher wissen. Wir wollen jedesfalls einige Zeit</Unicode>
                </TextEquiv>
            </TextLine>
            <TextLine id="tr_1_tl_8" custom="readingOrder {index:7;}">
                <Coords points="2614,1208 3873,1198 3995,1187 3997,1102 2615,1147"/>
                <Baseline points="2626,1176 2656,1176 2701,1173 2746,1173 2791,1173 2835,1173 2880,1170 2925,1170 2970,1167 3015,1167 3059,1167 3104,1167 3149,1164 3194,1164 3238,1164 3283,1161 3328,1161 3373,1161 3418,1164 3462,1161 3507,1161 3552,1158 3597,1155 3641,1155 3686,1155 3731,1152 3776,1152 3821,1152 3865,1152 3910,1149 3955,1152 4000,1155"/>
                <TextEquiv>
                    <Unicode>in Ischl bleiben; ja unsere eigentliche Absicht war,</Unicode>
                </TextEquiv>
            </TextLine>
            <TextLine id="tr_1_tl_9" custom="readingOrder {index:8;}">
                <Coords points="2617,1295 3732,1306 4028,1268 3988,1185 2619,1219"/>
                <Baseline points="2629,1262 2644,1262 2689,1262 2734,1259 2779,1259 2824,1259 2868,1256 2913,1256 2958,1256 3003,1256 3047,1253 3092,1253 3137,1253 3182,1250 3227,1250 3271,1250 3316,1250 3361,1247 3406,1247 3450,1247 3495,1244 3540,1244 3585,1244 3630,1241 3674,1244 3719,1241 3764,1241 3809,1241 3853,1238 3898,1241 3943,1238 3988,1238 4033,1238"/>
                <TextEquiv>
                    <Unicode>uns dort in Ruhe niederzulassen und von dort hie und</Unicode>
                </TextEquiv>
            </TextLine>
            <TextLine id="tr_1_tl_10" custom="readingOrder {index:9;}">
                <Coords points="2628,1389 2653,1378 2726,1394 2755,1382 2838,1393 2861,1376 2937,1394 3033,1375 3069,1382 3069,1315 3034,1306 2977,1315 2946,1295 2903,1310 2877,1291 2856,1310 2811,1299 2731,1319 2697,1299 2675,1310 2628,1295"/>
                <Baseline points="2638,1349 2668,1349 2713,1349 2758,1346 2803,1346 2847,1346 2892,1346 2937,1346 2982,1343 3027,1343 3071,1346"/>
                <TextEquiv>
                    <Unicode>da auszufliegen.</Unicode>
                </TextEquiv>
            </TextLine>
            <TextLine id="tr_1_tl_11" custom="readingOrder {index:10;}">
                <Coords points="2619,1463 3963,1458 4064,1418 4066,1356 2621,1389"/>
                <Baseline points="2629,1435 2635,1435 2680,1435 2725,1435 2770,1435 2815,1435 2859,1432 2904,1432 2949,1432 2994,1432 3038,1429 3083,1429 3128,1429 3173,1426 3218,1426 3262,1426 3307,1423 3352,1423 3397,1423 3441,1423 3486,1420 3531,1420 3576,1420 3621,1420 3665,1417 3710,1417 3755,1417 3800,1417 3844,1417 3889,1414 3934,1414 3979,1412 4024,1412 4068,1412"/>
                <TextEquiv>
                    <Unicode>Die Hotels an den Salzkammergutseen sind mir, soweit</Unicode>
                </TextEquiv>
            </TextLine>
            <TextLine id="tr_1_tl_12" custom="readingOrder {index:11;}">
                <Coords points="2623,1564 3694,1524 3936,1557 3988,1537 3990,1470 2624,1488"/>
                <Baseline points="2632,1522 2650,1525 2695,1522 2740,1522 2785,1522 2829,1519 2874,1519 2919,1519 2964,1519 3009,1519 3053,1519 3098,1516 3143,1516 3188,1516 3232,1516 3277,1513 3322,1513 3367,1513 3412,1510 3456,1510 3501,1507 3546,1507 3591,1507 3635,1507 3680,1507 3725,1507 3770,1504 3815,1504 3859,1501 3904,1501 3949,1501 3994,1501"/>
                <TextEquiv>
                    <Unicode>ich sie kenne, zuwider, und ich denke, wir werden uns</Unicode>
                </TextEquiv>
            </TextLine>
            <TextLine id="tr_1_tl_13" custom="readingOrder {index:12;}">
                <Coords points="2632,1642 3488,1647 3614,1604 3939,1635 3956,1550 2634,1566"/>
                <Baseline points="2641,1612 2662,1612 2707,1609 2752,1609 2797,1609 2841,1609 2886,1606 2931,1606 2976,1606 3021,1606 3065,1606 3110,1603 3155,1603 3200,1603 3244,1603 3289,1603 3334,1600 3379,1600 3424,1597 3468,1597 3513,1597 3558,1594 3603,1594 3647,1594 3692,1591 3737,1591 3782,1591 3827,1591 3871,1591 3916,1588 3961,1591"/>
                <TextEquiv>
                    <Unicode>eventuell auf Salzburg einigen? Ich denke ja Gerty</Unicode>
                </TextEquiv>
            </TextLine>
            <TextLine id="tr_1_tl_14" custom="readingOrder {index:13;}">
                <Coords points="2628,1727 3280,1743 3555,1683 3806,1716 4017,1692 4037,1629 2908,1638 2825,1676 2630,1642"/>
                <Baseline points="2638,1695 2650,1698 2695,1698 2740,1698 2785,1695 2829,1695 2874,1695 2919,1695 2964,1692 3009,1692 3053,1692 3098,1689 3143,1689 3188,1686 3232,1689 3277,1686 3322,1686 3367,1686 3412,1686 3456,1683 3501,1683 3546,1683 3591,1683 3635,1680 3680,1680 3725,1680 3770,1680 3815,1677 3859,1677 3904,1677 3949,1677 3994,1674 4038,1674"/>
                <TextEquiv>
                    <Unicode>bleibt auf ein paar Tage bei ihrer Mama in Ischl und</Unicode>
                </TextEquiv>
            </TextLine>
            <TextLine id="tr_1_tl_15" custom="readingOrder {index:14;}">
                <Coords points="2628,1821 3275,1824 3491,1777 3746,1815 4044,1785 4046,1725 2630,1734"/>
                <Baseline points="2638,1776 2659,1776 2704,1779 2749,1782 2794,1782 2838,1782 2883,1782 2928,1782 2973,1779 3018,1779 3062,1779 3107,1776 3152,1776 3197,1776 3241,1776 3286,1776 3331,1773 3376,1773 3421,1773 3465,1770 3510,1770 3555,1770 3600,1770 3644,1770 3689,1767 3734,1767 3779,1767 3824,1767 3868,1764 3913,1764 3958,1764 4003,1764 4047,1764"/>
                <TextEquiv>
                    <Unicode>Sie holen sie mindestens ab? Oder sind in Ischl, wenn</Unicode>
                </TextEquiv>
            </TextLine>
            <TextLine id="tr_1_tl_16" custom="readingOrder {index:15;}">
                <Coords points="2634,1880 2798,1913 3582,1864 3856,1909 4046,1864 4048,1806 2634,1832"/>
                <Baseline points="2644,1874 2662,1871 2707,1871 2752,1871 2797,1871 2841,1868 2886,1868 2931,1868 2976,1865 3021,1865 3065,1865 3110,1865 3155,1865 3200,1865 3244,1862 3289,1862 3334,1862 3379,1862 3424,1859 3468,1856 3513,1856 3558,1856 3603,1856 3647,1856 3692,1856 3737,1853 3782,1853 3827,1853 3871,1853 3916,1853 3961,1850 4006,1850 4050,1847"/>
                <TextEquiv>
                    <Unicode>sie ankommt? Oder kommen aus Aussee auf ein paar Stun-</Unicode>
                </TextEquiv>
            </TextLine>
            <TextLine id="tr_1_tl_17" custom="readingOrder {index:16;}">
                <Coords points="2632,1996 2850,1963 3053,2001 3746,1994 4037,1949 4004,1895 2634,1909"/>
                <Baseline points="2644,1961 2653,1961 2698,1961 2743,1961 2788,1958 2832,1958 2877,1955 2922,1955 2967,1955 3012,1955 3056,1955 3101,1952 3146,1952 3191,1952 3235,1949 3280,1949 3325,1949 3370,1949 3415,1949 3459,1949 3504,1946 3549,1946 3594,1943 3638,1943 3683,1943 3728,1943 3773,1943 3818,1940 3862,1940 3907,1937 3952,1937 3997,1937 4041,1931"/>
                <TextEquiv>
                    <Unicode>den herüber, bei welcher Gelegenheit man weiteres be-</Unicode>
                </TextEquiv>
            </TextLine>
            <TextLine id="tr_1_tl_18" custom="readingOrder {index:17;}">
                <Coords points="2635,2090 3080,2095 3268,2041 4033,2065 4035,1980 2637,2007"/>
                <Baseline points="2647,2050 2650,2047 2695,2047 2740,2047 2785,2047 2829,2044 2874,2044 2919,2044 2964,2041 3009,2041 3053,2038 3098,2038 3143,2038 3188,2038 3232,2035 3277,2038 3322,2035 3367,2035 3412,2035 3456,2032 3501,2032 3546,2032 3591,2032 3635,2032 3680,2032 3725,2029 3770,2029 3815,2029 3859,2029 3904,2029 3949,2029 3994,2029 4038,2029"/>
                <TextEquiv>
                    <Unicode>sprechen könnte?-Ausser Ischl hatten wir auch Salegg</Unicode>
                </TextEquiv>
            </TextLine>
            <TextLine id="tr_1_tl_19" custom="readingOrder {index:18;}">
                <Coords points="2635,2164 3163,2186 3972,2133 3939,2075 3703,2068 2637,2101"/>
                <Baseline points="2647,2137 2677,2137 2722,2134 2767,2134 2812,2134 2856,2134 2901,2134 2946,2131 2991,2128 3035,2128 3080,2128 3125,2128 3170,2128 3215,2128 3259,2128 3304,2128 3349,2128 3394,2128 3438,2125 3483,2125 3528,2125 3573,2122 3618,2122 3662,2119 3707,2119 3752,2119 3797,2116 3841,2116 3886,2116 3931,2116 3976,2116"/>
                <TextEquiv>
                    <Unicode>(bei Waidbruck) in Erwägung gezogen, wegen der, von</Unicode>
                </TextEquiv>
            </TextLine>
            <TextLine id="tr_1_tl_20" custom="readingOrder {index:19;}">
                <Coords points="2630,2252 4060,2213 4060,2168 3992,2157 2632,2180"/>
                <Baseline points="2641,2221 2677,2223 2722,2223 2767,2223 2812,2223 2856,2221 2901,2221 2946,2218 2991,2218 3035,2218 3080,2218 3125,2215 3170,2215 3215,2215 3259,2215 3304,2215 3349,2212 3394,2215 3438,2212 3483,2212 3528,2212 3573,2212 3618,2212 3662,2209 3707,2209 3752,2206 3797,2206 3841,2206 3886,2206 3931,2206 3976,2206 4021,2206 4065,2209"/>
                <TextEquiv>
                    <Unicode>Olga und mir sehr ersehnten(mässigen)Höhe und Stille.</Unicode>
                </TextEquiv>
            </TextLine>
            <TextLine id="tr_1_tl_21" custom="readingOrder {index:20;}">
                <Coords points="2637,2337 3634,2350 3950,2299 4028,2339 4050,2247 2637,2270"/>
                <Baseline points="2647,2310 2665,2310 2710,2310 2755,2310 2800,2310 2844,2310 2889,2307 2934,2307 2979,2304 3024,2304 3068,2304 3113,2307 3158,2304 3203,2301 3247,2301 3292,2301 3337,2301 3382,2298 3427,2298 3471,2298 3516,2298 3561,2298 3606,2301 3650,2298 3695,2295 3740,2295 3785,2295 3830,2295 3874,2292 3919,2292 3964,2289 4009,2289 4053,2292"/>
                <TextEquiv>
                    <Unicode>Salegg hätte dann auch den Vortheil, wenn der Herbst</Unicode>
                </TextEquiv>
            </TextLine>
            <TextLine id="tr_1_tl_22" custom="readingOrder {index:21;}">
                <Coords points="2628,2444 3053,2417 3098,2449 3183,2402 4075,2433 4075,2345 3954,2321 3818,2355 2628,2341"/>
                <Baseline points="2638,2400 2647,2400 2692,2400 2737,2400 2782,2400 2827,2397 2871,2397 2916,2397 2961,2394 3006,2394 3050,2394 3095,2391 3140,2391 3185,2391 3230,2391 3274,2391 3319,2391 3364,2391 3409,2391 3453,2388 3498,2388 3543,2388 3588,2388 3633,2388 3677,2388 3722,2388 3767,2385 3812,2385 3856,2382 3901,2385 3946,2385 3991,2382 4036,2379 4080,2382"/>
                <TextEquiv>
                    <Unicode>mit Macht hereinbricht, dass man Bozen, Meran ganz nahe</Unicode>
                </TextEquiv>
            </TextLine>
            <TextLine id="tr_1_tl_23" custom="readingOrder {index:22;}">
                <Coords points="2632,2541 2662,2534 2679,2543 2690,2532 2700,2532 2740,2549 2792,2536 2792,2431 2765,2437 2742,2433 2711,2451 2691,2442 2670,2451 2661,2442 2632,2447"/>
                <Baseline points="2641,2486 2686,2486 2731,2486 2776,2486 2797,2486"/>
                <TextEquiv>
                    <Unicode>hat-.</Unicode>
                </TextEquiv>
            </TextLine>
        </TextRegion>
    </Page>
</PcGts>
