4484 3448
1534 635 1681 781 164
441 657 1081 797 A.S. an H.v.H.
1061 737 1501 878 Wien, 3.10.1905.
366 819 1836 964 Lieber Hugo, den Buf des Lebens will ich jetzt gleich
369 916 1772 1059 drucken lassen und möchte Ihnen, zu erhöhter Bequem-
351 1024 1772 1137 lichkeit der Lektüre, die Korrekturbogen zusenden.
366 1137 1772 1238 Ich habe mich mit dem 3. Akt nicht wenig geplagt, und
355 1203 1765 1313 bin eines Tages an den Punkt gekommen, wo ich nicht
360 1300 1798 1404 höher konnte. Mir ist, als lägen gewisse Schwächen, die
360 1392 1723 1474 es wohl auch jetzt noch darbietet, mehr im einakts-
371 1461 1772 1560 cyklischen des Stoffs (worauf Sie selbst schon hinge-
360 1556 1814 1708 wiesen haben) als in höchstmeiner Unfähigkeit begrün-
362 1675 658 1763 det lägen.
355 1748 1732 1862 Hätte ich bezüglich des Zwischenspiels auf anderer
346 1827 1735 1931 Besetzung bestanden, so wäre ein Aufschub, wer weiss
357 1918 1750 2024 auf wie lang, unvermeidlich gewesen. Frauen Sie sich
347 2026 1701 2165 immerhin auf Kainz. Brahm kommt wahrscheinlich zur
344 2107 755 2218 Première her.-
347 2189 1697 2324 Ihre Karte deutet an, dass man Sie vorläufig nicht
347 2279 1799 2430 sehen kann. Hoffentlich aber lesen Sie uns bälder vor.
362 2354 693 2471 "Jedermann“?
336 2429 1604 2617 Donnerstag nächster Woche ist "Zwischenspiel",
3698 609 3822 785 165
2542 649 2919 805 A.S. an H.v.H.
3164 653 3286 770 10
2546 775 2836 905 "Kakadn".-
2835 810 3259 989 Herzlichst Ihr
2551 1002 3945 1154 Grüssen Sie Gerty, und Richard's, die wohl schon da-
2553 1128 3950 1267 heim sind. Schreiben Sie gelegentlich ein Wort, wenn
2555 1229 3939 1353 man schon nicht zusammenkommen kann. Ich hab natür-
2555 1328 3314 1448 lich jetzt täglich Proben.
3491 1884 3679 1975 G.F.P.
