4467 3431
1540 638 1667 716 106
920 662 1021 755 82
359 651 778 778 A.S. an H.v.H
1085 762 1569 878 Spalato, 3.4.1900.
379 807 787 901 (Ansichtskarte)
359 905 1814 969 Lieber Hugo, ich bin in Triest und Bagusa gewesen, habe
354 987 1743 1072 manches merkwürdiges gesehen, bin heute in Spalato,
363 1083 1805 1150 fahre nachts nach Abbazia und fühle, dass ich sehr al-
359 1155 934 1271 lein bin. Ihr Arthur.
923 1268 1047 1317 ====
3256 651 3352 740 83
2681 657 3091 762 A.S. an H.v.H.
3838 666 3974 789 107
3419 756 3818 865 Wien, 9.4.1900.
2690 854 3981 956 Mein lieber Hugo, heute Vormittag habe ich Ihren
2684 925 3999 1039 Papa gesprochen, und ihn zu meiner Freude so vor-
2686 1039 4010 1143 trefflich aussehend und bei so guter Stimmung ge-
2684 1112 4019 1213 troffen, wie nur einer sein kann, der morgen wieder
2684 1219 4021 1315 aufsteht. Ich war gestern Früh gleich nach meiner
2679 1295 4039 1388 Ankunft bei Ihrer Mama und fand sie schon vollkom-
2675 1382 4041 1476 men beruhigt und hauptsächlich froh über die viele
2683 1458 4061 1573 Sympathie von allen Seiten, die bei dieser Gelegen-
2679 1533 4085 1649 heit sich aussprach. So weit ich (ohne Untersuchung)
2675 1654 4121 1748 das ganze beurteilen kann, saheint mir eine organische
2675 1734 4063 1814 Erkrankung (des Herzens) vollkommen ausgeschlossen;
2672 1823 4032 1886 ich weiss nicht einmal, ob es richtig ist, von "An-
2661 1899 4088 1990 fällen von Herzschwäche " zu sprechen; mir kommt der
2672 1986 4019 2089 Vague als der schuldige vor, und als ich heute vom
2655 2088 4112 2195 Ihrer Mama von vagus Neurose sprach, sagte sie, Doktor
2661 2157 4068 2254 Schandelbauer habe dieselbe Vermutung ausgesprochen.
2657 2265 3983 2354 Jedenfalls dürfen Sie so vergnügt und unbesorgt
2657 2356 4056 2479 weiterleben als vorher. Allerdings kommts mir sehr
