4471 3432
492 183 664 300 1711/1
704 713 1320 872 A.S. an H.v.H. 52
1742 755 1824 870 65
1201 874 1568 968 Ischl, 9.7.97.
706 957 1953 1038 Mein lieber Hugo, überallher kommen nur ärger-
722 1050 1995 1130 liche Nachrichten, insbesondere diese Schwierig-
722 1142 2004 1222 keiten mit der Wiener Wohnung stören mich sehr.
722 1243 1873 1327 Ich werde wohl früher nach Wien fahren und
724 1344 1632 1423 gleich definitiv in Wien bleiben.
722 1428 1995 1515 Jetzt kann ich nicht weg von hier, es wäre auch
722 1501 2052 1578 eine wahrscheinlich nutzlose Hin und Herhetzerei.
722 1615 1937 1707 Bitte „lieber Hugo, ginge das, dass wir unsere
713 1677 1960 1791 Salzburger Zusammensein um ein paar Tage frü-
718 1782 1027 1878 her hätten?
713 1873 1937 1950 Dass Sie statt am 23. schon am 22. oder noch
715 1962 1899 2035 lieber am 21. in S. wären, resp. ich Sie
722 2061 1385 2148 in Bruck-Fusch abholte? -
710 2145 1908 2220 Mit Poldi Andrian wirds hoffentlich (dieses
718 2251 2035 2330 hoffentlich kommt nicht nur aus Bequemlichkeit,
715 2323 2040 2422 sondern auch aus "ärztlicher Einsicht" her) bald
715 2410 1958 2487 wieder besser sein. Jetzt gleich nach Wien zu
713 2508 1937 2595 fahren, wäre mir eine rechte Unannehmlichkeit
2872 696 3325 781 A.S. an H.v.H.
4042 696 4120 804 66
3367 699 3468 816 52
2872 757 4161 898 und wirklich nötig ists ja gewiss nicht.Schrei-
2870 888 4164 989 ben Sie mir aber doch, wenn Sie können, näheres.-
2888 947 4220 1076 - Könnten einem doch nur alle äusseren Sachen ab-
2875 1025 4176 1156 genommen werden. Es gibt ja so viel Leute, denen
2875 1133 4244 1238 das so viele Freude macht und die nur dadurch, dass
2865 1233 4220 1339 es äussere, ich meine administrative Sachen
2865 1315 4147 1439 gibt, die sie zu besorgen haben, zum Bewusstsein
2867 1402 4201 1522 ihrer Existenz kommen; - liesse sich das nicht ir-
2870 1526 4232 1599 gendwie verteilen? Ich stelle mir ein Sekretariat
2870 1592 4269 1686 eine Agentur im grossen Stile vor, wo man all es fin-
2863 1676 4241 1796 det, wenn man nur in 10 Worte n mitteilt: diese oder
2870 1752 3637 1855 jene Schwierigkeit habe ich.
2888 1836 3859 1937 - Auf Wiedersehen. Herzliche Grüsse!
3426 1950 3536 2044 Ihr
3538 2009 3747 2120 Arthur.
3374 2103 3550 2215 arvoa
