4484 3432
1047 752 1142 845 28
611 778 1007 880 Herzlichst Ihr
1026 837 1242 928 Sal ten.
371 925 1294 1013 Pieve di Cadore, den 24.August 93.
383 1004 1735 1106 Ein Jahr, nachdem Loris in Strobl seinen Freunden
405 1082 888 1168 "Tizians Tod" las.
631 2694 913 2826 nach Deczug
3905 699 3992 811 30
3231 757 3376 873 29
2760 757 3174 875 A.S.an.H.v.H.
3681 847 4059 949 Freitag 1893.
2765 938 4068 1028 Liebster Hugo,Sonntag ist nichts bei mir. Viel-
2772 994 4014 1070 leicht komm ich um 8,1/2 9 zu Karlweis; Sie auch?
2777 1035 4064 1118 Bitte sehr schicken Sie doch an Goldmann 75 Rue
2774 1095 4019 1163 Richelieu Ihre Sachen. Er schreibt uns so oft
2774 1161 3968 1213 drum. "Tizian" und "Thor und Tod"wenigstens.
2776 1180 4114 1266 Von Albert ist in der Nouv. Revue eine Besprechung
2774 1232 4026 1299 des Musenalmanachs, in dem Sie und ich mit sehr
2781 1264 4164 1340 viel Liebe behandelt sind. (Le genial Loris etc.).
2777 1321 4076 1385 Vielleicht schreiben Sie dem Mann auch zwei Zei-
2772 1368 3645 1440 len (Henri Albert, 25 rue Jacob.)
2829 1392 4118 1471 Bei dieser Gelegenheit erinnere ich Sie an Ihr
2777 1444 3976 1516 Versprechen mir Ihre Gedichte zu übersenden.
2781 1490 4114 1556 - Haben Sie Nachricht von Richard? Ich nur eine
2777 1549 3716 1601 Correspondenz-Karte mit Adresse.-
2774 1573 4099 1651 Sind Sie vielleicht Samstag Abend im Central, ich
2772 1642 3190 1706 meine, nach 10?-
2777 1666 3571 1746 Wann gehen wir ins Arsenal? -
2774 1703 4116 1784 Und, überhaupt, wann sehen wir uns wieder? Dass uns
2772 1754 4093 1841 nur Trios zusammenführen, ist eigentlich komisch.
3179 1803 3650 1880 Herzlich der Ihre
3562 1839 3762 1922 Arthur.
2893 2713 3186 2819 nach
