4492 3431
1663 700 1785 783 150
460 687 879 820 A.S. an H.v.H.
1351 781 1639 883 24.9.1904.
1068 796 1216 911 104
469 872 1901 985 Lieber Hugo, Jagd nach Liebe ist bei Wassermann, ich
479 959 1910 1053 habe ihm geschrieben, er möge Ihnen das Buch senden.-
484 1053 1210 1151 Assy besitz ich gar nicht.-
484 1145 1853 1230 Ich fange erst in den nächsten Tagen ordentlich zu
484 1236 1811 1310 arbeiten an.hatte viel Kopfweh. Wir sind seit 20.
491 1336 1816 1411 Abend hier, waren in Salzburg mit Richard und Bahr
488 1417 1519 1491 zusammen; sahen auch Karg ein paar Mal.
497 1487 1925 1570 Viedleicht kann uns Gerty die Adresse der Italienerin
497 1589 1884 1674 sagen, bei der sie einmal Stunden genommen hat.Adres
488 1657 1951 1757 se und Namen. Einmal war sie bei mir, einer Uebersetzung
493 1750 1977 1840 wegen, wohnte damals Hammerand. Gestern bin ich geradelt
493 1842 1907 1960 im, Hütteldorf.Neuwaldegg; es ist schon so herbstlich.
491 1938 1746 2043 Mein Rad hat sich auf der Reise recht erholt.
497 2027 1879 2125 Herzliche Grüsse an Sie, Gerty, Hans von uns Beiden.
959 2114 1062 2206 Ihr
1049 2199 1133 2296 A.
1036 2295 1160 2363 ===--
3935 691 4057 802 151
2734 698 3139 789 A.S. an H.v.H.
3433 728 3876 872 Wien, 2.10.1904.
2740 874 4188 955 Lieber, in dieser Woche werden wir uns kaum sehen kön-
2740 961 4198 1057 nen;--es fügt sich gerade, dass allerlei zusammen kommt:
2740 1059 4135 1151 Duse, Burgtheater (Heinrich), Josefstadt, Familie, und
2744 1153 4194 1234 so müssen wir das abendliche Hietzing auf Beginn näch-
2744 1230 4109 1319 ster Woche verschieben. Nachmittags arbeite ich so
2749 1325 4198 1402 viel als möglich. Wie ist Ihre Einteilung? Wenn man ein-
2744 1397 4149 1508 mal in den Vormittagsstunden nach Rodaun käme, (wofür
2751 1496 4094 1604 ich freilich nicht garantieren kann) würde man Sie
2747 1581 2954 1674 stören?
2740 1661 3564 1768 Die Bücher haben Sie bekommen?
3307 1761 3409 1855 Ihr
2751 1753 3047 1862 Von Herzen
3429 1846 3640 1940 Arthur.
