4492 3431
1016 591 1166 682 106
1650 649 1774 740 154
512 677 905 764 A.S. an H.v.H.
521 745 1943 862 gründet hält, und 2. dass Fischer nur meine Einwilligung
515 830 1869 925 abwartet, um den Prozess gegen Lindemanneinzulei-
525 919 1917 1014 ten. Diese Einwilligung werde ich ihm natürlich nicht
526 1023 788 1105 versagen.
521 1105 1863 1196 Worin ich Fischer Unrecht gebe, ist eigentlich nur,
521 1186 1865 1264 dass er nicht gleich zu Beginn der Verhandlungen -
517 1277 1854 1363 lange vor Aufführung des Stückes in Berlin - den
517 1364 1904 1437 Lindemannschen Antrag in seinem ganzen Umfang ( 5000
517 1453 1908 1548 Mark Garantie und Aufführung desStücks in allen von
521 1540 1861 1631 L. angegebenen Städten) angenommen hat, obwohl ich
525 1622 1807 1730 ihm telegraphisch meine entschiedene Zustimmung
525 1722 1880 1798 kundgab, sondern dass er sich dann erst in Verhand-
517 1785 2009 1908 lungen über einzelne Städte einliess,die von der Tour-
525 1902 1913 1982 nee ausgeschlossen sein sollten. Aber "unvornehm" kann
526 1995 1976 2069 ich das auch nicht finden.-Was aber nun eine vorheri-
530 2063 1896 2171 ge Zahlung der Garantiesumme anlangt, so würde ich
532 2156 1913 2273 zu dieser Forderung in einem ähnlichen Fall meinen
530 2250 1863 2367 Vertreter neuerdings autorisieren; denn gerade die
515 2334 1904 2453 in dem Brief des Frlö Dumont angeführten Daten be-
506 2423 1935 2543 weisen, wie gering, die finanzielle Sicherheit ist, die
3874 729 3995 827 155
3352 693 3467 834 106
2701 747 3137 858 A.S. an H.v. H.
2705 810 4093 927 in einem Unternehmen in der Art des Lindemannschen.
2714 901 4199 1033 selbst bei den besten Absichten und den reinsten künst
2708 990 4173 1116 lerischen Intentionen, den Autoren geboten werden kann.
2712 1118 4145 1199 Uebrigens hätte ja Lindemann sich mindestens zu einer
2712 1196 4139 1279 teilweisen vorherigen Zahlung verstehen können; aber,
2712 1298 4126 1364 ganz im Gegenteil, und dies ist wohl das Wichtigste-
2719 1379 4100 1463 bei der Betrachtung des ganzen Streitfalles -,nach
2721 1451 4067 1533 der Berliner Première wollte er,trotz des vor der
2712 1559 4143 1642 Première eingelangten vertragsgleichen Telegramms, we-
2719 1622 4165 1713 der von seiner vorher, noch von einer nachner zu zahlen-
2725 1735 4125 1813 den Garantie, noch überhaupt von einer Aufführung des
2719 1800 4017 1893 Stückes im Verlauf seiner Tournee etwas wissen.
2710 1898 4082 1974 Bitte, lieber Hugo, grüssen Sie Frl. Dumont herzlich
2721 2002 4186 2076 und teilen Sie ihr doch in Ihrer Antwort auch mit, was
2719 2084 4182 2173 ich Ihnen gleich im Beginn dieses Briefs gesagt habe:
2721 2169 4097 2265 dass es durchaus meinen Intentionen widersprach und
2716 2226 4106 2352 widerspricht, wenn Fischer aus Anlass des bekannten
2706 2336 4145 2428 Streitfalls dem neuen Unternehmen auch Stücke seiner
2706 2428 4097 2519 anderen Autoren verweigert, dass mir im übrigen aber
2710 2514 4145 2632 das Vorgehen Fischers in meiner Sache einwandfrei er-
