4484 3432
805 181 951 283 14 7
1686 674 1777 736 27
491 657 899 762 A.S. von H.v.H.
1034 694 1138 785 27
1231 741 1655 838 Nien, 11.8.1893.
500 835 1823 920 Lieber Hugo, Ihr Feuilleton über Anunzio habe ich
497 913 1728 966 mit grosser Freude gelesen; es ist eins Ihrer
500 941 1870 1003 schönsten, mit weiten Ausblicken.- Ist von dem Mann
500 999 1266 1048 was ins Deutsche übersetzt?
528 1039 1806 1099 - Denken Sie, mir ist man endlich draufgekommen,
497 1088 1792 1141 dass ich auf die sexuellen Instinkte der Menge
493 1129 1843 1185 spekuliere und meine "cynischen" "plumpen" Sachen
493 1174 1885 1233 mit verletzender Absichtlichkeit schreibe - (offen-
500 1220 1813 1280 bar um mittelst meiner Trivialität viel Geld zu
497 1264 782 1324 machen.) -
491 1298 1755 1361 Der Ruhm dieser Entdeckung gebührt der Wiener
497 1350 1861 1412 bendpost, welche im übrigen zugleich Geschmack ge-
493 1406 1788 1466 nug hat die Leichtbeschwingtheit Ihrer Verse zu
488 1445 1373 1494 loben, (Referent Bruno Walden.) -
482 1474 1907 1549 Meine Absicht geht vorläufig dahin Ende nächster Wo-
486 1538 1782 1585 che ins Pusterthal zu reisen, und vielleicht von
486 1567 1881 1627 dort per Bio. nach Wien zurück. ( Salten ist bereits
488 1600 1947 1689 unten— Paul Goldmann will im September nach Salzburg
488 1662 1806 1717 kommen; vielleicht lässt sich eine Zusammenkunft
486 1711 1713 1762 Ende August arrangieren? Wie sind Ihre Pläne?
478 1750 1821 1812 Schreiben Sie doch was darüber. Arbeiten Sie was?
482 1784 1879 1854 Meine kleine Hovelle ist bis auf wenige Zeilen fer-
491 1846 1801 1896 tig. Das hab ich Ihnen schon geschrieben.- Jetzt
478 1881 1876 1958 schreib ich ab und zu ein paar Verse an dem "alle-
482 1932 1797 1991 gorischen" Gedicht; bedauere aber sehr nicht die
486 1978 1804 2029 ausreichende Befähigung dazu zu haben. - Den Muth
486 2016 1790 2076 zu was grösserem, das wird Sie nach alledem nicht
478 2044 1938 2144 wundern, hab ich noch nicht erlangt.- Unter vier Augen
478 2102 1843 2164 das Volksthester beginnt mit mir (wegen "Märchen")
482 2151 1850 2212 zu unterhandeln. Ich sage Ihnen - Zustände!!- wei-
486 2199 1105 2263 teres darüber mündlich.
482 2217 1826 2296 - Wie gehts dem ägyptischen unanständigen Stück? -
478 2276 1901 2349 Wenn es nur ägyptisch wäre, läge es der Allgemeinheit
482 2334 1899 2387 zu fern!- Der Tod Kalkas ist Ihnen wohl bekannt wor-
477 2374 621 2447 den? -
515 2380 1870 2487 Hören Sie was von Fels?- Schreibt Ihnen Richard?-
468 2458 1684 2526 Sind Sie vergnügt?-Herzlich der Ihre Arthur.
468 2515 1386 2593 Sie müssen Bioyole fahren lernen!
1039 2599 1200 2664 ====
614 2674 783 2774 Nach
3954 659 4038 740 28
2699 678 3108 773 A.S. an H.v.H.
3371 725 3797 798 Pieve di Cadore
3178 721 3264 825 28
3457 754 3923 851 .24.8.1893.
2710 871 3621 953 (Oberschrieben: Launiger Brief)
2752 924 3830 979 Des Meisters von Cadore reiche Farben
3444 959 3895 1037 Theophil Morren.
2699 1034 4060 1109 Mein lieber Hugo, Sie haben allerdings Tizians Tod
2710 1085 4102 1154 geschrieben, wir aber haben soeben das Zimmer betre-
2705 1141 4058 1189 ten, in welchem Tizian geboren ward. Wir sind
2701 1172 4104 1244 nämlich in Pieve di Cadore ; heut Früh von Toblach
2703 1231 4129 1284 mit unseren Rädern abgefahren, und über Cortina hie-
2703 1277 4045 1331 her ;- manchmal unter Hagel und Regen, und keines-
2703 1324 4043 1373 wegs ohne dass uns die Zollbehörden an hielten.-
2694 1353 4071 1414 Hier haben wir in den paar Stunden unseres Aufent-
2699 1397 4125 1461 halts viel Schönheit und Leben gesehen; blonde Kin-
2696 1445 4164 1499 der (Schönheit), die auf steinernen Löwen ### (Leben
2703 1490 4074 1552 spielten, andere wieder, die "Musikbande" spielten und
2694 1536 4131 1600 wo der Kapellmeister seine sämtlichen auf Holzstäben
2694 1585 4047 1656 und Löffeln musizierenden Untergebenen jämmerlich
2694 1627 3943 1697 prügelte, (Schönheit). Ein altes Weib
2699 1667 4051 1722 (Leben),das von Haus zu Haus ging und die kleinen
2690 1720 4078 1764 Kinder küsste, ein Kerl, der zum Fenster hinausschau
2696 1759 4096 1823 te und dem Strümpfe (Schönheit) zum Mund heraushin-
2690 1810 4076 1874 gen, mit welchen ich, wie Salten meint, verbleiben
2688 1859 2818 1934 soll
3044 1874 3740 1961 Ihr hoch-und radfahrender
3559 1930 3817 2002 Arth.Sch.
2699 2000 3466 2107 Anschrift von Felix Salten/
2694 2100 4104 2171 Lieber Freund! Die Fahrt durch die Pracht des Amauns-
2692 2151 4054 2217 zo-und Cadorethales und der Aufenthalt hier haben
2694 2199 3994 2265 gelehrt:Es genügt nicht, dass der Mensch den Tod
2696 2215 4115 2310 des Tizian schreibe, er muss auch Bicycle fahren kön-
2686 2288 4096 2363 nen. Ersteres haben Sie getan, das Zweite bleibt Ih-
2696 2330 4133 2409 nen noch. Wir allerdings haben beim Zweiten angefan:
2703 2376 4047 2458 gen und das Schwierigere steht uns noch bevor, was
2703 2429 4021 2517 wir, wie Arthur meint, heute mal versuchen wollen.
2847 2655 3152 2774 nach
