4494 3433
1070 714 1175 805 103
427 740 835 832 A.S. an H.v.H.
1680 742 1798 823 144
1084 798 1551 917 Nien.2 0.8.1904.
427 897 1821 989 Lieber Hugo, mit der Salzkammergutreise steht es wi.
433 991 1816 1084 folgt:in diesen Tagen beende ich die erste flücht!
431 1083 1798 1169 ge Niederschrift eines neuen dreiaktigen Stücks; die
431 1187 1754 1272 Grünwald kommt etwa 25., 26. und dann muss ich es,
431 1284 1761 1355 um es übersichtlich vor mir zu haben, und weil das
426 1356 1798 1447 überhaupt zu den Etappen meiner Arbeitsweise gehört
429 1431 1789 1542 und mich sehr fördert, diktieren. Nun kann ich, auch
426 1526 1772 1620 weil der Anfangstag der Grünwald noch nicht fest-
426 1616 1798 1708 steht(ich bin ohne Nachricht, resp. Antwort von ihr),
419 1715 1742 1805 nicht auf den Tag bestimmen, wann ich fertig bin.
424 1793 1742 1892 Ich hoffe, es wird sich fügen, dass wir schon am 3.
427 1883 1789 1987 Wien verlassen können; wird aber Gerty auch warten,
422 1969 1717 2067 wenn der 4. oder gar der 5. September draus wird?
417 2052 1786 2158 Wir möchten natürlich auch sehr gern mit ihr zusam-
408 2127 1745 2256 men fahren; ich kann nur heute mich zur Bestimmung
413 2240 1717 2324 des Tages nicht verpflichten. Immerhin werde ich
413 2323 1715 2423 am ersten Diktiertag schon wissen können, wann wir
412 2395 1720 2549 bereit sind. Ich hoffe ja sehr, dass es der 3. sein
3794 613 3914 694 145
3176 616 3289 715 103
2614 650 3015 751 A.S. an H.v.H.
2612 701 3872 827 wird. Sie ersehen daraus jedenfalls, dass wir zu
2614 811 3963 920 Ischl entschlossen sind, wo wir fürs erste Quartier
2618 903 3972 1012 nehmen, Ausflüge machen (Olga kennt das Salzkammer-
2625 971 4025 1086 gut gar nicht), und ich sehne mich auch sehr nach ein
2628 1058 4046 1173 paar schönen Radtouren mit Ihnen, Auch zu einer Fuss-
2632 1180 4020 1270 partie (Bucksack!) wäre ich zu haben. Nicht unmöglich
2633 1252 4055 1353 ist es, dass ich dann auch noch mit Olga weiterfahre,
2633 1348 3942 1452 Tärol, Bozner Gegend, und falls das Wetter allzu
2632 1420 4011 1537 herbstlich wird, München. Wir sehen uns ja jedenfalls
2641 1517 3916 1616 schon am ersten Ischler Tag, aber sagen Sie mir
2644 1621 3963 1710 doch gleich, wann Sie wieder in Rodaun zurück sein
2639 1690 4013 1793 müssen oder wollen. Wohnen wollen wir in der Kaiser-
2637 1800 2856 1883 krone.—
2646 1823 4041 1952 Sind Sie mit dem "geretteten" fertig? Mir geht es mit
2641 1959 3971 2044 dem Arbeiten nicht übel und ginge mir gewiss noch
2649 2029 3992 2158 besser, wenn nicht mein Widerwillen gegen den phys.
2651 2127 3972 2241 Akt des Schreibens immer beträchtlicher würde und
2646 2220 4041 2317 sich oft genug in leichten Schreibkrämpfen äusserte.
2644 2316 3960 2411 Danke sehr betreffs V.S.; mein Aerger hat sich na-
2653 2400 3978 2526 türlich schon gelegt-natürlich würde es mich aber
