4498 3432
1056 643 1197 747 1 31
1763 728 1841 811 3
657 769 1063 849 an Hoffmanthal
643 887 1906 969 Stellen, die sogar auf Weiber wirken,ohne dass
640 930 1887 1006 man den Stellen oder den Weibern bös werden
640 1006 838 1064 müsste.
638 983 1961 1113 - Werden Sie mir bald wieder schreiben? Arbeiten
659 1051 1987 1145 Die viel? Erleben Sie was? Spielen Sie aber lie-
643 1113 1977 1178 ber Leun-Tennis, statt sich zu verlieben, oder neh-
635 1156 1930 1239 men Sie wenigstens,wenn beides über Sie gekom-
638 1221 1295 1292 men, das erstere ernster.
852 1235 1849 1311 Herzlichen Gruss. Den Ihrigen meine
638 1261 1927 1373 Empfehlungen. Ollt Schwarzkopf schon bei Ihnen?
643 1337 1651 1421 Ich sah ihn schon wochen lang nicht.-
859 1377 1584 1461 Also nochmals viele Grüsse
1104 1433 1197 1496 Ihr
1213 1456 1401 1542 A.Sch.
3288 676 3391 783 4
2772 790 3355 906 A.S.an Hoffmannsthal
3793 894 3950 966 1891.
2781 980 4166 1057 Lieber Hugo, morgen Sonntag bin ich Nachmittags in
2786 1035 4131 1109 einem Konzert, wo Rückkauf (mein einstiger Lehrer,
2793 1078 4140 1168 der mich sehr interessiert) aufgeführt wird. Also
2784 1109 4166 1202 nicht zuhause. Kommen ie möglichst bald, damit wir
2788 1166 4112 1273 noch einen Abend dieser Woche verabreden können.
3053 1228 3460 1290 Herzlichst Ihr
3443 1242 3676 1325 Art. Sch.
