4480 3466
1596 625 1706 706 Ras
1596 697 1700 785 190
369 729 1096 853 A.S. an H.v.H. 123
1173 761 1626 905 Wien, 4.10.1910.
375 894 868 998 Mein lieber Hugo.
753 909 1858 1075 Mein Telegramm hat Sie hoffentlich noch
386 1020 1850 1169 in München erreicht. Es war mir nicht möglich eine te-
378 1096 1839 1269 lefonische Verbindung mit Rosenbaum zu bekommen. Bald
390 1214 1856 1346 war er auf der Probe, bald hat sich überhaupt niemand
393 1327 1809 1436 gemeldet.Berger selbst war verreist und bis gestern
393 1412 1834 1493 noch nicht zurückgekehrt. So habe ich also Ihren Be-
393 1508 1862 1608 setzungsvorschlag an die Direktion schriftlich mitge-
401 1581 1830 1677 teilt und mich zugleich damit sehr einverstanden er-
397 1689 1866 1781 klärt. Im übrigen lag Ihrem Brief kein Besetzungsvor-
405 1743 1839 1875 schlag des Burgtheaters bei Sie schreiben von Tress-
403 1856 1835 1950 ler für den Claudio, was wirklich lächerlich wäre. Wie
403 1935 1852 2029 sonst die Rollen hätten verteilt werden sollen, weiss
403 2026 1843 2123 ich nicht, nur dass die Bleibtreu für den Tod in Aus-
407 2091 1877 2206 sicht genommen war, hatte ich schon früher gehört,ohne
403 2212 1916 2293 für diese Idee sehr eingenommen zu sein. Ich hoffe übri-
403 2314 1849 2396 gens Sie haben sich auch persönlich an die Direktion
412 2381 1860 2526 gewandt, was ich doch jedenfalls viel wirksamer fände
3942 698 4062 808 191
2705 734 3127 832 A.S. an H.v.H.
3289 742 3411 845 123
2715 781 4072 919 als meine intervention, so gern ich immer dazu war
2711 915 4040 1028 und bin. An dem Oedipus haben Sie hoffentlich in
2715 981 4072 1105 Mpnchen viel Freude gehabt. Hier schicke ich Ihnen
2720 1065 4083 1205 also das "Weite Land", das ich bitte noch durchaus
2720 1195 3501 1271 als Manuscript zu behandeln.
2709 1258 3808 1384 Auf baldiges Wiedersehen.Herzlichst Ihr
3773 1333 3993 1446 Arthur.
