4498 3432
1187 667 1275 781 11)
1757 711 1847 794 11
532 747 915 848 A.S.an H.v.H.
1407 797 1706 882 16.3.1892.
534 873 1876 960 Lieber Freund, die beiliegende Karte kam an mich.
536 947 1872 1001 Gestern stellte man von derselben Seite die Frage
536 994 1869 1041 an mich, unter welchen Bedingungen ich ev. mein
539 1026 1910 1088 Stück zum Abdruck überlassen würde. - Beraton sprach
536 1082 1881 1133 dieser Tage mit mir über die materielle Seite des
534 1106 1941 1187 Materlink-Abends.-Vorläufig habe ich ihm 10 Gulden
543 1176 1869 1225 geschickt. Ueber diesen Abend wäre mancherlei zu
534 1218 788 1277 sprechen.
527 1250 1934 1313 Möchten Sie mir die Adresse von Schwarzkopf mitthei
534 1302 1800 1360 len? Ich möchte ihn um eine Empfehlung an Bonz
536 1347 1860 1427 wegen meines Anatol-Cyklus ersuchen. Was glauben
532 1396 682 1456 Die?-
527 1429 1066 1515 Herzlichst der Ihre
1046 1456 1317 1553 Arth.Sch.
3319 640 3414 752 12
4010 720 4098 792 12
2792 754 3169 848 A.S. an H.v.H.
2715 882 4116 961 Lieber Hugo, fast sicher seh' ich morgen Salten, fast
2716 956 4058 1008 sicher wird er also Sonntag mit uns sein. Nun war
2715 992 4114 1055 ich gestern bei Bahr, der auch was von Sonntag rede-
2715 1059 4091 1102 te, und ich überlasse Ihnen die Sache einzurichten.
2715 1088 4039 1156 wie s Ihnen lieb ist. Jedenfalls erwarte ich Sie
2715 1140 3021 1219 Sonntag 1/4.
3007 1145 3927 1248 Mit vielen herzlichen Grüssen Ihr
3806 1198 3995 1288 Arthur.
2704 1227 3916 1333 Eventuell schreiben Sie mir noch eine Zeile.
2700 1338 2947 1441 Freitag.
3261 1409 3573 1513 .....13
2707 1494 4089 1584 Lieber Hugo! Fels hat sich wieder gemeldet. Können
2715 1569 4095 1640 Sie im Lauf dieses Monats noch was thun, so wäre es
2724 1618 4053 1676 ihm, ja auch mir recht angenehm. Er wohnt, für alle
2715 1650 4161 1730 fälle sei es Ihnen mitgetheilt, XVIII. Exnerstrasse 3.
2720 1699 4067 1775 Es scheint wirklich, dass er vom nächsten Monat an
2706 1751 3820 1827 nicht auf uns mehr angewiesen sein wird.
3180 1797 3658 1881 Herzliche Grüsse
3256 1847 3355 1910 Ihr
3366 1865 3571 1957 Arthur.
