4492 3431
1160 675 1264 793 109
1799 677 1912 798 162
463 677 880 806 A.S. an H.v.H.
1152 749 1615 888 Wien, 11.9.1905.
475 864 1918 980 Lieber Hugo, die Sache mit dem Burgtheater war unge-
481 940 1924 1070 heuer einfach. Brahm schrieb mir Ende August, Schlen-
477 1032 1960 1172 ther habe ihn mit der Mission betraut, mich zur Einsen-
481 1132 1976 1244 dung meines neuesten zu veranlassen. Ich hierauf, nicht
477 1236 1948 1355 faul, schreibe Schl., dass ich eine fertige Komödie, und
471 1335 1936 1443 zwei Dramenakte auf Lager habe, er telegraphiert, noch
477 1401 2014 1523 fleissiger, soll ihm alles schicken; ich thu es,er antwor
487 1505 1972 1625 tet fünf Tage drauf, die Entscheidung über Drama bitte
477 1605 1984 1707 er bis nach Vollendung aufschieben zu dürfen,Komödie
471 1681 1902 1797 nehme er an Mitte Oktober (ich hatte frühen Termin
481 1775 1882 1884 zur Bedingung gemacht ) wolle meine Besetzungsvor-
477 1880 1966 1994 schläge, er nimmt sie selben Tags ebenso telegraphisch
477 1958 1996 2086 an, und am nächsten Morgen steht die Notiz in der Zeitung
471 2048 1948 2154 Es kommt hier vor Berlin mit Brahm bin ich erst heut
475 2136 1934 2260 (vor 5 Minuten kam das endgültige Telegramm) einig ge-
471 2240 1968 2340 worden; Verzögerung, weil er durchaus beide Stücke woll-
469 2316 1964 2445 te-, Mit dem Reinhardtthester wird sich wahrscheinlich
457 2417 2058 2525 nichts machen lassen; was Sie mir im Lauf der letzten
461 2509 1924 2607 10 Tage an(mildester Ausdruck) Schlampereien angetan,
4028 663 4150 781 163
2769 651 3178 793 A.S. an H.v.H.
3384 687 3475 802 109
2769 739 4194 876 ist unglaublich. Der letzte Scherz war, dass ich Mitt-
2769 850 4224 962 woch ein Telegramm bekam, dass ein ausführlicher Brief
2769 944 4146 1060 auf dem Wege.-und der bisher nicht da ist. Es stand
2769 1030 4228 1156 beinah schon fest für mich, dass die Sorma die Komödie
2775 1128 4132 1238 spielen müsste. Ueber alles dies mündlich näheres.-
2769 1232 4224 1326 Wir bleiben bis nach 15. hier, wohl 20. denken dann auf
2761 1304 4138 1441 10 Tage fortzugehen,-Salzkammergut kaum; vielleicht
2773 1411 4178 1495 nur Semmering.-Mit dem 3.Akt glaub ich zu einer Art
2781 1515 4196 1593 Resultat zu kommen-das dreimal einaktige des Stoffes
2775 1571 4152 1691 ist natürlich nicht zu besiegen, es kommt im wesent-
2763 1685 4198 1787 lichen, was man auch tut, dramatisch auf einen Schwin-
2763 1761 3803 1894 del heraus. Nun, das ist unser Metier.
2767 1849 4168 1994 Ich freue mich, dass Sie viel arbeiten, und sehe dem
2753 1962 4224 2064 nächsten Vorlesungsabend mit schönster Erwartung ent-
2763 2058 4170 2168 gegen. Was hat Sie so rasch aus Misurina vertrieben?
2781 2144 3931 2280 *ir grüssen Sie Beide Beide. Herzlichst Ihr
3380 2236 3463 2310 A.
