4398 3432
511 160 614 244 1e
1054 627 1161 743 87
473 654 861 754 A.S. an H.v.H.
1699 654 1830 743 116
1143 747 1627 838 Tahrn, 10.8.1901.
471 818 1854 921 Mein lieber Hugo, seit vier Wochen bin ich hier, und
467 936 1870 1011 habe mich, in angenehmer Gesellschaft, mit Neigung zu
473 1025 1877 1098 Arbeit und einigem Fleiss und gelegentlichem Talent,
473 1107 1872 1178 in einer wunderbaren Luft, mit Sonne und Wald, recht
471 1190 1830 1263 behaglich gefühlt. Montag reisen wir nach Bozen, wo
471 1280 1890 1354 man Goldmann trifft; dann nach Trient, und endlich et-
467 1372 1879 1459 wa 16.8.gehts nach Welsberg im Pusterthal, Bad Wald-
467 1450 1887 1541 brunn, das ich neulich entdeckt habe und von dem ich
471 1543 1823 1634 mich wundere, dass es kaum bekannt ist.Ende August
462 1634 1887 1699 möchte ich in Wien sein, vor allem zwei neue Einakter
467 1710 1867 1805 diktieren, die der „Literatur“ vorangehen sollen. Die
462 1796 1816 1874 drei Stückchen sind nur durch eiden Grundgedanken
467 1899 1883 1981 verbunden, und eines mag immer das andere beleuchten.
467 1983 1901 2065 Auch das dreiaktige Stück kann bald beendet sein. Ich
471 2076 1845 2163 freue mich auf einen schönen Septemberabend, wo wir
463 2168 1925 2232 einander allerlei erzählen und vorlesen können. Um den
462 2254 1854 2335 verlorenen Innsbrucker. Abend tut es mir sehr leid.
460 2330 1872 2425 Anonymität wäre übrigens gar nicht vonnöten gewesen,
458 2414 1834 2499 jeder Grund fehlt, besonders Ihnen und Ihrer Frau
454 2512 1734 2599 gegenüber. Wir waren abends damals an der Bahn,-
3290 612 3382 718 87
3906 627 4011 702 117
2730 634 3130 736 A.S. an H.v.H.
2737 731 4042 818 der andere einzige Ort, wo man im Freien speisen
2744 816 3993 898 kann, nachdem mir der dritte einzige Ort, in der
2737 901 3684 1005 Nähe der Weierburg, nicht zusagte.
2750 1007 4020 1098 Viel Freude habe ich heuer wieder vom Radfahren
2746 1090 4111 1169 gehabt und mich mehr als einmal an unsere Fahrt am
2746 1176 4075 1265 Genfersee erinnert, die nun drei Jahre hinter uns
2746 1250 4082 1352 liegt. Ich höre hoffentlich noch von Ihnenmehr wir
2750 1358 3204 1438 un wiedersehen.
2746 1425 3515 1529 Herzliche Grüsse Ihr Arthur.
2754 1501 4129 1594 Wenn Poldi bei Ihnen ist, grüssen Sie ihn vielmals.
2746 1601 4077 1703 Michel hat mir einen so netten Brief geschrieben.
2755 1699 4131 1774 Auch Bahr, den Sie ja öfters sehen, grüssen Sie herz-
2755 1785 3711 1877 lich. Und empfehlen mich Ihrer Frau.
3355 1877 3453 1974 Ihr
3284 2037 3464 2141 I
