4493 3432
495 745 1057 837 A.S. an H.v.H. 67
1532 713 1620 819 82
495 819 1134 923 (Ansichtskarte Bologna)
1247 880 1690 979 Bologna.31.8.98.
491 950 1697 1040 Mein lieber Hugo- ich freue mich sehr, meinem
491 1021 1598 1075 Einfall nachgegeben zu haben und ein paar
488 1062 1836 1120 ital. Städte zu sehen. Wäre mir doch bald möglich,
495 1120 1791 1165 weiter und auf längere Zeit, und, ich glaub das zu
488 1157 1786 1208 wünschen. nicht allein.- Hier send ich Ihnen die
491 1195 1816 1283 zwei schiefen Thürme; der eine gehört dem Richard
542 1237 1764 1301 er kann wählen) ebenso wie Ihnen beiden meine
482 1287 1660 1337 herzlicheten Grüsse. Schreiben Sie mir nach
482 1330 1699 1386 Wien;ic bin wahrscheinlich Sonntag zu Hause.
673 1372 997 1429 Ihr Arthur
479 1399 1251 1496 Was für Prosa schreiben Sie?
3701 635 3789 702 83
2668 655 3236 785 A.S. an H.v.H. (68)
3186 734 3881 842 Dienstag.4.10.98. (Berlin)
2671 826 3868 931 Mein lieber Hugo, heut vor der Probe hat mir
2657 911 4084 995 Brahm Ihren Brief gegeben; er hat mir grosse Freude
2659 972 3987 1080 gemacht. Von dem Vermachtnis hab ich nicht viel
2651 1071 4055 1165 Spass; die Sache ist die: das Stück ist nur so lang
2664 1175 4109 1276 gut, als die "Heldin" nicht auf der Bühne ist. xxxx
2655 1296 4028 1381 Erster Akt - und der dritte wieder, sobald sich das
2653 1366 4036 1456 Frauenzimmer ins Wasser stürzt. Da sind alle übri-
2657 1456 4057 1559 gen Figuren wie von einem Bann befreit,nachdem die-
2653 1552 4050 1652 ses Gespenst angebracht ist, und reden vernünftige
2651 1647 3892 1757 lebendige, menschliche.nahezu schöne Sachen.-
2657 1751 3940 1834 Dabei ist mir heute passiert, während der Probe,
2660 1841 4030 1942 dass mir das Stück ganz neu, in 5 Akten, dramatisch
2664 1951 4023 2036 eingefallen ist. Wär ich anständig, so zög ichs zu-
2659 2039 4077 2156 rück, wie es jetzt ist. Ich freu mich auf Ihre venez.
2660 2153 3967 2216 Komödie; so wäre ja der Theaterabend fertig. In
2666 2232 4059 2333 Wien find ich Sie schon; ich komme wohl Mitte näch-
2655 2309 2979 2414 ster Woche.
2675 2403 3989 2509 - Mein Ohr stört mich wieder mehr als je. Solähe
