4498 3432
1026 627 1146 747 [5]
540 772 1058 858 A.S. an Hofmannthal
1434 810 1891 896 Wien, 11. Aug. 1891.
545 883 1904 967 Lieber Freund, es ist sehr wahrscheinlich, dass ich
551 958 1875 1014 die beiden Feiertage in Ischl bei meinen Leuten
551 1008 1893 1058 verbringe. Bei dieser Gelegenheit möcht ich sehr
551 1047 1988 1099 gerne mit Ihnen zusammen sein. Nicht wahr,Sie teilen
542 1094 1916 1148 mir gleich in zwei Zeilen mit, ob Sie am 15. und 16.
542 1137 1893 1194 August in Strobl sind, ob Sie eventuell nach Ischl
536 1176 1888 1232 herüberkommen wollen etc. Von meiner Ankunft ver-
542 1219 1961 1285 ständige ich Sie jedenfalls. Ich will auch den Beer-
536 1269 1914 1333 Hofmann nach Aussee schreiben (im übrigen hab auch
542 1312 1943 1367 ich noch keine Zeile von ihm erhalten (=vielleicht
536 1355 1911 1414 sind wir alle drei zusammen, spielen Feiertagspöbel
545 1409 1117 1459 und fühlen uns wohl.-
540 1425 1929 1507 Ihr Salzburger Artikel war wunderschön; wohl Ihnen,
545 1500 1907 1548 der sowas im "Halbschlaf" aufs Papier träumen kann.
536 1543 1825 1591 Ich bin wach, vielleicht sogar überwach; aber es
542 1582 1911 1641 ist ein verlogener Herbstmorgen mit einer Barbier-
545 1621 1916 1693 beckensohne! - Haben Sie Salten, über Bahr gelesen?
536 1666 1251 1734 Ich finde - vortrefflich! -
536 1705 1773 1796 Leben Sie wohl, hoffentlich plaudern wir bald.
888 1762 985 1825 Ihr
996 1791 1255 1877 Arth. Sch.
1035 1886 1189 1950 ======
3341 660 3421 765 6
2744 753 3294 858 I.S.an Hofmannthal
3482 790 3652 874 Ischl,
3462 858 3895 938 August 91.
2760 917 4149 1006 Lieber Loris, eben habe ich an Richard Beer-Hofmann
2765 996 4192 1060 geschrieben, er möge womöglich Sonntag 16.8. Vormittag
2765 1042 4113 1094 nach Ischl herüber kommen, da ich schon am Sonntag
2765 1067 4179 1142 bend wieder nach Wien fahre, wäre es reizend von Ih-
2756 1131 4158 1189 nen auch schon Sonntag Vormittag nach Ischl zu sau¬
2756 1180 4045 1226 sen (wo ich die Adresse Pension Leopold habe).
2756 1201 4186 1278 Mit herzlichem Gruss und in der angenehmen Erwartung
2756 1264 3105 1348 Die zu sehen
3135 1305 3237 1366 Ihr
3275 1335 3529 1414 Arth.Sch.
