4467 3431
524 174 680 314 1 e)
1032 620 1134 718 85
1707 658 1821 740 114
535 664 938 773 A.S. an H.v.H.
1339 753 1730 838 7.6.1901.Wien.
535 822 1908 923 Mein lieber Hugo, Sie erinnern sich vielleicht die-
531 943 1964 1007 ser kleinen Kassette oder wie Sies nennen wollen, aus
540 1032 1981 1097 Salzburg. Ich möchte gern, dass Sie irgendwo in der Ro-
548 1096 1955 1190 dauner Villa einen Platz fänden sie hinzustellen und
539 1195 1990 1277 sich dabei manchmal jenes Salzburger Tags beim Swatek
544 1266 1917 1357 erinnern; und anderer Tage auch. Adieu also und auf
548 1368 2002 1438 ein schönes Wiedersehen, spätestens zu Anfang des Herb-
548 1458 1986 1538 stes. Grüssen Sie Gerty, ich brauche Ihnen Beiden nicht
548 1540 1817 1625 erst zu sagen, wie viel Glück ich Ihnen wünsche.
535 1632 1025 1730 Immer Ihr Arthur.
3963 178 4045 279 4
3199 163 3366 290 1. 11
2848 631 3472 749 A.S. an H.v.H. 86
4056 657 4175 740 115
3624 722 3923 829 Juni 1901.
2846 807 4217 903 Jüdischer Millionärssohn, auf den Geldsäcken seiner
2842 921 4270 1005 Ahnen herumprotzender Komödiendichter. Freimaurer und
2846 1007 4242 1081 Erniedriger des k.u.k.Hofburgtheaters, das hat Ihnen
2842 1083 4286 1166 noch gefehlt, dass Sie anonyme Schmähkarten an anstän-
2848 1172 4186 1250 dige, sich das Brot mühselig verdienende deutsche
2851 1262 4277 1346 Dichter senden, die zeitlebens gegen die Macht des Ka-
2840 1353 4228 1440 pitals,gegen die Ueberhebung der Grossen, gegen den
2844 1451 4217 1533 am Mark des Volkes zehrenden Adel und Militaris-
2837 1542 4235 1618 mus gekämpft haben! Aber ich werde mich nicht abhal-
2840 1620 4210 1710 ten lassen. Das nächste Jahr geht es nicht mehr ge-
2837 1721 4192 1796 gen die Infanterieleutenants, sondern gegen die Ka-
2837 1787 4217 1874 vallerieleutrants, insbesondere gegen die in der Re-
2833 1883 3045 1961 serve!-
2829 1964 4231 2064 Wie gehts Ihnen? Schade, dass wir in Innsbruck nur so
2833 2046 4259 2144 sneinander vorübergesaust und gesäuselt sind. Ich bin
2833 2146 4248 2227 jetzt in St.Anton, friere, und hoffe bald in den Süden
2833 2238 4239 2309 zu radeln. In Salzburg hab ich gearbeitet, jetzt weni-
2833 2320 4199 2400 ger. Lassen Sie recht bald von sich hören, aber mehr.
2839 2383 4262 2447 (An meine Wiener Adresse.) Die Schwestern grüssen Sie.
2828 2418 4264 2490 Ich grüsse Sie herzlich und bitte Sie auch Ihre Frau
2828 2459 3424 2527 zu grüssen. Ihr Arthur.
