4498 3432
534 751 1078 853 a.S. an Hofmannsthal
1394 831 1568 940 18912
532 926 1926 1015 Lieber Freund, halb drei ist eine schreckliche Stun-
539 993 1884 1062 de! Entweder ist man gleich nach dem Essen - oder
534 1033 1819 1096 noch vor, also faul oder hungrig. Ich bin dafür,
530 1085 1800 1147 dass wir um 12 oder 11 wegfahren, am besten auf
530 1120 1900 1185 den Kahlenberg, dort essen und um 7 herunterfahren.
535 1176 1879 1249 Wenn dies nicht möglich,so fahren wir besser erst
525 1223 1332 1294 nach 3 weg, glaub ich. Nicht?
877 1261 1165 1339 Herzlichst
1178 1285 1274 1385 Ihr
1280 1327 1414 1419 A.S.
2713 755 3131 868 A.S. an H.v.H.
3728 866 3895 964 1891?
2717 980 4140 1062 Lieber Hugo, beifolgende Briefe, erster von Fels, zwei-
2721 1049 4173 1127 ter von Frau Clara Schreiber, an die ich unsern Freund
2722 1104 4100 1158 empfohlen habe, die Gattin des Dr. Schreiber, Kurarzt
2713 1136 4167 1200 in Meran,-sind auch für Sie von Interesse. Ich bitte
2715 1185 4153 1251 sie, sich vielleicht an Bahr zu wenden, was Sie ja von
2717 1234 4142 1289 uns Dreien am leichtesten und besten können, und mich
2717 1281 4173 1332 so rasch als möglich von dem Ausfall Ihrer Bemühungen
2713 1327 4164 1378 zu unterrichten, sowie die beiden Briefe mir zurückzu-
2715 1358 2971 1421 schicken.
2713 1407 3585 1459 Ich bin mit herzlichen Grüssen
3075 1454 3200 1523 Ihr
3187 1463 3516 1559 Arth. Sch.
