4484 3432
1556 669 1656 743 17
413 695 806 804 A.S.an H.v.H.
958 741 1510 863 19 Wien, 6.8.1892.
430 837 1795 960 Mein lieber Lorie, vielen Dank für den übersandten
443 893 1806 987 Brief. Es stehn gescheidte Sachen drin. Es ist so-
441 941 1819 1058 gar möglich, dass xxxx die H.x (?) mit all ihrem
437 978 1841 1074 Tadel recht hat: gewiss aber hat sie manches zu lo-
446 1021 1841 1126 ben vergessen. Dass sie den "Sohn" so besonders gut
446 1082 1784 1173 findet, zeigt mir, dass sie ein wenig vom Berliner-
441 1112 1808 1223 Bölschetum beeinflusst ist. Ich habe den Eindruck,
448 1149 1838 1262 dass sie alles einzelne an mir versteht, wie das bei
450 1210 1821 1313 ihrer kritischen Begabung selbstverständlich - nur
448 1286 1134 1352 meine Atmosphäre nicht.-
452 1297 1882 1397 Das Anatol-Buch erscheint im Bibliogr. Bureau, Berlin. -
456 1349 1769 1436 Von Slumenthal hab ich Nachricht: 2.Quartal, d.h.
452 1378 1793 1484 Jänner-Märs 93 Etwas spät! Umso mehr als ich heut
452 1425 1828 1526 aus Prag die Mittheilung erhalte, dass das Stück im
450 1471 1875 1575 Oktober drankommen dürfte! Zugleich hat man mir meine
456 1521 1849 1625 Lustspielevon dort retourniert, da sie für eine Pro-
458 1589 1167 1667 vinzbühne zu gewagt seien.
502 1614 1793 1712 Schupp ist Sekretär des Pressausschusses für d.
454 1695 821 1767 C hicago U.A.-
508 1682 1814 1788 Von Theodor Herzl hab ich einen reizenden Brief
469 1790 1864 1884 Vielleicht sehen wir uns doch im Laufe dieses Som-
463 1790 747 1847 bekommen.—
459 1828 1891 1934 mers. Ich habe nämlich keine Einberufung zur Waffen-
467 1877 1897 1978 übung bekommen, und fahre vielleicht Ende August nach
478 1936 1484 2025 schl.- Wohin gehn Sie im September?-
521 1960 1869 2077 Ich kam die letzten Tage nicht zum Schreiben; die
467 1995 1891 2110 äusserliche Thätigkeit stört doch. Hoffentlich bald!
467 2060 1808 2175 - Sie kommen ja sicher mit den ganzen 5 Akten zu-
469 2143 1836 2254 Haben Sie Recht, von einem "herrschenden Novellen-
471 2153 704 2206 rück! -
472 2195 1845 2295 drama zu sprechen?- Berechtigung hat die Form ge-
474 2240 1804 2345 wiss - sobald nur ein bedeutender Mensch da ist.
471 2277 1852 2382 der daran Freude findet. Ueber den gewissen Funda-
471 2325 1797 2427 mentalsatz: “Das ist eben kein rechtes Drama, das
472 2367 1849 2479 nicht von der Bühne herab wirkt (oder gar "auf die
476 2401 1910 2516 Menge wirkt)“ hab ich mich immer geärgert. Eventuell
574 2519 882 2651 x Heyfeld?
3896 691 3975 787 18
2651 713 3031 828 A.S.an H.v.H.
3123 741 3331 854 (19
2655 823 4083 930 will ich mir, mir ganz allein was vorspielen lassen! -
2658 891 4003 978 Na, Sie wissen ja, Kulka hat ja das wichtigste über
2666 950 3397 1024 dieses Thema schon gesagt.-
2666 978 4088 1058 - Wann wird man sich Briefe phonographieren können? -
2666 1028 3955 1108 Die Zeit seh ich kommen, wo die Leute über unsre
2660 1067 3957 1173 mühselige Correspondenzerei lächeln und staunen
2662 1147 2860 1202 werden.
2656 1158 3900 1249 Auf dieser Seite steht nur mehr, dass ich Sie,
2666 1208 3762 1289 liebster Freund, aufs herzlichste grüsse!
2990 1263 3351 1338 Ganz der Ihre
3101 1308 3297 1367 Arthur,
2662 1343 3168 1434 Was macht Richard?
2673 1363 4059 1460 - Mit Schwarzkopf war ich einige Male auf dem Land.
2675 1406 4163 1506 Bahr ist verzweifelt;- er wurde einberufen und fahndet
2660 1482 3372 1580 nun nach einer Befreiung.
3212 1562 3401 1626 n.aase
