4501 3432
452 659 1028 814 A.S. an H.v.H. (43)
1535 690 1625 771 47
1057 811 1394 911 Wien, 2.9.96.
455 909 1713 978 Lieber Hugo, Ihren so gemeinschaftlichen Brief
462 959 1713 1025 habe ich in Berlin bekommen und hab mich sehr
464 1004 1728 1068 darüber gefreut. Sind Sie noch in Alt-Aussee?
462 1051 1782 1107 Jedenfalls sende ich Ihnen dahin meine herzlich-
457 1099 1761 1156 sten Grüsse und hoffe Sie bald in Wien zu sehen.
462 1140 1732 1187 Ich war in Berlin 4 Tage ; das bis zur Unkennt-
459 1180 1735 1244 lichkeit umgearbeitete Stück hab ich dem Brahm
455 1225 1653 1289 vorgelesen, der es, nicht ohne ausgesprochenes
459 1271 1675 1328 Vergnügenugleich angenommen hat. Er wollte es
448 1320 1682 1390 schon im September aufführen, wogegen ich mich
452 1358 1090 1413 wehre; wohl mit Erfolg. -
443 1392 1723 1468 Auch in München war ich 2 Tage und seit Samstag
452 1451 1666 1504 Früh bin ich wieder zuhause, wo ich eben einen
450 1494 1699 1554 der wildesten Schnupfen durchlebe. So kann ich
440 1535 1637 1590 nicht mit der nötigen Geistesfrische auf die
450 1577 1744 1627 Vierzeiler antworten, obwohl ich mehr als dreifa-
440 1620 1516 1684 chen Sinn darin erkannt zu haben glaube.
438 1644 1663 1727 Dass sich Ihre Hovelle nicht hören soll, belei
438 1711 1739 1768 digt mich - nur Richard soll das Vorrecht haben,
431 1758 1630 1823 Sachen zu lesen, die Sie für gelungen halten?
440 1794 1716 1870 Ich wollte, es käme mir einmal was von Ihnen vor
438 1847 1327 1904 Augen mit schönen jungen Fehlern!
440 1870 1658 1956 Wie kommen Sie plötzlich aufs Theaterspielen?
440 1930 1113 1994 Ich war ganz erschüttert!
431 1979 1722 2032 - Aber zusammensein werden wir hoffentlich oft -
431 2018 1659 2084 und ohne dass, was Sie "Halbwahres" nennen, was
435 2080 1135 2129 aber was ganz anderss ist,
438 2084 1715 2170 Wüsst ich nur ganz genau was! In Opsala hab ich
435 2158 1578 2230 drüber nachgedacht - wirklich in Opsala! -
775 2194 1232 2272 Herzliche Grüsse
885 2248 983 2318 Ihr
975 2299 1164 2408 Arthur.
916 2406 1104 2472 oc...
3786 626 3874 712 48
2625 656 3000 762 A.S.an H.v.H.
3091 699 3224 797 (44)
3495 731 3762 819 31.10.96.
2939 821 3938 923 Jugo ist das liebe Telegramm von dem
2789 821 2876 909 ebe:
2727 861 3738 952 Halbwahren aus Opsala " von Ihnen -?
2719 935 4042 1045 Wie immer; ich grüsse Sie herzlich. Den Thor und
2710 1002 4054 1121 Tod hat Brahm gestern durchgeflogen und will ihn
2712 1083 4097 1220 morgen lesen. Die Besetzung hab ich ihm schon mit-
2720 1213 2988 1320 geteilt.-
2717 1294 3940 1387 Heute war Generalprobe von Freiwild; Gerhart
2720 1352 3981 1452 Hauptmann und Georg Hirschfeld waren dabei, und
2722 1454 3993 1561 es hat offenbar auf sie gewirkt. Mit Hauptmann
2732 1549 4014 1675 bin ich schon ein paar Mal zusammen gewesen; er
2729 1630 4078 1753 ist mir ausserordentlich sympathisch; schon seine
2731 1722 3959 1841 Art zu schauen hat mich für ihn eingenommen.-
2732 1834 3545 1948 Grüssen Sie Richard vielmals!
3089 1935 3200 2006 Ihr
3203 2018 3403 2092 Arthur.
2738 2091 3372 2218 Wie gehts der Hovelle?
3236 2192 3409 2267 ======
