<?xml version="1.0" encoding="UTF-8" standalone="yes"?>
<PcGts xmlns="http://schema.primaresearch.org/PAGE/gts/pagecontent/2013-07-15" xmlns:xsi="http://www.w3.org/2001/XMLSchema-instance" xsi:schemaLocation="http://schema.primaresearch.org/PAGE/gts/pagecontent/2013-07-15 http://schema.primaresearch.org/PAGE/gts/pagecontent/2013-07-15/pagecontent.xsd">
    <Metadata>
        <Creator>prov=READ-COOP:name=TrHtr:version=2.1.0:model_id=51170:date=25_07_2023_05:13</Creator>
        <Created>2023-05-01T21:56:44.632+02:00</Created>
        <LastChange>2023-07-25T05:13:01.779+02:00</LastChange>
        <TranskribusMetadata docId="1416436" pageId="54946539" pageNr="98" tsid="130585629" status="IN_PROGRESS" userId="64420" imgUrl="https://files.transkribus.eu/Get?id=WFOZKBDIUCYFDFSCYOVJYACO&amp;fileType=view" xmlUrl="https://files.transkribus.eu/Get?id=HCTNETTBGCBBOWUQAEOCGKZY" imageId="44450624"/>
    </Metadata>
    <Page imageFilename="1416436_0098.jpg" imageWidth="4480" imageHeight="3466">
        <ReadingOrder>
            <OrderedGroup id="ro_1711831616879" caption="Regions reading order">
                <RegionRefIndexed index="0" regionRef="tr_1"/>
                <RegionRefIndexed index="1" regionRef="tr_2"/>
            </OrderedGroup>
        </ReadingOrder>
        <TextRegion id="tr_1" custom="readingOrder {index:0;}">
            <Coords points="310,648 1928,648 1928,2547 310,2547"/>
            <TextLine id="tr_1_tl_1" custom="readingOrder {index:0;}">
                <Coords points="1569,718 1604,728 1616,726 1622,732 1657,718 1665,724 1694,728 1696,653 1671,661 1649,651 1630,663 1610,657 1600,663 1590,661 1581,649 1571,649"/>
                <Baseline points="1579,701 1609,701 1653,698 1698,698"/>
                <TextEquiv>
                    <Unicode>188</Unicode>
                </TextEquiv>
            </TextLine>
            <TextLine id="tr_1_tl_2" custom="readingOrder {index:1;}">
                <Coords points="1154,726 1166,724 1176,732 1191,730 1217,747 1234,747 1238,751 1256,741 1268,743 1262,659 1242,663 1223,655 1197,665 1185,657 1184,661 1164,659 1150,665"/>
                <Baseline points="1164,716 1209,719 1253,722 1271,722"/>
                <TextEquiv>
                    <Unicode>122</Unicode>
                </TextEquiv>
            </TextLine>
            <TextLine id="tr_1_tl_3" custom="readingOrder {index:2;}">
                <Coords points="299,788 358,779 401,790 442,757 473,773 694,759 710,755 714,689 630,710 618,698 577,716 563,704 520,706 436,732 387,706 358,718 301,710"/>
                <Baseline points="310,761 313,758 358,761 403,761 447,758 492,755 537,755 582,752 626,749 671,749 716,746"/>
                <TextEquiv>
                    <Unicode>A.S. an H.v.H.</Unicode>
                </TextEquiv>
            </TextLine>
            <TextLine id="tr_1_tl_4" custom="readingOrder {index:3;}">
                <Coords points="990,782 1004,781 1011,773 1027,773 1051,784 1074,779 1103,790 1115,779 1125,779 1129,696 1103,698 1088,706 1070,698 1066,702 1052,696 1045,702 1035,698 1017,704 1006,716 994,714"/>
                <Baseline points="1003,764 1041,767 1086,764 1131,761"/>
                <TextEquiv>
                    <Unicode>le</Unicode>
                </TextEquiv>
            </TextLine>
            <TextLine id="tr_1_tl_5" custom="readingOrder {index:4;}">
                <Coords points="307,884 1602,802 1800,843 1804,745 929,800 311,779"/>
                <Baseline points="319,847 328,850 373,850 417,850 462,847 507,844 552,841 597,838 641,838 686,835 731,832 776,829 820,829 865,826 910,826 955,820 1000,817 1044,817 1089,817 1134,815 1179,812 1223,809 1268,806 1313,803 1358,800 1403,800 1447,800 1492,797 1537,794 1582,791 1627,791 1671,791 1716,788 1761,785 1806,785"/>
                <TextEquiv>
                    <Unicode>anfing; – und als ich es endlich, nach etwa zehnstündiger</Unicode>
                </TextEquiv>
            </TextLine>
            <TextLine id="tr_1_tl_6" custom="readingOrder {index:5;}">
                <Coords points="311,949 1692,925 1770,912 1774,831 1021,872 642,843 462,906 313,898"/>
                <Baseline points="322,937 343,937 388,937 432,934 477,931 522,928 567,925 611,925 656,922 701,922 746,919 791,919 835,916 880,916 925,910 970,910 1015,907 1059,904 1104,904 1149,901 1194,895 1238,895 1283,895 1328,892 1373,889 1418,889 1462,886 1507,886 1552,883 1597,880 1641,877 1686,874 1731,874 1776,877"/>
                <TextEquiv>
                    <Unicode>Wanderung erreichte.-gab es kein Bett im ganzen Ort,</Unicode>
                </TextEquiv>
            </TextLine>
            <TextLine id="tr_1_tl_7" custom="readingOrder {index:6;}">
                <Coords points="309,1043 1841,1015 1847,892 1450,951 786,941 704,978 499,941 311,1000"/>
                <Baseline points="322,1026 325,1026 370,1026 414,1023 459,1023 504,1020 549,1018 594,1018 638,1015 683,1012 728,1009 773,1006 817,1006 862,1003 907,1003 952,997 997,997 1041,994 1086,991 1131,991 1176,988 1221,985 1265,982 1310,982 1355,979 1400,979 1444,976 1489,973 1534,973 1579,970 1624,970 1668,967 1713,964 1758,961 1803,958 1847,958"/>
                <TextEquiv>
                    <Unicode>so dass ich gleich wieder hinunter fahren musste - (was</Unicode>
                </TextEquiv>
            </TextLine>
            <TextLine id="tr_1_tl_8" custom="readingOrder {index:7;}">
                <Coords points="319,1146 1152,1086 1375,1129 1788,1113 1792,1006 323,1068"/>
                <Baseline points="331,1119 361,1116 406,1116 450,1113 495,1110 540,1107 585,1104 629,1104 674,1101 719,1098 764,1095 809,1095 853,1092 898,1089 943,1089 988,1086 1032,1083 1077,1080 1122,1077 1167,1077 1212,1074 1256,1071 1301,1071 1346,1068 1391,1068 1435,1068 1480,1065 1525,1062 1570,1062 1615,1056 1659,1056 1704,1053 1749,1053 1794,1050"/>
                <TextEquiv>
                    <Unicode>in jüngeren Jahren gewiss symbolisch empfunden worden</Unicode>
                </TextEquiv>
            </TextLine>
            <TextLine id="tr_1_tl_9" custom="readingOrder {index:8;}">
                <Coords points="319,1238 340,1236 391,1211 415,1215 434,1209 458,1221 479,1209 493,1223 507,1225 511,1125 487,1121 450,1137 428,1129 401,1152 387,1146 364,1168 321,1176"/>
                <Baseline points="331,1203 334,1203 379,1203 423,1203 468,1200 513,1200"/>
                <TextEquiv>
                    <Unicode>wäre.)</Unicode>
                </TextEquiv>
            </TextLine>
            <TextLine id="tr_1_tl_10" custom="readingOrder {index:9;}">
                <Coords points="329,1311 1727,1252 1798,1240 1800,1191 331,1234"/>
                <Baseline points="340,1292 367,1292 411,1292 456,1289 501,1283 546,1283 591,1280 635,1280 680,1280 725,1277 770,1274 815,1271 859,1268 904,1265 949,1265 994,1259 1038,1259 1083,1259 1128,1256 1173,1253 1218,1253 1262,1250 1307,1247 1352,1244 1397,1244 1441,1241 1486,1241 1531,1238 1576,1238 1621,1238 1665,1235 1710,1229 1755,1229 1800,1223"/>
                <TextEquiv>
                    <Unicode>Ich hoffe wir reisen heuer doch noch einmal weg, gegen</Unicode>
                </TextEquiv>
            </TextLine>
            <TextLine id="tr_1_tl_11" custom="readingOrder {index:10;}">
                <Coords points="327,1407 1806,1334 1829,1266 331,1332"/>
                <Baseline points="340,1376 352,1379 397,1379 441,1376 486,1376 531,1373 576,1373 620,1370 665,1364 710,1364 755,1364 800,1361 844,1358 889,1355 934,1355 979,1352 1023,1349 1068,1346 1113,1346 1158,1343 1203,1340 1247,1340 1292,1337 1337,1334 1382,1334 1427,1331 1471,1331 1516,1328 1561,1325 1606,1325 1650,1322 1695,1319 1740,1319 1785,1313 1830,1313"/>
                <TextEquiv>
                    <Unicode>Ende August, -St. Gilgen vielleicht, oder Ischl, aber kaum</Unicode>
                </TextEquiv>
            </TextLine>
            <TextLine id="tr_1_tl_12" custom="readingOrder {index:11;}">
                <Coords points="333,1473 1786,1410 1900,1463 1905,1326 1718,1379 335,1430"/>
                <Baseline points="343,1468 385,1468 429,1468 474,1465 519,1465 564,1462 609,1462 653,1456 698,1453 743,1453 788,1450 832,1450 877,1447 922,1444 967,1441 1012,1438 1056,1435 1101,1435 1146,1432 1191,1429 1235,1429 1280,1427 1325,1424 1370,1424 1415,1421 1459,1421 1504,1418 1549,1415 1594,1415 1638,1412 1683,1409 1728,1409 1773,1406 1818,1406 1862,1403 1907,1397"/>
                <TextEquiv>
                    <Unicode>auf lang, da die Medardus-Proben sehr früh beginnen dürfl-</Unicode>
                </TextEquiv>
            </TextLine>
            <TextLine id="tr_1_tl_13" custom="readingOrder {index:12;}">
                <Coords points="338,1588 1837,1518 1884,1457 561,1485 470,1530 342,1498"/>
                <Baseline points="352,1555 364,1555 408,1558 453,1555 498,1555 543,1552 588,1549 632,1546 677,1546 722,1540 767,1540 812,1540 856,1537 901,1537 946,1534 991,1531 1035,1531 1080,1528 1125,1525 1170,1522 1215,1522 1259,1516 1304,1516 1349,1513 1394,1513 1438,1510 1483,1507 1528,1507 1573,1504 1618,1504 1662,1498 1707,1498 1752,1495 1797,1492 1841,1492 1886,1486"/>
                <TextEquiv>
                    <Unicode>ten. Es wäre wirklich schön, wieder einmal ein paar Som-</Unicode>
                </TextEquiv>
            </TextLine>
            <TextLine id="tr_1_tl_14" custom="readingOrder {index:13;}">
                <Coords points="338,1667 1843,1604 1845,1549 342,1588"/>
                <Baseline points="352,1647 370,1647 414,1644 459,1644 504,1641 549,1641 594,1638 638,1635 683,1632 728,1630 773,1630 817,1627 862,1624 907,1624 952,1621 997,1618 1041,1618 1086,1615 1131,1615 1176,1615 1221,1609 1265,1609 1310,1603 1355,1603 1400,1600 1444,1600 1489,1597 1534,1594 1579,1594 1624,1591 1668,1591 1713,1588 1758,1585 1803,1582 1847,1582"/>
                <TextEquiv>
                    <Unicode>mertage miteinander zu verleben; aber dass man sich in</Unicode>
                </TextEquiv>
            </TextLine>
            <TextLine id="tr_1_tl_15" custom="readingOrder {index:14;}">
                <Coords points="346,1761 1886,1708 1892,1598 350,1694"/>
                <Baseline points="358,1734 370,1734 414,1734 459,1734 504,1731 549,1728 594,1725 638,1725 683,1722 728,1722 773,1719 817,1716 862,1713 907,1713 952,1710 997,1707 1041,1707 1086,1704 1131,1704 1176,1701 1221,1698 1265,1695 1310,1695 1355,1692 1400,1689 1444,1689 1489,1686 1534,1683 1579,1680 1624,1680 1668,1680 1713,1677 1758,1674 1803,1671 1847,1668 1892,1662"/>
                <TextEquiv>
                    <Unicode>Wien so selten, ja nahezu schon gar nicht sieht, ist wahr-</Unicode>
                </TextEquiv>
            </TextLine>
            <TextLine id="tr_1_tl_16" custom="readingOrder {index:15;}">
                <Coords points="354,1833 1921,1792 1925,1708 356,1774"/>
                <Baseline points="364,1824 406,1824 450,1821 495,1821 540,1818 585,1815 629,1812 674,1812 719,1812 764,1809 809,1806 853,1803 898,1797 943,1797 988,1797 1032,1797 1077,1794 1122,1791 1167,1788 1212,1788 1256,1788 1301,1782 1346,1782 1391,1779 1435,1776 1480,1776 1525,1773 1570,1770 1615,1770 1659,1767 1704,1764 1749,1761 1794,1761 1838,1758 1883,1758 1928,1758"/>
                <TextEquiv>
                    <Unicode>haftig nicht meine Schuld allein. Erstens reisen Sie viel</Unicode>
                </TextEquiv>
            </TextLine>
            <TextLine id="tr_1_tl_17" custom="readingOrder {index:16;}">
                <Coords points="352,1933 1827,1884 1851,1810 356,1868"/>
                <Baseline points="364,1913 376,1913 420,1913 465,1910 510,1907 555,1904 600,1901 644,1901 689,1901 734,1898 779,1895 823,1895 868,1889 913,1886 958,1886 1003,1886 1047,1883 1092,1883 1137,1883 1182,1880 1226,1877 1271,1877 1316,1874 1361,1871 1406,1868 1450,1865 1495,1865 1540,1862 1585,1859 1630,1859 1674,1856 1719,1856 1764,1853 1809,1850 1853,1844"/>
                <TextEquiv>
                    <Unicode>zu viel - und wenn Sie von Rodaun nach Wien kommen, er-</Unicode>
                </TextEquiv>
            </TextLine>
            <TextLine id="tr_1_tl_18" custom="readingOrder {index:17;}">
                <Coords points="356,2021 1608,1990 1770,1966 1772,1905 358,1960"/>
                <Baseline points="367,2003 388,2003 432,2000 477,1997 522,1997 567,1994 611,1994 656,1991 701,1991 746,1988 791,1988 835,1985 880,1982 925,1982 970,1979 1015,1976 1059,1976 1104,1973 1149,1973 1194,1970 1238,1967 1283,1967 1328,1964 1373,1961 1418,1958 1462,1958 1507,1955 1552,1955 1597,1952 1641,1949 1686,1949 1731,1949 1776,1949"/>
                <TextEquiv>
                    <Unicode>fährt man es doch meistens nur ganz zufällig</Unicode>
                </TextEquiv>
            </TextLine>
            <TextLine id="tr_1_tl_19" custom="readingOrder {index:18;}">
                <Coords points="362,2107 1712,2040 1900,2083 1903,1970 1753,2011 364,2048"/>
                <Baseline points="373,2092 385,2092 429,2092 474,2092 519,2089 564,2086 609,2083 653,2083 698,2080 743,2080 788,2077 832,2074 877,2071 922,2071 967,2068 1012,2068 1056,2065 1101,2062 1146,2062 1191,2059 1235,2059 1280,2056 1325,2056 1370,2053 1415,2050 1459,2050 1504,2047 1549,2044 1594,2044 1638,2041 1683,2038 1728,2038 1773,2036 1818,2036 1862,2033 1907,2030"/>
                <TextEquiv>
                    <Unicode>oder gar nicht. Entschliessen Sie sich doch wieder öfter</Unicode>
                </TextEquiv>
            </TextLine>
            <TextLine id="tr_1_tl_20" custom="readingOrder {index:19;}">
                <Coords points="366,2195 1530,2175 1831,2134 1833,2078 368,2128"/>
                <Baseline points="376,2176 403,2179 447,2179 492,2176 537,2176 582,2176 626,2173 671,2170 716,2170 761,2167 806,2167 850,2164 895,2161 940,2158 985,2158 1029,2155 1074,2152 1119,2152 1164,2152 1209,2149 1253,2146 1298,2146 1343,2143 1388,2143 1432,2140 1477,2140 1522,2137 1567,2134 1612,2131 1656,2131 1701,2128 1746,2125 1791,2125 1835,2119"/>
                <TextEquiv>
                    <Unicode>telegraphisch oder sonstwie sich anzusagen oder anzu-</Unicode>
                </TextEquiv>
            </TextLine>
            <TextLine id="tr_1_tl_21" custom="readingOrder {index:20;}">
                <Coords points="366,2277 655,2303 1628,2224 1864,2263 1884,2187 368,2222"/>
                <Baseline points="376,2268 408,2271 453,2268 498,2265 543,2265 588,2262 632,2259 677,2259 722,2259 767,2256 812,2253 856,2253 901,2250 946,2250 991,2247 1035,2244 1080,2242 1125,2242 1170,2239 1215,2239 1259,2236 1304,2236 1349,2233 1394,2233 1438,2230 1483,2230 1528,2227 1573,2224 1618,2224 1662,2221 1707,2221 1752,2218 1797,2218 1841,2212 1886,2209"/>
                <TextEquiv>
                    <Unicode>fragen - dann sollen Sie mich kennen lernen! Eine hi-</Unicode>
                </TextEquiv>
            </TextLine>
            <TextLine id="tr_1_tl_22" custom="readingOrder {index:21;}">
                <Coords points="366,2373 1178,2375 1821,2326 1839,2273 368,2314"/>
                <Baseline points="376,2355 411,2358 456,2358 501,2355 546,2352 591,2352 635,2349 680,2346 725,2346 770,2343 815,2343 859,2340 904,2340 949,2337 994,2334 1038,2331 1083,2334 1128,2331 1173,2328 1218,2325 1262,2322 1307,2322 1352,2319 1397,2319 1441,2319 1486,2316 1531,2313 1576,2313 1621,2310 1665,2310 1710,2307 1755,2304 1800,2301 1844,2298"/>
                <TextEquiv>
                    <Unicode>storische Berichtigung: Welsberg ist nicht 4,sondern</Unicode>
                </TextEquiv>
            </TextLine>
            <TextLine id="tr_1_tl_23" custom="readingOrder {index:22;}">
                <Coords points="364,2465 1350,2416 1614,2445 1837,2412 1839,2355 368,2396"/>
                <Baseline points="376,2447 411,2447 456,2445 501,2445 546,2442 591,2442 635,2439 680,2436 725,2433 770,2433 815,2430 859,2430 904,2427 949,2427 994,2424 1038,2421 1083,2421 1128,2418 1173,2415 1218,2415 1262,2415 1307,2412 1352,2409 1397,2409 1441,2406 1486,2403 1531,2400 1576,2400 1621,2397 1665,2397 1710,2394 1755,2391 1800,2388 1844,2382"/>
                <TextEquiv>
                    <Unicode>3 Jahre her - auch lang genug! Haben Sie meine Karte</Unicode>
                </TextEquiv>
            </TextLine>
            <TextLine id="tr_1_tl_24" custom="readingOrder {index:23;}">
                <Coords points="374,2543 1002,2565 1236,2510 1821,2510 1825,2447 376,2473"/>
                <Baseline points="385,2537 394,2537 438,2537 483,2537 528,2534 573,2534 617,2531 662,2528 707,2525 752,2525 797,2522 841,2522 886,2519 931,2516 976,2516 1020,2513 1065,2513 1110,2510 1155,2507 1200,2507 1244,2504 1289,2501 1334,2501 1379,2501 1424,2495 1468,2492 1513,2492 1558,2489 1603,2489 1647,2486 1692,2486 1737,2483 1782,2480 1827,2477"/>
                <TextEquiv>
                    <Unicode>aus Glion bekommen-was 12 Jahre her ist! - Man kann</Unicode>
                </TextEquiv>
            </TextLine>
        </TextRegion>
        <TextRegion id="tr_2" custom="readingOrder {index:1;}">
            <Coords points="2668,765 4069,765 4069,1374 2668,1374"/>
            <TextLine id="tr_2_tl_1" custom="readingOrder {index:0;}">
                <Coords points="2657,831 2676,824 2795,853 2833,829 2874,845 2899,831 2999,851 3065,833 3063,765 3005,757 2966,773 2930,753 2915,767 2858,773 2803,749 2768,751 2743,769 2680,755 2655,763"/>
                <Baseline points="2668,815 2713,817 2758,817 2803,820 2848,820 2892,820 2937,820 2982,820 3027,820 3071,823"/>
                <TextEquiv>
                    <Unicode>A.S. an H.v.H.</Unicode>
                </TextEquiv>
            </TextLine>
            <TextLine id="tr_2_tl_2" custom="readingOrder {index:1;}">
                <Coords points="3932,822 3942,822 3981,849 3997,841 4002,847 4034,841 4036,706 4018,712 3995,706 3957,726 3934,722"/>
                <Baseline points="3943,823 3988,826 4033,823 4039,823"/>
                <TextEquiv>
                    <Unicode>189</Unicode>
                </TextEquiv>
            </TextLine>
            <TextLine id="tr_2_tl_3" custom="readingOrder {index:2;}">
                <Coords points="3275,849 3314,853 3324,861 3369,861 3386,871 3433,865 3429,763 3398,769 3373,794 3359,794 3351,786 3314,788 3283,761 3273,761"/>
                <Baseline points="3286,832 3331,838 3376,838 3421,838 3436,841"/>
                <TextEquiv>
                    <Unicode>122)</Unicode>
                </TextEquiv>
            </TextLine>
            <TextLine id="tr_2_tl_4" custom="readingOrder {index:3;}">
                <Coords points="2662,961 2954,929 3062,964 3212,914 4020,939 3999,874 3879,859 3439,884 3073,827 2662,863"/>
                <Baseline points="2674,907 2719,907 2764,907 2809,907 2854,907 2898,907 2943,907 2988,907 3033,907 3077,910 3122,907 3167,910 3212,910 3257,910 3301,910 3346,910 3391,910 3436,913 3480,913 3525,913 3570,913 3615,913 3660,913 3704,913 3749,916 3794,913 3839,913 3883,913 3928,913 3973,913 4018,913 4024,913"/>
                <TextEquiv>
                    <Unicode>den Feuilletonisten nicht Unrecht geben: die Zeit</Unicode>
                </TextEquiv>
            </TextLine>
            <TextLine id="tr_2_tl_5" custom="readingOrder {index:4;}">
                <Coords points="2660,1006 3120,1058 3670,1011 4067,1031 4036,951 2660,959"/>
                <Baseline points="2671,991 2716,997 2761,997 2806,997 2851,997 2895,997 2940,997 2985,997 3030,1000 3074,1000 3119,1000 3164,1000 3209,1000 3254,1000 3298,1000 3343,1000 3388,1000 3433,1003 3477,1000 3522,1003 3567,1003 3612,1003 3657,1003 3701,1006 3746,1003 3791,1003 3836,1003 3880,1006 3925,1006 3970,1006 4015,1006 4060,1006 4069,1003"/>
                <TextEquiv>
                    <Unicode>verrinnt. Senönen Dank für die gemeinsame Karte mit</Unicode>
                </TextEquiv>
            </TextLine>
            <TextLine id="tr_2_tl_6" custom="readingOrder {index:5;}">
                <Coords points="2657,1090 2782,1135 2958,1090 3099,1137 3995,1123 3993,1047 2655,1054"/>
                <Baseline points="2668,1080 2713,1080 2758,1083 2803,1083 2848,1086 2892,1086 2937,1089 2982,1086 3027,1086 3071,1089 3116,1089 3161,1089 3206,1089 3251,1089 3295,1089 3340,1092 3385,1092 3430,1092 3474,1092 3519,1095 3564,1095 3609,1095 3654,1095 3698,1095 3743,1098 3788,1098 3833,1098 3877,1098 3922,1098 3967,1098 3997,1098"/>
                <TextEquiv>
                    <Unicode>Friedmanns und Grüsse auch an diese, sowie an Sie</Unicode>
                </TextEquiv>
            </TextLine>
            <TextLine id="tr_2_tl_7" custom="readingOrder {index:6;}">
                <Coords points="2657,1223 2713,1240 2819,1217 2866,1236 2938,1209 3095,1248 3153,1219 3353,1203 3351,1131 2991,1148 2747,1129 2655,1154"/>
                <Baseline points="2668,1173 2713,1173 2758,1173 2803,1173 2848,1173 2892,1173 2937,1176 2982,1176 3027,1179 3071,1176 3116,1179 3161,1176 3206,1179 3251,1179 3295,1179 3340,1182 3358,1182"/>
                <TextEquiv>
                    <Unicode>und Gerty von uns Beiden.</Unicode>
                </TextEquiv>
            </TextLine>
            <TextLine id="tr_2_tl_8" custom="readingOrder {index:7;}">
                <Coords points="3140,1307 3189,1295 3232,1324 3281,1309 3445,1313 3443,1221 3402,1232 3341,1223 3331,1234 3273,1219 3206,1229 3138,1223"/>
                <Baseline points="3149,1265 3194,1265 3239,1268 3283,1271 3328,1268 3373,1268 3418,1268 3448,1271"/>
                <TextEquiv>
                    <Unicode>Herzlichst</Unicode>
                </TextEquiv>
            </TextLine>
            <TextLine id="tr_2_tl_9" custom="readingOrder {index:8;}">
                <Coords points="3443,1403 3463,1403 3482,1420 3494,1420 3502,1426 3508,1426 3515,1416 3549,1408 3545,1326 3521,1328 3506,1319 3500,1322 3482,1307 3476,1309 3463,1299 3439,1299"/>
                <Baseline points="3451,1358 3495,1361 3540,1361 3549,1364"/>
                <TextEquiv>
                    <Unicode>Ihr</Unicode>
                </TextEquiv>
            </TextLine>
        </TextRegion>
    </Page>
</PcGts>
