4493 3432
910 647 1006 745 63
404 679 814 772 A.S. an H.v.H.
1055 759 1559 848 Samstag, August 98.
1341 823 1481 880 Wien.
419 864 1697 951 Lieber Hugo, morgen Früh will ich auf den Semme-
417 947 1713 1055 ring fahren, dann per Rad zu Richard, wo ich wohl
426 1038 1747 1123 Dienstag sein werde. Wahrscheinlich fahr ich al
417 1128 1765 1219 lein; Kramer scheint unverlässlich. Dass Sie Kerr
422 1224 1737 1302 nicht kennen gelernt haben, ist schade; im Anfang
422 1320 1713 1407 befangen und etwas unsicher findet er sich bald
426 1403 1768 1522 bei einigem Entgegenkommen und wirkt durch seinen
431 1495 1761 1602 Verstand, seine Sympathie und mannigfache günsti-
424 1584 1330 1689 ge Intentionen höchst erfreulich.
427 1667 1846 1791 Es geht mir mit der Stimmung um etwas besser; es ist
431 1779 1846 1894 doch sehr sonderbar, wie auch ihrem Wesen nach unver-
426 1857 1832 1972 änderliche seelische Lasten an Schwere gewinnen und
431 1940 1834 2052 verlieren können. - Ich möchte auch in Kärnten xxx
431 2043 1859 2144 ein mischen arbeiten. Sie können mir jedenfalls nach
426 2134 1832 2233 Steindorf zu R. schreiben; obzwar ich nicht glaube,
431 2230 1018 2336 daes ich dort bleibe.
435 2301 1708 2412 Brahm läset Sie vielmals grüssen; er hofft Sie
440 2391 1779 2496 werden noch oft Gelegenheit haben sich am Dtsch.
445 2478 1517 2588 Theater wohl zu fühlen.Herzl.Grüsse Ihr
3258 690 3390 795 64
2744 750 3173 857 A.S. an H.v.H.
3425 812 3904 917 Tegernsee 5.8.98.
2740 938 4030 1009 Mein lieber Hugo, die Radtour, die wir vor haben,
2753 1013 4108 1091 ist (ungefähr) Basel-Biel bis hinunter zum Genfer-
2744 1132 4003 1196 see. Ob wir nur am Genfersee bleiben oder dann
2753 1222 3986 1288 bis ins Italienische hinüberfahren, können wir
2740 1307 4083 1410 uns an Ort und Stelle überlegen. Jedenfalls steht
2739 1391 4113 1478 die Sache heute so, dass ich nicht nur bis zum 20.Z
2739 1469 4069 1568 Zeit habe, sondern bis Ende August mit Ihnen blei-
2744 1586 4055 1655 ben kann und auch Lust habe mich an irgend einen
2739 1666 4138 1733 See zu setzen. Dazu ist ja auch Richard vielleicht
2739 1744 3695 1845 zu haben, es könnte sehr schön sein.
2739 1845 4104 1955 Nun zu den Modalitäten unserer Bege nung. Ich bin
2732 1951 4044 2050 am 12. in München (aus verschiedenen Gründen muss
2732 2036 4057 2139 ich nach München, und kann nicht nach Innsbruck
2726 2123 3939 2224 und schlage Ihnen daher vor: treffen wir uns
2735 2219 4010 2292 entweder am 12. in München oder, was Ihnen wahr-
2726 2302 3957 2396 scheinlich bequemer sein wird, am 13. in Basel.
2739 2393 3952 2466 (Sie führen dann direkt Wien-Innsbruck-Basel,
2714 2476 3911 2579 München ist ein kleiner Umweg für Sie). Ich
