4493 3432
1716 711 1801 785 75
554 744 952 837 A.S. an H.v.H.
1094 729 1179 831 160
524 807 1277 913 Herrn Hugo von Hofmannsthal
581 840 1907 950 k. u. Leutenant i.d. R. des k.u.k. VIII.Ohlanenre-
578 929 1579 1016 giments Czortkov,Galizien.
1611 998 1851 1105 20.7.98.
1113 1092 1224 1161 60a
426 1113 644 1187 Ansicht-
544 1133 1668 1233 (Karte: Gruss aus der Liechtensteinklamm)
1322 1189 1485 1246 Nachm.
561 1222 1881 1307 Schöne Radtour: gestern Steinach bis Schladming;
561 1305 1907 1413 Heute Vormittag Schladming bis zur Liechtenstein-
565 1405 1803 1498 klamm; heut abends werd ich wohl in der Fuse
574 1505 1074 1603 Ihre Eytern sehen.
833 1581 1601 1681 Seien Sie herzlich gegrüsst
1574 1657 1685 1783 Ihr
1651 1744 1818 1851 Arth.
1124 1853 1218 1951 --
2734 191 2903 298 "   "
3976 703 4063 803 76
2710 739 3119 824 A.S. an H.v.H.
3277 705 3393 870 (61)
3440 818 4012 913 Bad Gastein,23.7.98.
2710 929 4193 1014 Mein lieber Hugo, ich riskier noch ein paar Zeilen nach
2719 1031 4176 1100 Czortkow - Sie wissen schon, dass ich bei Ihren Eltern
2712 1109 4123 1196 war, die von viel Herzlichkeit gegen mich waren. Ich
2714 1213 4054 1311 hab mich sehr gefreut. Die Sp(eyer) Mädeln haben
2725 1309 4069 1413 mich herumgeführt und mir die Stät en gezeigt, wo
2719 1392 4038 1474 Sie gedeihtet haben - es war nur wenig Zeit, die
2723 1492 4084 1555 Weilgunische Taole d'hote drohte - und so kam eine
2719 1577 4110 1666 rührende Hast über die Geschöpfe. Es ist was Hüb-
2718 1657 4141 1748 sches um diese kleinen Unsterblichkeiten - über die
2718 1762 4104 1873 grossen werden wir nicht so gemütlich plaudern kön-
2714 1849 3788 1959 nen; fürcht ich; es wird zu spät sein.-
2714 1948 4110 2016 Herrliches Wetter hab ich überall; hier ganz beson-
2718 2040 4128 2133 ders. Montag fahr ich nach Salzburg. Warten Sie je-
2714 2151 4193 2220 denfalls eine neue Nachricht ab, bevor Sie mir schrei-
2719 2229 4023 2288 ben. Auf Richard scheints werden wir verzichten
2708 2299 4086 2410 müssen - doch Sie allein werden ihn später haben,
2714 2405 3967 2464 geht aus einem eiligen Brief von ihm hervor.-
2714 2483 4021 2586 gearbeitet hab ich nichts; doch ist trotz allem,
