4495 3432
1784 787 1911 890 134
697 823 1117 933 A.S. an H.v.H.
1199 806 1315 937 96
697 909 1952 1064 in der Zeit, in der man sich nicht gesehen hat-
697 1017 2012 1134 Sizilien und Holland- was mir beinahe noch wich-
699 1126 1960 1235 tiger scheint als der kleine Kraus der Sie zu
697 1227 1913 1343 früh und der grosse Graus, der Sie zu spät ge-
697 1282 1004 1379 packt hat.-
690 1347 1608 1520 Auf Wiedersehen. Antwort erbeten.
697 1471 987 1596 Herzlichst
1059 1550 1254 1664 Ihr A.
4014 736 4133 824 135
2777 718 3414 856 A.S.an H.v.H. 97
3564 813 3862 898 27.6.1904.
2783 883 4289 997 Mein lieber Hugo, es ist nun doch endlich eine entschie-
2798 999 4180 1085 dene mässige Gelbsucht geworden, ich liege meisten-
2798 1074 4235 1175 teils und dass wir diese Woche nach Rodaun hinauskom-
2792 1147 4182 1267 men können, ist leider ein Ding der Unmöglichkeit.
2798 1252 4223 1343 Hoffentlich gegen Ende der nächsten. Sie hören natür-
2788 1332 3725 1447 lich noch von mir. Grüss Sie Gott.
3326 1424 3521 1548 Ihr A.
