4476 3432
265 611 877 773 A.S. an H.v.H. 7
1430 633 1522 719 88
1300 719 1400 798 99?
271 792 1615 893 Mein lieber Hugo, Sie sehen, ich kann nicht kommen,
274 914 893 1000 auch nicht ins Café...
271 1004 758 1095 Alles Gute Ihnen!
274 1083 1522 1190 Ich werde möglicherweise Richard spät Nachts
272 1192 1045 1301 im Café telefonisch anrufen.
891 1287 1185 1395 Ihr treuer
1072 1375 1291 1481 Arthur.
783 1509 921 1592 n
3682 629 3770 719 89
2529 644 2931 746 A.S. an H.v.H.
3001 638 3106 808 72
3391 715 3641 817 22.3.99.
2520 801 3856 923 Mein lieber Hugo! ich danke Ihnen sehr, dass Sie
2529 903 3829 995 noch einmal bei mir waren. Was soll ich Ihnen
2535 1002 3915 1097 heute weiter sagen. Ein Tag ist schrecklicher als
2535 1104 3931 1190 der andere; es ist viel grauenvoller und hoffnungs-
2533 1199 3823 1291 loser als irgend ein Wort darüber. Ich habe das
2542 1296 3827 1393 Gefühl, fertig zu sein; Zeichen genug werden mir
2535 1387 3814 1479 gesandt! Vom Morgen aus der Ausblick ins Leere,
2533 1482 3848 1577 Leere - die Erinnerungen an ihr Leben voll Pein,
2533 1568 3961 1663 an ihren Tod von einer grenzenlosen Entsetzlichkeit.
2533 1663 3958 1766 die letzten Blicke, die letztens Worte unvergesslich-
2535 1771 3970 1880 die letzte Angst auf immer alles zerstörend, was noch
2533 1861 3970 1974 kommen könnte. Eine ungeheure Gleichgültigkeit gegen
2535 1948 3791 2045 alles, was mir auch Inhalt des Lebens schien -
2529 2065 3818 2181 schauen ins leere, greifen ins laere, jammern ins
2529 2156 2717 2250 leere.
2533 2223 3841 2355 Vielleicht fahre ich auf einen Tag nach Graz, wo
2529 2343 3823 2440 ihre Schwester und jetzt auch ihr Vater und von
2526 2447 3766 2533 morgen an ihre Mutter ist. Alle Menschen sind
