4491 3528
932 813 1056 911 139
380 860 1770 998 A.S. an H.v.H. Wien, 26. x 7.1928.
386 953 1849 1069 Mein lieber Hugo, Sie werden schon von unserer Freun-
388 1054 1768 1148 din-Hofrätin gehört haben, wie sehr Ihr Brief über
393 1131 1818 1254 die Therese mich gefreut hat;-das Buch hat, sowohl
395 1218 1881 1348 beim Publikum, als bei den paar Menschen, auf die es mir
397 1322 1907 1418 besonders ankommt, mehr Erfolg als ich je hätte vermuten.
407 1380 1918 1514 dürfen. Die Entstehungsgeschichte ist einigermassen merk-
403 1506 1591 1630 würdig, ich erzähle Ihnen einmal mehr davon.
422 1611 1903 1707 -Christiane war mir immer ausseordentlich sympathisch-
407 1683 1860 1817 ich glaube das klare, gerade, kluge wahrhaft verlässli-
412 1760 1856 1877 che ihres Wesens seit jeher gespürt zu haben und bin
407 1871 1888 1986 froh, dass der rechte Mann die rehte Wahl getroffen
407 1971 1898 2076 hat. Mögen Sie ihr bald das Heidelberger Häuschen bauen
412 2056 1800 2178 können. Meine Kinder in Venedig haben jetzt etliche
418 2144 1875 2238 Wohnungsschwierigkeiten durch einen kläglichen wahr-
414 2221 1926 2363 haft Goldonischen Hausherrn - ("nur half dass er lei-
412 2332 1881 2419 der lebt") im übrigen sind sie glücklich, und ich hab
407 2406 1875 2538 ihn (von Lili gar nicht zu reden) sehr gern. Sie wis-
410 2494 1839 2607 sen, dass wir drei im Frühjahr eine schöne Reise ge-
388 2607 1860 2737 macht haben. Corfu, Athen, Constantinopel, jRhodus. Jetzt
3136 744 3227 843 139
3407 702 3904 902 26.7.1928. Bl.2
2594 779 2967 900 S. an H.v.H.
3100 817 3255 917 143
2669 841 4047 1009 war Heini 10 Tage bei mir, und ich habe viel Freude
3825 958 3925 1049 G.C.P.
3159 992 3281 1060 G.C.P.
2666 990 3112 1101 von ihm gehabt.
2666 1032 4076 1190 Die Sommermonate werd ich wohl hier verbringen; ich
2668 1124 4081 1284 sehe recht viel Menschen, insbesondere Amerika fin-
2673 1214 3917 1359 det sich in zahlreichen, oft verständnisvollen
2666 1331 4064 1474 Exemplaren. Mit dem arbeiten geht es ganz leidlich,
2677 1402 3980 1549 aber Dilettant, der ich bin und bleibe, spiel ich
2673 1468 4044 1634 mich mit Figuren und Stoffen mehr herum,- und eigen
2675 1619 4070 1706 lich lieber, als dass ich die Diktatur meines soge-
2683 1666 4089 1809 nannten Talentes oder wie wir es nennen wollen. über
2690 1762 4074 1888 sie ausübe, Immerhin wird gelegentlich schon wieder
2694 1867 4062 1997 was herauskommen und ans Geldverdienen muss man ja
2690 1973 4098 2071 leider immer ernstlicher und kontinuirlicher denken.
2700 2037 4051 2161 Die ägyptische hab ich natürlich schon gekannt; in
2688 2146 4066 2244 der Oper hab ich einen schönen Eindruck gehabt und
2686 2214 4089 2349 es war mir über alle Massen interessant. Ihre Dioh-
2688 2329 4072 2436 tung so für mich hin zu lesen - und dass Musik mir
2683 2396 4106 2534 immer mitklang, spricht für Dichter wie für Musiker.
2679 2498 4045 2603 Es ist unglaublich, wie Ihre Sprache Möglichkeiten
2673 2583 4038 2735 und Binfälle des Komponisten oft voraus zu ahnen
