4501 3432
3872 667 3962 739 42
3145 665 3268 759 39
492 690 867 777 A.S.an H.v.H.
2628 678 3005 770 A.S.an H.v.H.
1729 696 1815 793 41
3284 757 3697 849 Wien, 23.5.96.
519 764 1810 862 Schweinen und weit über den Schnapsflaschen des
490 824 1938 912 technisch ausgezeichneten Heyden steht. Die Meister-
2686 835 4070 928 Mein lieber Hugo, ich freue mich sehr, dass Sie sich
488 881 1822 950 singer habe ich schon einmal gehört, heute wieder.
2689 892 4034 977 meiner erinnert haben und noch mehr, dass Sie bald
488 919 1842 993 Neulich Tristan, dem arger Schad zugefügt wird, in-
2697 939 3982 1013 zurückkommen. Im Juni wollen wir dann doch noch
485 975 1873 1026 dem man sich einbildet, ihn ungekürzt geben zu kön-
2693 964 4039 1054 ein paar Mal zusammen sein. Und das eine Mal von
483 1006 1907 1078 nen oder gar zu müssen. An den Geschwistern und am
2697 1035 4056 1101 den paar werde ich wohl das Stück vorlesen können.
490 1047 1923 1101 Clavigo hab ich mich trotz vieler Mängel der Darstel-
2693 1065 4088 1154 Ich habe jetzt mehr Zuversicht. Aber mit meinem gan-
479 1067 1894 1155 lung neulich tief erfreut. Zum ersten Mal (in den Ge-
2693 1109 3984 1197 zen Herzen bin ich doch nicht dabei. Vielleicht
485 1128 1822 1190 schwistern) die Conrad Ramlo gesehen, die viel zu
2697 1159 3982 1244 ist das sogar gut: vielleicht ist es ein Fehler
488 1172 1860 1240 bedeuten scheint.- Heute wird Sedan gefeiert; Fah-
2702 1200 3967 1276 von vielen meiner Sachen, dass ich mit ihnen im
479 1204 1806 1282 nen, Wimpeln, Festzeitungen,Festvorstellungen.Men-
2697 1273 3652 1332 Sehreiben zu zärtlich geworden bin.
481 1260 1873 1321 schen auf der Strasse hin und her, geschmückte Stadt
2700 1274 4007 1375 Ihren Artikel über Poesie und Leben habe ich als
479 1310 1770 1359 wohl auch einige von Stolz und Begeisterung ge-
2698 1336 4084 1422 ein schönes Gedicht empfunden; aber es kam mir vor,
476 1343 1804 1426 schwellte Herzen, die man zum Glück nicht sieht.
2698 1368 4074 1464 als wenn Sie die Grenzen der Poesie zu eng gezogen
476 1393 1754 1465 Das andere aber ist ein helles und freundliches
2697 1419 4059 1523 hätten, während es doch Ihre Absicht war, sie zu er-
470 1433 618 1491 Bild
2706 1449 4146 1550 weitern. Woher eigentlich dieses sonderbare Bedürfnis
525 1453 1831 1550 Freitag den 6. werdeich wohl wieder in Wien sein;
2706 1507 4121 1599 kommt, über Kunst zu reden. Ich selbst fühl es manch-
467 1530 1772 1588 Schreiben Sie mir von den Manövern aus, wenn Sie
2706 1556 4065 1646 mal, und habe nachher immer oder oft das Gefühl et-
470 1574 1748 1635 Zeit haben, noch eine Zeile dahin. Sagen Sie, wie
2707 1593 4119 1685 was überflüssiges oder gar unrechtes getan zu haben.
467 1619 1660 1671 ist denn eigentlich Ihr Rennen ausgefallen? -
2707 1653 4092 1738 Es kommt bestimmt nicht allein daher, dass das Theo-
472 1646 1806 1725 Von Paul und Richard, wie von mir die herzlichsten
2711 1702 4030 1777 retisieren einfach meinem Wesen nicht entspricht.
467 1711 1844 1775 Grüsse, Jetzt wollen wir vor der Oper, nach Nymphen-
2707 1725 4090 1821 Und meine Sehnsucht, ins klare zu kommen, ist gewiss-
461 1750 804 1830 burg fahren.
2706 1775 4038 1878 auch nicht gering. Und was Goethe, Lessing-Hebbel,
835 1770 932 1866 Ihr
2706 1817 4018 1923 wes Sie ünd andere über Kunst sagen, lese ich
912 1833 1118 1905 Arthur
2715 1876 4038 1967 gern; manches beruhigt mich, indem es abschliesst,
2711 1912 4014 2003 anderes bewegt mich, indem es Thore aufschliesst,
972 1974 1152 2031 ====  =======
2711 1981 3473 2053 Wir sprechen einmal darüber.
2709 1995 4016 2098 Brahm ist jetzt da, den ich persönlich gern habe.
2715 2033 4135 2138 Gestern Abend waren er, Richard, Salten und Schwarz -
2715 2075 4108 2185 kopf bei mir. Gelesen hab ich die französische Re-
2709 2123 4112 2226 volution von Taine,die Olla potrida des durchtrie-
2725 2179 4007 2277 benen Fuchemundi, die Noten zum Divan und einen
2720 2219 4057 2318 englischen Kriminal Coman.- Mein Sommerplan ist
2720 2284 3994 2363 Norwegen, Schweden, Dänemark; und eine Novelle.-
2720 2316 4011 2410 Jetzt ist ein Gewitter mit Blitz und Donner und
2720 2383 3618 2464 abend geh ich zum "Zerrissenen".
3205 2417 3686 2493 Herzlich der Ihre
3659 2446 3792 2543 A.S.
