<?xml version="1.0" encoding="UTF-8" standalone="yes"?>
<PcGts xmlns="http://schema.primaresearch.org/PAGE/gts/pagecontent/2013-07-15" xmlns:xsi="http://www.w3.org/2001/XMLSchema-instance" xsi:schemaLocation="http://schema.primaresearch.org/PAGE/gts/pagecontent/2013-07-15 http://schema.primaresearch.org/PAGE/gts/pagecontent/2013-07-15/pagecontent.xsd">
    <Metadata>
        <Creator>prov=READ-COOP:name=TrHtr:version=2.1.0:model_id=51170:date=25_07_2023_05:13</Creator>
        <Created>2023-05-01T21:56:44.958+02:00</Created>
        <LastChange>2023-07-25T05:13:02.495+02:00</LastChange>
        <TranskribusMetadata docId="1416436" pageId="54946546" pageNr="100" tsid="130585631" status="IN_PROGRESS" userId="64420" imgUrl="https://files.transkribus.eu/Get?id=IQBSPZOEMSYBGKIYZIRQRVZI&amp;fileType=view" xmlUrl="https://files.transkribus.eu/Get?id=ZBDDDZDAWNRJHPNTUKJMYPYL" imageId="44450631"/>
    </Metadata>
    <Page imageFilename="1416436_0100.jpg" imageWidth="4480" imageHeight="3466">
        <ReadingOrder>
            <OrderedGroup id="ro_1711831618662" caption="Regions reading order">
                <RegionRefIndexed index="0" regionRef="tr_1"/>
                <RegionRefIndexed index="1" regionRef="tr_2"/>
            </OrderedGroup>
        </ReadingOrder>
        <TextRegion id="tr_1" custom="readingOrder {index:0;}">
            <Coords points="480,693 1979,693 1979,1944 480,1944"/>
            <TextLine id="tr_1_tl_1" custom="readingOrder {index:0;}">
                <Coords points="485,777 511,765 545,780 565,760 623,760 676,775 750,765 807,797 840,773 876,788 894,782 893,692 842,689 788,709 722,705 704,690 664,704 640,689 580,689 483,707"/>
                <Baseline points="495,743 540,746 585,743 629,746 674,746 719,749 764,749 809,749 853,749 898,752"/>
                <TextEquiv>
                    <Unicode>A.S. an H.v.H.</Unicode>
                </TextEquiv>
            </TextLine>
            <TextLine id="tr_1_tl_2" custom="readingOrder {index:1;}">
                <Coords points="1699,784 1723,788 1735,799 1765,790 1787,775 1798,784 1804,780 1819,784 1819,692 1804,690 1781,704 1768,702 1750,720 1735,713 1714,726 1699,724"/>
                <Baseline points="1710,752 1755,755 1800,755 1824,752"/>
                <TextEquiv>
                    <Unicode>192</Unicode>
                </TextEquiv>
            </TextLine>
            <TextLine id="tr_1_tl_3" custom="readingOrder {index:2;}">
                <Coords points="1059,883 1083,872 1095,874 1115,857 1126,863 1149,853 1170,861 1175,855 1196,853 1186,773 1168,778 1153,769 1147,777 1136,777 1097,765 1091,769 1083,762 1070,767 1061,760 1057,767 1046,767"/>
                <Baseline points="1062,823 1107,832 1152,835 1197,841"/>
                <TextEquiv>
                    <Unicode>124</Unicode>
                </TextEquiv>
            </TextLine>
            <TextLine id="tr_1_tl_4" custom="readingOrder {index:3;}">
                <Coords points="1323,855 1355,851 1372,863 1403,853 1428,863 1443,851 1501,851 1512,861 1555,851 1577,872 1645,863 1645,814 1624,816 1604,797 1579,801 1536,788 1475,801 1448,790 1424,801 1372,788 1353,801 1323,793"/>
                <Baseline points="1334,841 1379,841 1424,841 1468,841 1513,841 1558,841 1603,841 1647,847 1650,847"/>
                <TextEquiv>
                    <Unicode>10.11.1910.</Unicode>
                </TextEquiv>
            </TextLine>
            <TextLine id="tr_1_tl_5" custom="readingOrder {index:4;}">
                <Coords points="473,924 1974,982 1974,894 1931,889 472,876"/>
                <Baseline points="483,919 528,919 573,922 617,925 662,925 707,925 752,925 797,925 841,925 886,925 931,928 976,928 1020,928 1065,928 1110,928 1155,928 1200,928 1244,928 1289,928 1334,928 1379,931 1424,928 1468,931 1513,931 1558,931 1603,931 1647,934 1692,934 1737,934 1782,934 1827,937 1871,934 1916,934 1961,937 1979,937"/>
                <TextEquiv>
                    <Unicode>Mein lieber Hugo, Ihre guten Worte hätten auch schlimme-</Unicode>
                </TextEquiv>
            </TextLine>
            <TextLine id="tr_1_tl_6" custom="readingOrder {index:5;}">
                <Coords points="1276,982 1286,982 1293,990 1308,984 1319,986 1323,982 1344,982 1347,986 1368,988 1368,937 1345,934 1334,941 1327,941 1315,934 1287,941 1276,939"/>
                <Baseline points="1286,973 1331,973 1373,973"/>
                <TextEquiv>
                    <Unicode>Nun</Unicode>
                </TextEquiv>
            </TextLine>
            <TextLine id="tr_1_tl_7" custom="readingOrder {index:6;}">
                <Coords points="481,1027 1381,1029 1665,1080 1858,1052 1858,982 481,956"/>
                <Baseline points="492,1009 537,1012 582,1012 626,1012 671,1012 716,1015 761,1015 806,1015 850,1018 895,1018 940,1015 985,1018 1029,1018 1074,1018 1119,1018 1164,1018 1209,1018 1253,1018 1298,1020 1343,1020 1388,1020 1432,1020 1477,1020 1522,1020 1567,1023 1612,1023 1656,1023 1701,1023 1746,1026 1791,1023 1835,1023 1862,1023"/>
                <TextEquiv>
                    <Unicode>res wieder gut machen können! Um aber hätt ich ein</Unicode>
                </TextEquiv>
            </TextLine>
            <TextLine id="tr_1_tl_8" custom="readingOrder {index:7;}">
                <Coords points="475,1104 1405,1119 1480,1164 1858,1136 1858,1083 1776,1070 1044,1080 859,1024 473,1054"/>
                <Baseline points="486,1098 531,1101 576,1101 620,1101 665,1101 710,1104 755,1104 800,1104 844,1107 889,1107 934,1107 979,1107 1023,1107 1068,1107 1113,1107 1158,1107 1203,1110 1247,1110 1292,1110 1337,1113 1382,1113 1427,1113 1471,1116 1516,1116 1561,1116 1606,1116 1650,1116 1695,1119 1740,1119 1785,1119 1830,1119 1862,1116"/>
                <TextEquiv>
                    <Unicode>rechtes Bedürfnis Ihnen wieder die Hand zu drücken</Unicode>
                </TextEquiv>
            </TextLine>
            <TextLine id="tr_1_tl_9" custom="readingOrder {index:8;}">
                <Coords points="475,1207 1377,1205 1555,1259 1868,1235 1868,1160 475,1136"/>
                <Baseline points="486,1188 531,1191 576,1191 620,1191 665,1191 710,1194 755,1194 800,1194 844,1194 889,1197 934,1197 979,1197 1023,1200 1068,1200 1113,1200 1158,1200 1203,1200 1247,1200 1292,1200 1337,1203 1382,1203 1427,1203 1471,1203 1516,1203 1561,1206 1606,1206 1650,1209 1695,1206 1740,1209 1785,1209 1830,1209 1871,1206"/>
                <TextEquiv>
                    <Unicode>und mit Ihnen zu reden. Wollt Ihr nicht einmal ganz</Unicode>
                </TextEquiv>
            </TextLine>
            <TextLine id="tr_1_tl_10" custom="readingOrder {index:9;}">
                <Coords points="475,1301 1911,1327 1877,1246 1025,1261 900,1211 473,1205"/>
                <Baseline points="486,1286 531,1283 576,1283 620,1283 665,1283 710,1286 755,1286 800,1283 844,1286 889,1286 934,1286 979,1289 1023,1289 1068,1289 1113,1289 1158,1292 1203,1292 1247,1292 1292,1292 1337,1295 1382,1295 1427,1295 1471,1295 1516,1295 1561,1295 1606,1298 1650,1298 1695,1298 1740,1301 1785,1304 1830,1304 1874,1304 1916,1301"/>
                <TextEquiv>
                    <Unicode>gemütlich-vorläufig ohne Vorlesung-nur wir Vier-noch</Unicode>
                </TextEquiv>
            </TextLine>
            <TextLine id="tr_1_tl_11" custom="readingOrder {index:10;}">
                <Coords points="481,1375 1935,1443 1933,1327 934,1357 657,1291 481,1306"/>
                <Baseline points="492,1370 537,1370 582,1373 626,1373 671,1373 716,1373 761,1373 806,1376 850,1376 895,1379 940,1379 985,1379 1029,1382 1074,1382 1119,1382 1164,1382 1209,1385 1253,1382 1298,1385 1343,1385 1388,1385 1432,1388 1477,1388 1522,1391 1567,1391 1612,1391 1656,1391 1701,1391 1746,1394 1791,1397 1835,1397 1880,1397 1925,1397 1940,1397"/>
                <TextEquiv>
                    <Unicode>vor dem Medardus bei uns nachtmahlen? Wählen Sie einen</Unicode>
                </TextEquiv>
            </TextLine>
            <TextLine id="tr_1_tl_12" custom="readingOrder {index:11;}">
                <Coords points="470,1467 560,1501 1881,1497 1868,1448 1272,1445 990,1388 468,1409"/>
                <Baseline points="480,1462 525,1462 570,1462 614,1465 659,1465 704,1465 749,1465 794,1468 838,1468 883,1471 928,1471 973,1471 1018,1474 1062,1471 1107,1474 1152,1474 1197,1474 1241,1477 1286,1477 1331,1477 1376,1480 1421,1480 1465,1480 1510,1483 1555,1483 1600,1483 1644,1483 1689,1483 1734,1486 1779,1486 1824,1486 1868,1486 1886,1486"/>
                <TextEquiv>
                    <Unicode>Abend (der um ½7 anfangen kann) -anfangs nächster Wo-</Unicode>
                </TextEquiv>
            </TextLine>
            <TextLine id="tr_1_tl_13" custom="readingOrder {index:12;}">
                <Coords points="475,1557 1860,1596 1858,1548 1791,1531 1166,1544 936,1480 473,1501"/>
                <Baseline points="486,1552 531,1555 576,1555 620,1555 665,1555 710,1555 755,1558 800,1558 844,1558 889,1558 934,1561 979,1561 1023,1561 1068,1564 1113,1564 1158,1564 1203,1567 1247,1567 1292,1570 1337,1570 1382,1570 1427,1573 1471,1573 1516,1576 1561,1576 1606,1576 1650,1576 1695,1579 1740,1579 1785,1582 1830,1585 1865,1585"/>
                <TextEquiv>
                    <Unicode>che von Dienstag ab; aber schreiben Sie rechtzeitig.</Unicode>
                </TextEquiv>
            </TextLine>
            <TextLine id="tr_1_tl_14" custom="readingOrder {index:13;}">
                <Coords points="475,1679 1269,1701 1396,1667 1866,1707 1864,1630 1753,1611 1220,1635 992,1574 473,1581"/>
                <Baseline points="483,1638 528,1644 573,1641 617,1644 662,1644 707,1644 752,1644 797,1647 841,1647 886,1647 931,1650 976,1650 1020,1653 1065,1653 1110,1653 1155,1653 1200,1656 1244,1656 1289,1656 1334,1659 1379,1662 1424,1662 1468,1662 1513,1665 1558,1668 1603,1668 1647,1668 1692,1668 1737,1671 1782,1674 1827,1674 1868,1677"/>
                <TextEquiv>
                    <Unicode>(Die Medardus-Première ist gewiss noch nicht am 19.</Unicode>
                </TextEquiv>
            </TextLine>
            <TextLine id="tr_1_tl_15" custom="readingOrder {index:14;}">
                <Coords points="470,1761 608,1740 1415,1763 1413,1703 1083,1712 979,1665 848,1667 784,1705 468,1680"/>
                <Baseline points="480,1725 525,1731 570,1731 614,1734 659,1734 704,1734 749,1734 794,1737 838,1737 883,1737 928,1740 973,1740 1018,1740 1062,1743 1107,1743 1152,1743 1197,1746 1241,1746 1286,1746 1331,1749 1376,1749 1415,1746"/>
                <TextEquiv>
                    <Unicode>Vielleicht 23. oder 24. November.-</Unicode>
                </TextEquiv>
            </TextLine>
            <TextLine id="tr_1_tl_16" custom="readingOrder {index:15;}">
                <Coords points="814,1856 982,1838 1009,1854 1029,1838 1156,1875 1205,1851 1233,1858 1231,1789 1199,1802 1149,1785 1121,1800 1085,1787 1063,1802 1031,1781 999,1795 969,1774 921,1796 878,1791 861,1774 812,1785"/>
                <Baseline points="823,1824 868,1824 913,1827 958,1830 1003,1830 1047,1830 1092,1830 1137,1833 1182,1833 1226,1833 1238,1833"/>
                <TextEquiv>
                    <Unicode>Herzlichst Ihr</Unicode>
                </TextEquiv>
            </TextLine>
            <TextLine id="tr_1_tl_17" custom="readingOrder {index:16;}">
                <Coords points="1188,1942 1265,1937 1293,1952 1334,1955 1360,1978 1388,1982 1403,1974 1398,1854 1379,1860 1364,1853 1351,1868 1330,1871 1310,1886 1287,1877 1256,1886 1235,1875 1185,1886"/>
                <Baseline points="1197,1922 1241,1925 1286,1925 1331,1928 1376,1931 1406,1934"/>
                <TextEquiv>
                    <Unicode>Arthur.</Unicode>
                </TextEquiv>
            </TextLine>
        </TextRegion>
        <TextRegion id="tr_2" custom="readingOrder {index:1;}">
            <Coords points="2642,720 4140,720 4140,1717 2642,1717"/>
            <TextLine id="tr_2_tl_1" custom="readingOrder {index:0;}">
                <Coords points="3922,788 3950,790 3963,801 3980,788 3990,790 4004,782 4016,782 4021,788 4044,788 4048,726 4038,726 4034,720 4023,726 4014,726 4010,720 3999,726 3975,720 3952,726 3928,717"/>
                <Baseline points="3934,776 3961,776 4006,773 4051,770"/>
                <TextEquiv>
                    <Unicode>193</Unicode>
                </TextEquiv>
            </TextLine>
            <TextLine id="tr_2_tl_2" custom="readingOrder {index:1;}">
                <Coords points="2631,821 2754,838 2794,820 2919,851 2968,829 2992,846 3022,846 3024,769 2992,750 2876,748 2859,762 2790,748 2741,769 2633,760"/>
                <Baseline points="2642,812 2665,815 2710,815 2755,815 2800,815 2845,812 2889,812 2934,809 2979,809 3024,806"/>
                <TextEquiv>
                    <Unicode>A.S.an H.v.H.</Unicode>
                </TextEquiv>
            </TextLine>
            <TextLine id="tr_2_tl_3" custom="readingOrder {index:2;}">
                <Coords points="3226,898 3318,928 3351,911 3396,923 3445,898 3499,928 3576,900 3613,911 3638,893 3660,906 3735,896 3735,827 3696,816 3612,818 3583,835 3542,810 3443,840 3228,797"/>
                <Baseline points="3236,874 3248,874 3292,874 3337,874 3382,880 3427,877 3471,877 3516,877 3561,877 3606,874 3651,871 3695,871 3740,868"/>
                <TextEquiv>
                    <Unicode>125 15.11.1910.</Unicode>
                </TextEquiv>
            </TextLine>
            <TextLine id="tr_2_tl_4" custom="readingOrder {index:3;}">
                <Coords points="2635,1001 3999,992 4021,911 2637,939"/>
                <Baseline points="2645,991 2680,991 2725,991 2770,991 2815,988 2859,985 2904,985 2949,985 2994,985 3039,982 3083,979 3128,976 3173,976 3218,973 3262,973 3307,973 3352,973 3397,970 3442,970 3486,967 3531,967 3576,964 3621,964 3666,964 3710,961 3755,958 3800,955 3845,955 3889,952 3934,952 3979,952 4024,952"/>
                <TextEquiv>
                    <Unicode>Liebster Hugo, wir dürfen also annehmen, dass Ihr am</Unicode>
                </TextEquiv>
            </TextLine>
            <TextLine id="tr_2_tl_5" custom="readingOrder {index:4;}">
                <Coords points="2661,1091 3973,1095 4044,1082 4046,1016 2663,1029"/>
                <Baseline points="2671,1077 2704,1080 2749,1080 2794,1080 2839,1077 2883,1077 2928,1074 2973,1074 3018,1074 3062,1071 3107,1071 3152,1068 3197,1068 3242,1065 3286,1065 3331,1065 3376,1062 3421,1062 3466,1062 3510,1059 3555,1056 3600,1056 3645,1056 3689,1053 3734,1050 3779,1050 3824,1047 3869,1047 3913,1047 3958,1047 4003,1044 4048,1044"/>
                <TextEquiv>
                    <Unicode>Montag kommt. Wollen Sie Ihren Papa mitbringen? Sie</Unicode>
                </TextEquiv>
            </TextLine>
            <TextLine id="tr_2_tl_6" custom="readingOrder {index:5;}">
                <Coords points="2640,1186 3954,1185 4053,1168 4055,1104 2642,1119"/>
                <Baseline points="2653,1170 2668,1170 2713,1173 2758,1173 2803,1173 2848,1170 2892,1170 2937,1167 2982,1167 3027,1164 3071,1164 3116,1161 3161,1161 3206,1161 3251,1158 3295,1158 3340,1155 3385,1155 3430,1155 3474,1155 3519,1152 3564,1152 3609,1149 3654,1149 3698,1146 3743,1146 3788,1146 3833,1146 3877,1143 3922,1143 3967,1143 4012,1140 4057,1137"/>
                <TextEquiv>
                    <Unicode>wissen, wie wir uns freuen, ihn bei uns zu sehen. Aber</Unicode>
                </TextEquiv>
            </TextLine>
            <TextLine id="tr_2_tl_7" custom="readingOrder {index:6;}">
                <Coords points="2652,1278 4046,1261 4135,1237 4135,1192 2653,1222"/>
                <Baseline points="2662,1265 2707,1262 2752,1262 2797,1259 2842,1259 2886,1259 2931,1256 2976,1256 3021,1256 3065,1256 3110,1253 3155,1250 3200,1250 3245,1250 3289,1247 3334,1250 3379,1247 3424,1247 3468,1244 3513,1244 3558,1244 3603,1244 3648,1241 3692,1241 3737,1238 3782,1235 3827,1235 3872,1235 3916,1235 3961,1235 4006,1235 4051,1232 4095,1232 4140,1229"/>
                <TextEquiv>
                    <Unicode>auch wie gern wir mit Euch allein sind wissen Sie. Also</Unicode>
                </TextEquiv>
            </TextLine>
            <TextLine id="tr_2_tl_8" custom="readingOrder {index:7;}">
                <Coords points="2648,1357 3980,1357 4072,1347 4074,1284 3016,1315 2891,1282 2648,1321"/>
                <Baseline points="2659,1352 2689,1355 2734,1352 2779,1352 2824,1352 2868,1349 2913,1349 2958,1346 3003,1346 3048,1343 3092,1343 3137,1343 3182,1343 3227,1343 3271,1340 3316,1340 3361,1337 3406,1337 3451,1337 3495,1334 3540,1334 3585,1334 3630,1331 3674,1331 3719,1331 3764,1331 3809,1328 3854,1328 3898,1328 3943,1328 3988,1325 4033,1325 4077,1325"/>
                <TextEquiv>
                    <Unicode>möcht ich's ganz Ihnen überlassen, ob wir Ihren Papa</Unicode>
                </TextEquiv>
            </TextLine>
            <TextLine id="tr_2_tl_9" custom="readingOrder {index:8;}">
                <Coords points="2652,1460 3200,1435 3348,1473 3653,1433 3782,1469 3969,1424 4137,1445 4139,1379 2652,1411"/>
                <Baseline points="2662,1444 2707,1444 2752,1441 2797,1441 2842,1441 2886,1441 2931,1438 2976,1438 3021,1435 3065,1435 3110,1435 3155,1435 3200,1435 3245,1432 3289,1432 3334,1429 3379,1432 3424,1432 3468,1429 3513,1429 3558,1429 3603,1427 3648,1427 3692,1427 3737,1424 3782,1424 3827,1424 3872,1424 3916,1421 3961,1421 4006,1421 4051,1418 4095,1418 4140,1415"/>
                <TextEquiv>
                    <Unicode>auch zu uns bitten. Wenn ja, teilen Sie mirs (mit seiner</Unicode>
                </TextEquiv>
            </TextLine>
            <TextLine id="tr_2_tl_10" custom="readingOrder {index:9;}">
                <Coords points="2648,1551 4036,1553 4072,1461 3632,1501 3539,1463 2650,1488"/>
                <Baseline points="2659,1531 2686,1531 2731,1534 2776,1534 2821,1534 2865,1534 2910,1531 2955,1531 3000,1531 3045,1531 3089,1531 3134,1528 3179,1528 3224,1528 3268,1528 3313,1525 3358,1525 3403,1525 3448,1525 3492,1525 3537,1522 3582,1522 3627,1522 3671,1522 3716,1522 3761,1522 3806,1519 3851,1522 3895,1519 3940,1519 3985,1519 4030,1519 4075,1519"/>
                <TextEquiv>
                    <Unicode>Adresse rasch auf einer Karte mit. Auch vielleicht,</Unicode>
                </TextEquiv>
            </TextLine>
            <TextLine id="tr_2_tl_11" custom="readingOrder {index:10;}">
                <Coords points="2652,1639 2947,1654 3093,1632 3118,1654 3239,1658 3297,1624 3456,1628 3456,1583 3376,1559 3293,1587 3074,1592 3028,1566 2893,1594 2652,1572"/>
                <Baseline points="2662,1624 2698,1627 2743,1627 2788,1624 2833,1624 2877,1624 2922,1621 2967,1621 3012,1621 3057,1621 3101,1621 3146,1621 3191,1621 3236,1618 3280,1618 3325,1618 3370,1618 3415,1615 3460,1618"/>
                <TextEquiv>
                    <Unicode>ob Ihnen Skopf angenehm wäre.</Unicode>
                </TextEquiv>
            </TextLine>
            <TextLine id="tr_2_tl_12" custom="readingOrder {index:11;}">
                <Coords points="3000,1737 3033,1742 3052,1727 3136,1742 3217,1718 3282,1757 3305,1742 3338,1755 3357,1740 3409,1740 3409,1664 3000,1660"/>
                <Baseline points="3009,1707 3012,1704 3057,1707 3101,1707 3146,1707 3191,1707 3236,1704 3280,1707 3325,1704 3370,1704 3415,1701"/>
                <TextEquiv>
                    <Unicode>Herzlichst Ihr</Unicode>
                </TextEquiv>
            </TextLine>
        </TextRegion>
    </Page>
</PcGts>
