4484 3432
504 710 885 807 A.S.an H.v.H.
1620 721 1705 788 23
995 738 1106 840 24
1347 793 1642 906 18.2.1893.
504 875 1795 960 Lieber Hugo, bitte lesen Sie beiliegenden Brief.
507 950 1882 1007 Und dann fragen Sie gütigst Bahr, wie die Aussich-
512 993 1882 1052 ten des Dr. Fels bei der Dtsch.Ztg. stehen, und wann
507 1040 1899 1108 er eintreffen müsste. Es wäre mir höchet erwünscht,
507 1092 1790 1148 darüber vollkommene Klarheit zu haben. Sie er-
507 1134 1773 1188 sehen auch weiters aus dem Brief, dass auf Ihre
507 1179 1851 1233 liebenswürdige Zusage, eine neuerliche Sammlung zu
504 1228 1842 1283 veranstalten, reflektiert wird. Je früher mir Ihre
507 1255 1790 1323 resultate in jeder Richtung bekannt werden, umso
504 1311 1840 1363 dankbarer bin ich Ihnen im Namen unseren Kranken.
552 1354 1818 1406 Wann werden wir wieder einmal gescheidte Dinge
498 1392 1759 1452 miteinander sprechen? Was machen Sie? Ich wäre
500 1436 1818 1497 sehr erfreut, wieder einmal mit Ihnen zusammen zu
498 1484 1722 1540 sein. Ich bin jeden Abend nach 10 im Central,
495 1533 1839 1585 Dienstag, Donnerstag.Samstag sicher. Den beigeleg-
498 1577 1795 1648 ten Brief bitte mir mit Ihrer frdl. Antwort gef.
498 1615 852 1691 rückzusenden.
840 1639 1326 1726 Herzlich der Ihre
1089 1703 1299 1771 Arthur.
1019 1837 1168 1903 ==== ̃
3808 708 3896 773 24
2679 712 3047 806 A.S.an H.v.H.
3358 773 3703 870 Kkanxxaxxx
3136 826 3743 936 25 Ischl,12.7.1893.
2676 922 3974 1005 Lieber Löris, meine Einakter sind Freitag. Erste
2684 965 4049 1054 Probe gestern - Anatol (Herr Hoefer) erschien ein-
2688 1026 4004 1096 fach nicht.-Ichsnahm mit Jarno die Stücke durch;
2681 1073 3997 1165 Ins zenierung,Stellung etc.- Die Griebel gibt die
2676 1129 2882 1195 Annie.-
2683 1144 4014 1229 Urtheil Frieses: Es ist ein Skandal, sowas aufzu-
2681 1208 3948 1269 führen.- Frau Friese (diese alte Stabskanaille
2688 1233 4028 1325 wie Jarno sagt) hat sich geschämt, wie sie das Ab-
2681 1285 3960 1361 schiedssouper gelesen.- Die Zensur strich: Am
2681 1339 3696 1406 Busen geruht und setzte dafür "gekost
2688 1359 4056 1448 - Ob mir die Geschichte für Berlin nützen wird, ist
2681 1420 4035 1500 nicht abzusehn - da Jarno höchst unverlässlich zu
2691 1469 3981 1549 sein scheint. Ihm hat die Frage a. d. Sch. schon
2681 1519 4000 1594 150 Mark getragen - so viel bekam jeder der Mit-
2684 1578 3344 1637 wirkenden bei Grelling. -
2688 1577 4049 1682 gearbeitet hab ich beinah nichts; alles ungewisse
2688 1649 4070 1722 so nichtig es sein mag, beschäftigt nach aussen hin
2688 1696 3957 1769 und macht daher nervös.- Hoffentlich haben Sie
2688 1741 3974 1814 Ihre glückliche Versestimmung wiedergefunden.-
2688 1773 4070 1856 Schade, dass Sie Freitag nicht da sind.-Herzlichen
2691 1858 2844 1934 Gruss
3038 1856 3141 1955 Ihr
3177 1931 3386 1998 Arthur.
3209 1981 3391 2084 =========
