4508 3464
342 710 779 876 A.S. an H.v.H.
902 781 1578 926 35 Wien, 16.11.1925.
351 857 1750 1031 Mein lieber Hugo, Ihr schönes Stück hab ich noch in
362 951 1776 1115 Berlin erhalten, und es ist recht unhöflich, dass ich
368 1040 1785 1190 Ihnen nicht gleich gedankt habe. Mit ein Grund ist
370 1124 1815 1274 gewesen, dass ich erst in den letzten Tagen dazu kam
374 1219 1843 1352 den Calderon, der Ihnen dazu eine Anregung gab, zu
374 1313 1851 1455 lesen, und es war mir im höchsten Grad interessant, wie
1064 1410 1156 1466 Sie
381 1406 1881 1561 völlig neu und selbständig Ihr Drama geschrieben haben.
370 1494 1797 1647 Nur einige äussere Momente- sind erhalten,-nicht nur
383 1602 1819 1737 die Gestalten sind neu geschaffen,- auch das Problem,
387 1679 1782 1841 das innere Licht ist etwas ganz neues geworden, und
390 1772 1886 1916 völlig Ihr Bigentum. In manchen Stellen wünscht ich mir
385 1866 1782 1989 geringere Weitläufigkeit, und der Humor des Dieners
424 1950 1899 2086 ist nicht durchaus nach meinem Sinn, wenn ich auch fühle
390 2054 1066 2185 sehr im Stil des ganzen.
390 2151 1838 2247 Ich freue mich, dass Sie in der Arbeit sind; auch ich
383 2226 1871 2353 ki bringe allerlei weiter. Eine neue Hovelle ("Traum-
387 2331 1877 2431 novelle") erscheint bald; mein Versstück "Der Gang zum
392 2431 1854 2542 Weiher" ist fertig; nun diktiert ich eine weitere No-
394 2493 1853 2609 velle, deren Schluss noch unsicher ist; arbeite an ei-
3642 685 4153 796 16.11.1925 Bl.2
2689 713 3121 855 A.S. an H.v.H.
3283 732 3412 855 138
2687 822 4138 949 nem Roman (der richtiger eine Chronik zu nennen sein
2691 926 4069 1040 wird); und bringen verschiedentliches aphoristische
2689 1016 4039 1130 und fragmentarisches in Ordnung so gut es geht, ja
2699 1109 4038 1223 einzelnes gewissermassen in Systeme. Theatralisch
2689 1199 4157 1339 liegt allerlei angefangenes vor,-was ich zuerst fertig
2691 1292 4052 1431 machen werde, weiss ich noch nicht. Um Ihre Ausseer
2695 1380 4099 1516 Abgeschiedenheit beneid ich Sie manchmal-weiss aber
2695 1479 4127 1619 nicht, ob ich trotz zeitweiliger Sehnsucht nachbetwas
2699 1578 4015 1701 derart lange aushalten würde. Es ist mancherlei
2689 1668 4146 1793 Unruhe in meinem Leben; im ganzen fühl ich mich wohl.
2695 1741 4116 1881 bei gelegentlichen, am häufigsten durch das Gehörlei-
2699 1836 3948 1972 den verursachten und geförderten Depressionen.
2689 1922 3599 2065 Ich hoffe Sie bald wiederzusehen.
2695 2004 3847 2183 Seien Sie von Herzen gegrüsst und bedankt.
3068 2135 3165 2215 Ihr
3149 2319 3305 2374 seron
