4471 3432
604 717 1234 852 A.S. an H.v.H. (53)
1230 806 1629 907 Ischl, 15.7.97.
613 900 1988 994 Mein lieber Hugo, ich kann keineswegs Anfang August
610 1003 1971 1090 mit Ihnen zusammentreffen - Sie wissen ja, dagegen
615 1083 2030 1195 unterbreiten Richard und ich Ihnen einen andern Vor-
619 1188 2075 1278 schlag. Wir wollen Ihnen weiter, resp. näher entgegen.
619 1271 2008 1382 Ich möchte z.B. Freitag den 23. von hier fort, nach
626 1354 2071 1458 Salzburg, dann per Rad (wenn sich meines bis dahin er-
621 1452 1993 1565 holt hat und Richard nicht faul ist) über Reichen-
624 1508 2110 1641 hall, Lofer nach Zell am See. Ich resp. wir würden Sam-
628 1605 2008 1720 stag Früh in Zell am See sein, dort verbringen wir
634 1700 2080 1818 den Tag miteinander. Und abend führe ich nach Wien.-
632 1809 2041 1923 Es handelt sich also darum, ob Sie auf einen Tag von
639 1888 2097 2001 der Fusch weg können. Wenn Andrian mit Ihnen fahren
641 1981 1975 2104 wollte, so käme er mit. Grüssen Sie ihn herzlich
645 2075 2062 2193 von mir; es geht ihm hoffentlich wieder besser. Jahn
647 2199 1125 2287 2. Band bekommen?-
672 2235 2084 2374 - Auf einen schönen Sommertag mit Ihnen, wenn's schon
647 2348 2077 2472 nicht mehr sein können, möcht ich nicht gern verzich-
656 2431 2012 2559 ten, aber Sie sollen sich auch nicht die geringste
647 2538 1236 2660 Ungelegenheit machen.
1133 2553 1530 2673 Herzlichst Ihr
1520 2544 1726 2694 Arthur.
2912 619 3519 770 A.S. an H.v.H. 54
4052 637 4133 713 68
3484 728 3871 804 Ischl, 21.7.97.
2805 789 4179 890 Mein lieber Hugo, dass wir uns erst im Herbst sehen
2806 905 4153 994 werden, ist mir sehr leid.-Lassen Sie nur von sich
2810 1003 4148 1077 hören; auch zeigen Sie mir an, wohin ich Ihnen die
2814 1077 3871 1160 zwei letzten Mozartbände schicken soll.
2810 1195 4196 1260 Richard ist nun zu einer wirklichen Radpartie nicht
2812 1286 4183 1363 zu bewegen; ich aber fahre, wenn das Wetter gut ist,
2801 1363 4209 1458 Freitag (mit einem kleinen Schwager) nach Salzburg
2806 1448 4174 1545 Samstag: Salzb.-Berchtesgaden- Ramsau-Zell am See.
2801 1556 4240 1631 Sonntag-an der Bahn, so weit ich komme. um Mittags ein-
2810 1654 4028 1726 zusteigen und am Abend in Wien einzutreffen.-
2860 1738 4172 1823 Neulich war ich in Aussee bei den Loebs; gestern
2860 1823 4190 1910 waren sie in Ischl. Clara fühlt sich sehr verlas-
2860 1927 4227 2008 sen von Ihnen. Sie hat es anders ausgedrückt; aber
2864 2017 3355 2117 das ist der Sinn.-
2856 2095 4177 2195 Sie wissen wohl, dass Burckhardt die Jordan nicht
2858 2206 3154 2293 aufführt?-
2919 2243 4236 2363 Ich ärgere mich sehr; umso mehr als ich zu ahnen
2923 2344 4216 2426 glaube, wo die Gründe liegen und wer eigentlich
2893 2418 4096 2548 -- sagen wir “mit“-schuldig ist.-
