4493 3432
936 672 1028 786 (54)
398 701 812 791 A.S. an H.v.H.
375 769 1588 881 Sie schreiben mir bald nach Wien, nicht wahr?
810 881 902 962 Ihr
922 951 1126 1043 Arthur.
386 1041 1743 1138 Grüssen Sie P.A. (Poldi Andrian).wenn er schon bei
384 1162 663 1260 Ihnen ist.
2530 154 2725 301 1m
3816 690 3904 764 70
2791 657 3428 806 A.S. an H.v.H. 55
3493 769 3869 880 Wien.4.10.97.
2786 874 4170 957 Mein lieber Hugo, ich danke Ihnen sehr; Sie wissen
2798 949 4203 1052 ja, dass es immer sehr wohltuend auf mich wirkt, wenn
2795 1058 4150 1146 mich irgend was die Herzlichkeit unseres Verhält-
2791 1138 4266 1217 nisses lebhaft empfinden lässt.- Es ist sehr schreck-
2798 1223 4172 1322 lich gewesen;t im Anfang so schrecklich, dass ich es
2670 1315 2764 1436 enhard
2798 1317 4122 1418 gar nicht begriffen habe. In den letzten Tagen
2800 1412 4179 1495 hat es sich rasch gemildert; besonders seit dem Au
2806 1517 4205 1610 genblick, wo ich erfahren, dass auch Sie zwischen Tod
2800 1621 3186 1686 und Leben war.
2808 1699 4203 1785 Ich habe auch zu arbeiten angefangen; d.h. ich lese
2800 1796 4185 1886 mein neues Stück durch und bin noch nicht drauf ge¬
2804 1878 3733 1978 kommen, wo der Hauptfehler steckt.-
2809 1985 4135 2064 Das neue, was Sie geschrieben haben, möchte ich na-
2808 2066 4093 2170 türlich sehr bald hören, nicht wahr, ich weiss es
2808 2119 4168 2266 gleich, wenn Sie in Wien angekommen sind? Wie lange
2804 2255 4146 2336 hab ich schon nicht mit Ihnen gesprochen! Das was
2804 2323 4091 2404 Sie über die Rede von d 'Annunzio gesagt haben,
2804 2424 4099 2499 ist sehr schön.- Leben Sie wohl. Von Herzen Ihr
3887 2477 3968 2536 A.
