<?xml version="1.0" encoding="UTF-8" standalone="yes"?>
<PcGts xmlns="http://schema.primaresearch.org/PAGE/gts/pagecontent/2013-07-15" xmlns:xsi="http://www.w3.org/2001/XMLSchema-instance" xsi:schemaLocation="http://schema.primaresearch.org/PAGE/gts/pagecontent/2013-07-15 http://schema.primaresearch.org/PAGE/gts/pagecontent/2013-07-15/pagecontent.xsd">
    <Metadata>
        <Creator>prov=READ-COOP:name=TrHtr:version=2.1.0:model_id=51170:date=25_07_2023_05:12</Creator>
        <Created>2023-05-01T21:56:33.865+02:00</Created>
        <LastChange>2023-07-25T05:12:37.362+02:00</LastChange>
        <TranskribusMetadata docId="1416436" pageId="54946296" pageNr="32" tsid="130585559" status="IN_PROGRESS" userId="64420" imgUrl="https://files.transkribus.eu/Get?id=QJQRBOOCUSBBMUQKVARGIRCF&amp;fileType=view" xmlUrl="https://files.transkribus.eu/Get?id=JYPTVMWQILXTWSEGOXMWDPAC" imageId="44450381"/>
    </Metadata>
    <Page imageFilename="1416436_0032.jpg" imageWidth="4471" imageHeight="3432">
        <ReadingOrder>
            <OrderedGroup id="ro_1711831561966" caption="Regions reading order">
                <RegionRefIndexed index="0" regionRef="tr_2"/>
                <RegionRefIndexed index="1" regionRef="tr_1"/>
            </OrderedGroup>
        </ReadingOrder>
        <TextRegion id="tr_2" custom="readingOrder {index:0;}">
            <Coords points="516,642 1963,642 1963,1934 516,1934"/>
            <TextLine id="tr_2_tl_1" custom="readingOrder {index:0;}">
                <Coords points="658,723 695,741 874,728 968,743 1069,716 1122,748 1234,746 1228,629 1180,647 1145,636 1090,677 975,654 950,672 913,645 789,675 732,645 654,643"/>
                <Baseline points="665,692 710,695 755,698 799,701 844,701 889,704 934,707 978,707 1023,710 1068,713 1113,710 1157,713 1202,713 1235,716"/>
                <TextEquiv>
                    <Unicode>A.S. an H.v.H. 49</Unicode>
                </TextEquiv>
            </TextLine>
            <TextLine id="tr_2_tl_2" custom="readingOrder {index:1;}">
                <Coords points="1741,739 1755,737 1771,746 1785,734 1803,739 1808,734 1822,736 1820,665 1792,665 1785,661 1774,663 1771,659 1762,658 1746,672 1739,672"/>
                <Baseline points="1751,731 1796,728 1826,734"/>
                <TextEquiv>
                    <Unicode>59</Unicode>
                </TextEquiv>
            </TextLine>
            <TextLine id="tr_2_tl_3" custom="readingOrder {index:2;}">
                <Coords points="548,792 1556,872 1882,840 1852,776 1741,792 1450,727 1340,783 546,737"/>
                <Baseline points="558,781 602,784 647,784 692,787 737,787 781,790 826,793 871,793 916,796 960,796 1005,796 1050,799 1095,799 1140,799 1184,802 1229,805 1274,805 1319,808 1363,811 1408,811 1453,811 1498,811 1542,814 1587,814 1632,817 1677,817 1721,820 1766,823 1811,820 1856,823 1886,826"/>
                <TextEquiv>
                    <Unicode>zweifle ich gar nicht daran. - Ist bei Ben. nach</Unicode>
                </TextEquiv>
            </TextLine>
            <TextLine id="tr_2_tl_4" custom="readingOrder {index:3;}">
                <Coords points="541,900 608,918 631,904 668,929 727,899 856,908 886,931 936,927 970,899 1101,927 1085,835 1051,849 1007,822 929,844 833,830 723,856 661,828 539,819"/>
                <Baseline points="549,874 593,877 638,877 683,883 728,883 772,883 817,886 862,886 907,889 952,889 996,889 1041,892 1086,892 1104,889"/>
                <TextEquiv>
                    <Unicode>mir gefragt worden?-</Unicode>
                </TextEquiv>
            </TextLine>
            <TextLine id="tr_2_tl_5" custom="readingOrder {index:4;}">
                <Coords points="539,1001 1934,1030 1911,975 1657,936 1413,966 1273,923 1037,955 535,920"/>
                <Baseline points="546,966 590,969 635,972 680,972 725,972 769,975 814,978 859,981 904,981 949,981 993,984 1038,984 1083,987 1128,990 1172,990 1217,990 1262,993 1307,993 1351,996 1396,996 1441,999 1486,1002 1530,1002 1575,1002 1620,1002 1665,1005 1710,1008 1754,1008 1799,1011 1844,1011 1889,1011 1933,1014 1939,1014"/>
                <TextEquiv>
                    <Unicode>Paul Goldmann hat unglaublich viel zu thun, und wenn</Unicode>
                </TextEquiv>
            </TextLine>
            <TextLine id="tr_2_tl_6" custom="readingOrder {index:5;}">
                <Coords points="539,1081 1959,1122 1957,1071 1811,1056 537,1032"/>
                <Baseline points="546,1062 590,1065 635,1068 680,1071 725,1071 769,1074 814,1074 859,1077 904,1077 949,1080 993,1080 1038,1083 1083,1083 1128,1086 1172,1086 1217,1089 1262,1089 1307,1092 1351,1092 1396,1095 1441,1095 1486,1098 1530,1098 1575,1101 1620,1101 1665,1104 1710,1104 1754,1104 1799,1107 1844,1110 1889,1110 1933,1110 1963,1113"/>
                <TextEquiv>
                    <Unicode>ich ihn nicht gerade auf seinen Excursionen zwischen</Unicode>
                </TextEquiv>
            </TextLine>
            <TextLine id="tr_2_tl_7" custom="readingOrder {index:6;}">
                <Coords points="544,1188 1324,1200 1517,1243 1944,1219 1943,1166 1895,1154 541,1110"/>
                <Baseline points="552,1151 596,1157 641,1163 686,1163 731,1163 775,1166 820,1169 865,1169 910,1172 954,1175 999,1175 1044,1175 1089,1178 1134,1178 1178,1181 1223,1181 1268,1184 1313,1187 1357,1187 1402,1190 1447,1190 1492,1190 1536,1193 1581,1196 1626,1196 1671,1196 1716,1202 1760,1202 1805,1202 1850,1205 1895,1205 1939,1211 1948,1208"/>
                <TextEquiv>
                    <Unicode>Büreau und Telegraphenamt begleite, wie z.B. gestern,</Unicode>
                </TextEquiv>
            </TextLine>
            <TextLine id="tr_2_tl_8" custom="readingOrder {index:7;}">
                <Coords points="539,1274 1921,1321 1920,1262 1558,1223 1448,1255 537,1216"/>
                <Baseline points="549,1256 593,1256 638,1259 683,1259 728,1262 772,1262 817,1265 862,1265 907,1268 952,1271 996,1271 1041,1271 1086,1274 1131,1277 1175,1277 1220,1277 1265,1280 1310,1283 1354,1283 1399,1286 1444,1286 1489,1289 1533,1289 1578,1292 1623,1292 1668,1295 1713,1295 1757,1295 1802,1298 1847,1298 1892,1304 1924,1304"/>
                <TextEquiv>
                    <Unicode>wo das Brandunglück in Bazar de la Charité den Zei.</Unicode>
                </TextEquiv>
            </TextLine>
            <TextLine id="tr_2_tl_9" custom="readingOrder {index:8;}">
                <Coords points="530,1347 1152,1411 1923,1413 1921,1344 1792,1331 1469,1356 1179,1303 1001,1338 528,1305"/>
                <Baseline points="540,1336 584,1345 629,1348 674,1348 719,1351 763,1351 808,1354 853,1354 898,1357 943,1360 987,1360 1032,1363 1077,1363 1122,1366 1166,1366 1211,1369 1256,1372 1301,1372 1345,1372 1390,1375 1435,1378 1480,1378 1525,1381 1569,1381 1614,1384 1659,1384 1704,1384 1748,1387 1793,1387 1838,1390 1883,1393 1927,1399"/>
                <TextEquiv>
                    <Unicode>tungen so viel zu thun gab, hab ich eigentlich wenig</Unicode>
                </TextEquiv>
            </TextLine>
            <TextLine id="tr_2_tl_10" custom="readingOrder {index:9;}">
                <Coords points="525,1445 1141,1505 1893,1503 1891,1453 1742,1430 773,1425 654,1384 523,1413"/>
                <Baseline points="534,1438 578,1444 623,1444 668,1447 713,1447 758,1450 802,1450 847,1453 892,1456 937,1456 981,1456 1026,1459 1071,1462 1116,1462 1160,1465 1205,1465 1250,1468 1295,1468 1339,1471 1384,1471 1429,1474 1474,1474 1519,1477 1563,1477 1608,1480 1653,1480 1698,1483 1742,1486 1787,1486 1832,1486 1877,1489 1895,1489"/>
                <TextEquiv>
                    <Unicode>von ihm. Aber sein Wesen macht mir sehr viel Freu-</Unicode>
                </TextEquiv>
            </TextLine>
            <TextLine id="tr_2_tl_11" custom="readingOrder {index:10;}">
                <Coords points="519,1547 730,1592 1856,1613 1852,1537 516,1484"/>
                <Baseline points="528,1530 572,1533 617,1536 662,1539 707,1539 752,1542 796,1542 841,1545 886,1548 931,1548 975,1551 1020,1551 1065,1551 1110,1554 1154,1557 1199,1557 1244,1560 1289,1560 1334,1563 1378,1563 1423,1566 1468,1566 1513,1569 1557,1569 1602,1572 1647,1575 1692,1575 1736,1578 1781,1578 1826,1578 1859,1578"/>
                <TextEquiv>
                    <Unicode>de; und er gehört zu denjenigen, an denen ich mich</Unicode>
                </TextEquiv>
            </TextLine>
            <TextLine id="tr_2_tl_12" custom="readingOrder {index:11;}">
                <Coords points="512,1648 1771,1689 1769,1629 1360,1586 1267,1620 1191,1581 980,1608 633,1560 510,1593"/>
                <Baseline points="522,1623 567,1623 611,1623 656,1626 701,1629 746,1629 790,1632 835,1632 880,1635 925,1638 969,1638 1014,1641 1059,1641 1104,1641 1148,1644 1193,1647 1238,1647 1283,1650 1328,1650 1372,1653 1417,1653 1462,1653 1507,1653 1551,1656 1596,1662 1641,1662 1686,1662 1730,1662 1775,1662"/>
                <TextEquiv>
                    <Unicode>erhole, von denen aus mir der Weg zu mir</Unicode>
                </TextEquiv>
            </TextLine>
            <TextLine id="tr_2_tl_13" custom="readingOrder {index:12;}">
                <Coords points="509,1748 1009,1753 1108,1788 1250,1760 1340,1801 1659,1780 1643,1695 984,1698 828,1663 702,1695 606,1661 505,1686"/>
                <Baseline points="516,1713 561,1713 605,1713 650,1716 695,1718 740,1718 784,1721 829,1724 874,1724 919,1724 963,1727 1008,1727 1053,1730 1098,1730 1143,1733 1187,1733 1232,1736 1277,1736 1322,1736 1366,1739 1411,1742 1456,1742 1501,1742 1545,1745 1590,1748 1635,1751 1662,1751"/>
                <TextEquiv>
                    <Unicode>selbst am freiesten und klarsten darliegt.</Unicode>
                </TextEquiv>
            </TextLine>
            <TextLine id="tr_2_tl_14" custom="readingOrder {index:13;}">
                <Coords points="744,1861 801,1866 845,1843 915,1861 1003,1849 1065,1866 1102,1858 1147,1879 1186,1858 1218,1872 1230,1866 1228,1785 1198,1792 1166,1774 1092,1792 1046,1776 934,1787 899,1771 741,1762"/>
                <Baseline points="752,1805 796,1808 841,1811 886,1814 931,1814 975,1817 1020,1817 1065,1820 1110,1820 1154,1820 1199,1823 1235,1826"/>
                <TextEquiv>
                    <Unicode>Herzlich der Ihre</Unicode>
                </TextEquiv>
            </TextLine>
            <TextLine id="tr_2_tl_15" custom="readingOrder {index:14;}">
                <Coords points="1198,1962 1230,1952 1257,1959 1274,1952 1297,1964 1331,1964 1338,1955 1352,1955 1390,1973 1406,1967 1400,1874 1374,1868 1360,1886 1336,1879 1328,1884 1285,1866 1262,1872 1241,1863 1230,1872 1193,1874"/>
                <Baseline points="1205,1909 1250,1912 1295,1915 1339,1915 1384,1918 1408,1924"/>
                <TextEquiv>
                    <Unicode>Arthur.</Unicode>
                </TextEquiv>
            </TextLine>
        </TextRegion>
        <TextRegion id="tr_1" custom="readingOrder {index:1;}">
            <Coords points="2826,669 4204,669 4204,2513 2826,2513"/>
            <TextLine id="tr_1_tl_1" custom="readingOrder {index:0;}">
                <Coords points="2879,748 2962,727 3309,730 3378,783 3487,799 3479,629 3331,691 3283,665 3254,682 3089,636 2955,668 2875,649"/>
                <Baseline points="2888,719 2933,722 2978,722 3023,725 3067,722 3112,725 3157,728 3202,728 3246,728 3291,734 3336,734 3381,740 3426,740 3470,740 3488,740"/>
                <TextEquiv>
                    <Unicode>A.S. an H.v.H. (50)</Unicode>
                </TextEquiv>
            </TextLine>
            <TextLine id="tr_1_tl_2" custom="readingOrder {index:1;}">
                <Coords points="3882,759 3905,759 3928,750 3937,755 3942,752 3949,755 3962,752 3962,697 3949,697 3944,691 3937,690 3928,698 3915,700 3900,697 3894,691 3882,691"/>
                <Baseline points="3891,743 3936,743 3966,743"/>
                <TextEquiv>
                    <Unicode>60</Unicode>
                </TextEquiv>
            </TextLine>
            <TextLine id="tr_1_tl_3" custom="readingOrder {index:2;}">
                <Coords points="3501,840 3533,849 3543,838 3568,854 3651,831 3683,849 3722,835 3761,849 3885,847 3901,840 3898,750 3880,757 3832,736 3788,753 3667,730 3619,755 3596,743 3527,762 3497,750"/>
                <Baseline points="3509,823 3554,823 3599,826 3643,826 3688,829 3733,829 3778,832 3822,832 3867,835 3906,838"/>
                <TextEquiv>
                    <Unicode>Paris, 20.5.97.</Unicode>
                </TextEquiv>
            </TextLine>
            <TextLine id="tr_1_tl_4" custom="readingOrder {index:3;}">
                <Coords points="2871,911 4201,945 4199,897 4112,874 3564,872 3341,810 3295,844 2870,831"/>
                <Baseline points="2882,895 2927,895 2972,898 3017,901 3061,901 3106,901 3151,901 3196,904 3241,904 3285,907 3330,907 3375,910 3420,910 3464,913 3509,913 3554,916 3599,916 3643,919 3688,919 3733,919 3778,919 3822,919 3867,922 3912,925 3957,925 4002,925 4046,925 4091,928 4136,928 4181,928 4204,928"/>
                <TextEquiv>
                    <Unicode>Mein lieber Hugo, sagen Sie, haben Sie alle meine</Unicode>
                </TextEquiv>
            </TextLine>
            <TextLine id="tr_1_tl_5" custom="readingOrder {index:4;}">
                <Coords points="2871,996 3733,1014 3841,1053 3949,1032 3947,975 3524,975 3462,923 2870,916"/>
                <Baseline points="2882,978 2927,981 2972,984 3017,987 3061,990 3106,990 3151,993 3196,993 3241,993 3285,996 3330,999 3375,999 3420,999 3464,999 3509,1002 3554,1002 3599,1005 3643,1005 3688,1005 3733,1005 3778,1008 3822,1011 3867,1011 3912,1014 3954,1011"/>
                <TextEquiv>
                    <Unicode>Briefe bekommen? Dieser ist der vierte.</Unicode>
                </TextEquiv>
            </TextLine>
            <TextLine id="tr_1_tl_6" custom="readingOrder {index:5;}">
                <Coords points="2875,1094 3160,1131 4110,1131 4109,1076 4040,1062 3662,1076 3417,1017 2873,1021"/>
                <Baseline points="2885,1086 2930,1086 2975,1086 3020,1086 3064,1089 3109,1089 3154,1092 3199,1092 3243,1095 3288,1095 3333,1098 3378,1098 3423,1098 3467,1101 3512,1101 3557,1101 3602,1101 3646,1104 3691,1104 3736,1107 3781,1107 3825,1110 3870,1110 3915,1110 3960,1113 4004,1113 4049,1113 4094,1116 4115,1113"/>
                <TextEquiv>
                    <Unicode>Ich reise Montag von hier nach London; meine</Unicode>
                </TextEquiv>
            </TextLine>
            <TextLine id="tr_1_tl_7" custom="readingOrder {index:6;}">
                <Coords points="2882,1182 3579,1234 4155,1221 4153,1166 2880,1124"/>
                <Baseline points="2891,1166 2936,1172 2981,1178 3026,1181 3070,1184 3115,1184 3160,1187 3205,1187 3249,1187 3294,1190 3339,1190 3384,1190 3429,1193 3473,1193 3518,1196 3563,1196 3608,1196 3652,1199 3697,1199 3742,1199 3787,1202 3831,1205 3876,1205 3921,1208 3966,1208 4010,1208 4055,1211 4100,1211 4145,1214 4160,1214"/>
                <TextEquiv>
                    <Unicode>Adresse dort: bei Felix Markbreiter, London S.E.</Unicode>
                </TextEquiv>
            </TextLine>
            <TextLine id="tr_1_tl_8" custom="readingOrder {index:7;}">
                <Coords points="2891,1271 2988,1306 4162,1317 4162,1269 4034,1241 3632,1273 2891,1221"/>
                <Baseline points="2900,1265 2945,1271 2990,1274 3035,1274 3079,1277 3124,1277 3169,1280 3214,1280 3258,1283 3303,1286 3348,1286 3393,1286 3437,1289 3482,1289 3527,1289 3572,1292 3617,1295 3661,1295 3706,1295 3751,1298 3796,1298 3840,1298 3885,1301 3930,1301 3975,1301 4019,1304 4064,1307 4109,1307 4154,1307 4166,1310"/>
                <TextEquiv>
                    <Unicode>Doodvillehall,Honoroak. Um den 1.herum bin ich</Unicode>
                </TextEquiv>
            </TextLine>
            <TextLine id="tr_1_tl_9" custom="readingOrder {index:8;}">
                <Coords points="2861,1386 4155,1416 4110,1338 3442,1361 3001,1296 2859,1328"/>
                <Baseline points="2870,1363 2915,1366 2960,1366 3005,1369 3050,1372 3094,1375 3139,1375 3184,1375 3229,1378 3273,1378 3318,1381 3363,1381 3408,1381 3452,1384 3497,1384 3542,1384 3587,1387 3631,1387 3676,1390 3721,1390 3766,1393 3811,1393 3855,1393 3900,1396 3945,1396 3990,1399 4034,1399 4079,1402 4124,1402 4157,1399"/>
                <TextEquiv>
                    <Unicode>in "ien. Es war sehr gescheidt, dass ich fortge-</Unicode>
                </TextEquiv>
            </TextLine>
            <TextLine id="tr_1_tl_10" custom="readingOrder {index:9;}">
                <Coords points="2863,1475 4176,1517 4174,1457 4116,1448 2861,1414"/>
                <Baseline points="2873,1462 2918,1465 2963,1465 3008,1465 3052,1471 3097,1471 3142,1471 3187,1474 3232,1474 3276,1477 3321,1477 3366,1480 3411,1480 3455,1483 3500,1483 3545,1483 3590,1483 3634,1486 3679,1486 3724,1489 3769,1492 3813,1492 3858,1492 3903,1495 3948,1498 3993,1498 4037,1498 4082,1501 4127,1501 4172,1501 4181,1504"/>
                <TextEquiv>
                    <Unicode>fahren bin; für das gegenwärtige sicher; aber es</Unicode>
                </TextEquiv>
            </TextLine>
            <TextLine id="tr_1_tl_11" custom="readingOrder {index:10;}">
                <Coords points="2857,1569 4178,1609 4151,1539 2857,1523"/>
                <Baseline points="2867,1554 2912,1557 2957,1560 3002,1560 3047,1563 3091,1566 3136,1566 3181,1566 3226,1569 3270,1569 3315,1572 3360,1572 3405,1575 3449,1575 3494,1575 3539,1575 3584,1578 3628,1581 3673,1581 3718,1584 3763,1584 3808,1587 3852,1587 3897,1590 3942,1590 3987,1593 4031,1593 4076,1593 4121,1596 4166,1596 4181,1599"/>
                <TextEquiv>
                    <Unicode>wird sicher auch für die Zukunft was zu bedeuten</Unicode>
                </TextEquiv>
            </TextLine>
            <TextLine id="tr_1_tl_12" custom="readingOrder {index:11;}">
                <Coords points="2848,1666 3302,1663 3449,1716 4119,1702 4118,1657 3993,1625 3325,1640 3102,1585 2847,1597"/>
                <Baseline points="2859,1650 2903,1650 2948,1650 2993,1653 3038,1656 3082,1656 3127,1659 3172,1659 3217,1662 3261,1662 3306,1662 3351,1665 3396,1665 3440,1665 3485,1668 3530,1671 3575,1671 3620,1674 3664,1674 3709,1677 3754,1677 3799,1680 3843,1680 3888,1680 3933,1683 3978,1683 4022,1686 4067,1686 4112,1689 4124,1689"/>
                <TextEquiv>
                    <Unicode>haben, wenn nicht alles Erleben Unsinn ist. Man</Unicode>
                </TextEquiv>
            </TextLine>
            <TextLine id="tr_1_tl_13" custom="readingOrder {index:12;}">
                <Coords points="2847,1739 3086,1781 4110,1792 4109,1732 3898,1710 3790,1737 3260,1687 2845,1700"/>
                <Baseline points="2856,1736 2900,1739 2945,1742 2990,1742 3035,1745 3079,1748 3124,1748 3169,1748 3214,1748 3258,1751 3303,1751 3348,1754 3393,1754 3437,1757 3482,1757 3527,1760 3572,1760 3617,1763 3661,1763 3706,1766 3751,1766 3796,1769 3840,1769 3885,1769 3930,1772 3975,1772 4019,1775 4064,1778 4109,1781 4115,1784"/>
                <TextEquiv>
                    <Unicode>weiss ja nie, was man von irgendwoher mitnimmt.</Unicode>
                </TextEquiv>
            </TextLine>
            <TextLine id="tr_1_tl_14" custom="readingOrder {index:13;}">
                <Coords points="2852,1852 4165,1900 4162,1801 3845,1835 2850,1772"/>
                <Baseline points="2861,1832 2906,1835 2951,1835 2996,1838 3041,1838 3085,1841 3130,1841 3175,1841 3220,1841 3264,1844 3309,1847 3354,1847 3399,1847 3443,1850 3488,1853 3533,1853 3578,1853 3622,1856 3667,1859 3712,1859 3757,1859 3802,1862 3846,1865 3891,1865 3936,1865 3981,1868 4025,1871 4070,1871 4115,1874 4160,1874 4166,1877"/>
                <TextEquiv>
                    <Unicode>wenn man den Koffer auspackt, so wundert man sich</Unicode>
                </TextEquiv>
            </TextLine>
            <TextLine id="tr_1_tl_15" custom="readingOrder {index:14;}">
                <Coords points="2843,1939 4077,1971 4075,1928 3834,1900 2841,1886"/>
                <Baseline points="2853,1924 2897,1927 2942,1927 2987,1930 3032,1930 3076,1933 3121,1936 3166,1936 3211,1939 3255,1939 3300,1939 3345,1942 3390,1942 3434,1945 3479,1945 3524,1948 3569,1948 3614,1951 3658,1951 3703,1954 3748,1954 3793,1957 3837,1957 3882,1960 3927,1963 3972,1963 4016,1963 4061,1963 4082,1966"/>
                <TextEquiv>
                    <Unicode>über die schönen Dinge, die man sich gar nicht</Unicode>
                </TextEquiv>
            </TextLine>
            <TextLine id="tr_1_tl_16" custom="readingOrder {index:15;}">
                <Coords points="2840,2042 4018,2081 4015,2005 2836,1973"/>
                <Baseline points="2847,2014 2891,2017 2936,2017 2981,2020 3026,2020 3070,2023 3115,2023 3160,2023 3205,2026 3249,2026 3294,2029 3339,2032 3384,2032 3429,2035 3473,2035 3518,2038 3563,2038 3608,2038 3652,2041 3697,2041 3742,2044 3787,2044 3831,2047 3876,2047 3921,2050 3966,2053 4010,2053 4019,2056"/>
                <TextEquiv>
                    <Unicode>mehr erinnern kann, hineingestopft zu haben.</Unicode>
                </TextEquiv>
            </TextLine>
            <TextLine id="tr_1_tl_17" custom="readingOrder {index:16;}">
                <Coords points="2838,2111 3487,2171 4128,2154 4128,2116 3993,2081 3295,2097 2958,2038 2836,2069"/>
                <Baseline points="2847,2100 2891,2103 2936,2106 2981,2109 3026,2109 3070,2109 3115,2112 3160,2112 3205,2115 3249,2118 3294,2118 3339,2121 3384,2121 3429,2124 3473,2121 3518,2124 3563,2124 3608,2127 3652,2127 3697,2127 3742,2130 3787,2133 3831,2136 3876,2136 3921,2139 3966,2139 4010,2142 4055,2142 4100,2142 4133,2145"/>
                <TextEquiv>
                    <Unicode>Ich freue mich sehr, dass ich Sie noch in Wien</Unicode>
                </TextEquiv>
            </TextLine>
            <TextLine id="tr_1_tl_18" custom="readingOrder {index:17;}">
                <Coords points="2825,2194 4009,2235 4008,2187 3777,2191 3719,2157 3642,2191 2824,2136"/>
                <Baseline points="2835,2193 2879,2196 2924,2196 2969,2199 3014,2199 3058,2202 3103,2202 3148,2202 3193,2202 3238,2205 3282,2208 3327,2208 3372,2208 3417,2211 3461,2211 3506,2214 3551,2214 3596,2217 3640,2217 3685,2217 3730,2220 3775,2223 3819,2226 3864,2226 3909,2226 3954,2226 3999,2226 4013,2223"/>
                <TextEquiv>
                    <Unicode>finde. Werden wir miteinander Rad fahren?-</Unicode>
                </TextEquiv>
            </TextLine>
            <TextLine id="tr_1_tl_19" custom="readingOrder {index:18;}">
                <Coords points="2831,2315 4146,2345 4144,2274 3846,2249 2829,2253"/>
                <Baseline points="2838,2280 2882,2283 2927,2283 2972,2286 3017,2288 3061,2288 3106,2288 3151,2291 3196,2294 3241,2294 3285,2297 3330,2297 3375,2300 3420,2300 3464,2300 3509,2300 3554,2303 3599,2306 3643,2306 3688,2309 3733,2312 3778,2312 3822,2315 3867,2315 3912,2318 3957,2318 4002,2318 4046,2321 4091,2321 4136,2324 4151,2324"/>
                <TextEquiv>
                    <Unicode>-Riesengebirge? Und wie wär es im August mit ein</Unicode>
                </TextEquiv>
            </TextLine>
            <TextLine id="tr_1_tl_20" custom="readingOrder {index:19;}">
                <Coords points="2818,2395 4148,2430 4144,2343 3885,2380 3632,2334 2817,2345"/>
                <Baseline points="2826,2378 2870,2375 2915,2375 2960,2378 3005,2378 3050,2378 3094,2378 3139,2381 3184,2384 3229,2384 3273,2387 3318,2387 3363,2390 3408,2390 3452,2393 3497,2396 3542,2396 3587,2396 3631,2396 3676,2399 3721,2402 3766,2402 3811,2402 3855,2405 3900,2405 3945,2408 3990,2411 4034,2411 4079,2414 4124,2414 4151,2414"/>
                <TextEquiv>
                    <Unicode>paar Bayreuther Tagen? Goldmann wird wohl nach</Unicode>
                </TextEquiv>
            </TextLine>
            <TextLine id="tr_1_tl_21" custom="readingOrder {index:20;}">
                <Coords points="2818,2508 2980,2467 3199,2506 3653,2501 3763,2559 3947,2515 4038,2535 4020,2444 3625,2466 3160,2414 2815,2427"/>
                <Baseline points="2826,2465 2870,2465 2915,2465 2960,2465 3005,2468 3050,2468 3094,2471 3139,2471 3184,2474 3229,2474 3273,2477 3318,2477 3363,2479 3408,2479 3452,2482 3497,2485 3542,2485 3587,2485 3631,2488 3676,2488 3721,2488 3766,2491 3811,2491 3855,2494 3900,2497 3945,2497 3990,2500 4034,2503 4040,2503"/>
                <TextEquiv>
                    <Unicode>Ischl kommen, möchte auch gern nach Bayreuth.</Unicode>
                </TextEquiv>
            </TextLine>
        </TextRegion>
    </Page>
</PcGts>
