4476 3432
1555 530 1684 717 84
377 579 788 685 A.S. an H.v.H.
893 598 999 694 68
375 664 1353 764 nukkeksustaanxx, gegannäntige, uax
380 776 1732 861 schleichende, immer gegenwärtige und unaufhaltsame
380 856 1768 976 Dinge in uns sind doch die perfideste Art, wie Alte:
382 968 1262 1055 und Vernichtung sich ankündigen.
384 1032 1744 1132 -Leben Sie wohl. Das mit dem Thurm war ja nur ein
380 1146 1752 1224 Spass. Ich hab ja gar kein Recht, Ihnen einen Thurm
380 1215 1765 1310 zu schenken, der in Bologna steht. Und was für Sche¬
371 1327 1287 1409 rereien hätten Sie an der Grenze!
568 1430 1004 1514 Von Herzen Ihr
1001 1512 1203 1580 Arthur.
3807 640 3894 729 85
2562 624 3184 757 A.S. an H.v.H. 69
3142 736 3538 846 Wien, 14.10.98.
2565 834 3841 922 Mein lieber Hugo, es ist jetzt so grau und kühl
2572 914 3971 1018 und feucht, und ich bin so verschnupft und habe eine
2574 1017 3894 1128 ganz geschwollene Nase, dass wohl an eine Hinter-
2581 1121 3922 1189 brühler Reise kaum zu denken ist, vielmehr vermute
2584 1205 3941 1292 ich Sie kommen früher nach Wien. Viele Grüsse hab
2586 1292 3943 1392 ich Ihnen von Brahm.Harden und der Dumont zu brin-
2581 1374 3915 1465 gen. Die Leute spüren doch ungefähr, wer Sie sind.
2577 1493 3920 1561 Man freut sich auf‘Ihr Wiederkommen, auf Ihr neues
2579 1568 3871 1658 Stück,-mir scheint, im Jänner sind einige Abende
2593 1667 3908 1745 für Sie frei; (von den künftigen Monaten ganz zu
2586 1752 2888 1841 schweigen).
2586 1833 3934 1920 Über meinen Berl. Aufenthalt mündlich. Der Erfolg
2584 1937 3946 2005 nach dem 3. Akt war überraschend stark. Während des
2584 2023 3896 2103 Akte hatte ich die Empfindung, das Stück ist hin.
2614 2150 3934 2225 Da kamen die letzten spaar Szenen, die wirkten un-
2584 2209 3915 2312 mittelbar und sind ja wirklich aller Ehren werth.
2581 2331 3758 2415 Aber aus welchen Tiefen steigen sie empor? -
2589 2419 3974 2494 Im übrigen wird sich das Stück nicht lang halten;
