4471 3432
581 634 991 720 A.S. an H.v.H.
1803 636 1887 725 61
1124 621 1221 748 50
582 694 1130 837 Bitte sagen Sie dem
1176 723 1888 820 Richard, ich hab vergessen,
573 818 1189 907 ihm das zu schreiben. -
582 885 1944 1009 - Nach dem Arbeiten glaub ich hab ich mich in mei-
573 987 1842 1089 nem ganzen Leben nicht so gesehnt wie jetzt! -
582 1093 1618 1189 Bitte grüssen Sie Ihre Eltern von mir.
1111 1183 1369 1284 Herzlich
1172 1276 1441 1395 der Ihre
1304 1371 1508 1477 Arthur.
3968 675 4053 762 62
3254 696 3456 824 (5e)
2807 716 3213 820 A.S. an H.v.H.
3502 785 3879 883 Ischl, 8.7.97.
2803 861 4105 974 Mein lieber Hugo, gestern ist Ihr Brief aus der
2807 985 4163 1080 Fusch gekommen. Ich freue mich sehr, dass es Ihnen
2823 1074 4163 1196 gut geht und weiss, dass manche von den Versen, die
2818 1150 4092 1265 Sie "versuchen" Ihnen gelingen werden. Glauben
2825 1256 4174 1371 Sie dasnicht selbst? Ich selost schreibe an einem
2840 1365 4166 1462 stück, dessen zweiten Akt ich heute begonnen habe.
2823 1443 4070 1564 Es ist nicht das, was ich mir vorgenommen habe
2831 1538 4226 1644 sondern ein anderes, das mir als Einfall bereits vor
2836 1616 4250 1746 ein paar Monaten in Wien gekommen und mir plötzlich,
2838 1712 4242 1836 in den zwei ersten Tagen meines Ischler Aufenthalts
2836 1812 4328 1918 mit grosser Lebendigkeit,Soene für Scene klar geworden
2844 1905 4315 2009 ist. Ich habe den ersten Akt mit viel Liebe geschrie-
2847 2000 4142 2115 ben, bin gegen den Schluss misstrauisch geworden
2844 2085 4213 2193 und fand ihn beim Durchlesen vorgestern blaes. Aus
2849 2176 4200 2280 verschiedenen Gründen ist die ganze Stimmung wie-
2849 2287 4196 2371 der ins dunklere hineingeraten, aber die Hoffnung.
2853 2363 4250 2460 dass es wieder besser wird, darf bestehen. Ich werde
2851 2463 4259 2565 weiter arbeiten,wie man unter drohenden Wolken wei
2855 2527 4207 2680 terfährt; (was doch eigentlich ein recht stupider
