4480 3466
1564 721 1673 846 180
343 775 760 869 A.S. an H.v.H.
921 769 1011 881 110
345 817 1708 959 ist, wenn sie hinter einem Stubenmädel, die öffnet,
349 919 1723 1067 direkt ins Zimmer stürzen, ohne Meldung abzuwarten,
359 1005 1827 1157 -oder man soll sie hinauswerfen-wasauch wieder schwer
345 1105 1783 1259 ist, wenn man nicht weiss, wer sie sind und sie plötz-
351 1193 1817 1345 lich aus heitern oder vielmehr bewölktem Himmel einem
347 1324 1765 1429 Glückwünsche zu unvermutet erschienenen fünftausend
347 1405 1794 1529 Kronen (nebst Ehre, Auszeichnung und Lorbeer) zu Füs-
345 1493 1763 1616 sen legen. Uebrigens werd ich Ihnen nächstens noch
347 1577 1804 1702 etwas komisches vom Vormittag des 15.Januar erzählen.
336 1685 1788 1798 Zur Arbeit fühl ich mich schon sehr bereit; an Tagen,
345 1754 1811 1861 da man innerlich und äusserlich allerlei ordnen konn-
345 1838 1756 1951 te, und selbst an Einfällen hat es nicht gefehlt. Wie
342 1940 1654 2066 gehts Ihnen allen? Olga ist über die prachtvolle
343 2017 1750 2161 Schale sehr froh. Ich hab sie ihr erst in desinfis-
340 2132 998 2241 zierten Raum übergeben.
351 2214 1287 2306 Wir grüssen Buch! Lasst was hören!
879 2322 1101 2427 Arthur.
2588 689 3001 840 A.S. an H.v.H.
3885 718 4003 819 181
3241 685 3404 852 117
3264 794 3968 927 Seis am Schlern, 6.8.1908.
2590 871 4050 1013 Lieber Hugo, Sie sehen, wir sind noch immer da, und wahr
2596 990 4062 1101 scheinlich bleiben wir bis ungefähr 20., wenn nicht lä
2592 1071 4060 1213 ger. Seit 10 Tagen ist Wassermann hier, Agnes Speyer,
2592 1176 4049 1284 Dr.Kaufmann, und gestern sind wir von einer sehr schö-
2590 1268 4058 1383 nen Partie zurückgekommen:-Seis-Weislahnbad-Jungbrunn
2590 1353 4072 1447 thal-Schlern-Seis ;-besonders der (etwa östündige) Spa-
2592 1454 4098 1562 ziergang von hier nach Weislahnbad gehört zu den schön-
2590 1548 4091 1625 sten, die man träumen kann, und ist, wie die ganze Gegend,
2581 1608 4026 1717 nicht berühmt genug. Vor 8 Tagen ist Brahm abgereist,
2606 1717 4041 1825 der sich nicht weniger als 3 Wochen lang hier aufge-
2577 1807 4016 1907 halten hat, und, trotz allerlei mehr oder weniger fun-
2581 1913 4093 2005 dierten Hypochondrieen, in guter Laune und eben solchem
2583 1992 4091 2099 Wohlbefinden. Von hier aus mach ich mit Olga eine kleine
2579 2091 4121 2203 Reise; wohin steht noch nicht fest-Martino oder Campiglio
2569 2162 3465 2266 eventuell München zum Schluss.-
2563 2218 4014 2360 Dass Sie zu meinem Homan kein glückliches Verhältnis
2573 2347 3978 2448 gefunden haben, war in der Tat nicht schwer zu mer-
2577 2433 3958 2558 ken. Und so sehr ich Ihrem Ausspruch beistimme, dass
2583 2535 3955 2667 Sie zwischen mir und meinen Arbeiten keine Grenze
