4493 3432
554 650 1153 787 A.S. an H.v.H. (64)
552 764 1792 877 xxdenke, so ist die Sache am einfachsten.
554 865 1872 975 Hier bin ich noch bis Dienstag; jedenfalls bitte
552 968 1826 1069 antworten Sie mir gleich. Ob wir uns schon in
566 1070 1754 1163 Innebruck oder erst in Basel treffen, ist bei
554 1168 1332 1248 dem Wesen unserer Tour egal.
542 1243 1799 1356 Hoffentlich hat diese Korrespondenz schon end-
545 1349 1761 1443 giltige Bedeutung; ich freue mich riesig auf
540 1450 1828 1527 die Reise, und besonders, dass auch meine Zeit
542 1530 1852 1614 verhältnismässig unbeschränkt ist. Also nochmals
540 1613 1141 1717 bitte gleich Antwort.
1103 1698 1503 1809 Von Herzen Ihr
1500 1796 1717 1893 Arthur.
528 1893 1854 1977 Richard hat Schwarzkopf und mir in Salzburg sein
528 1992 1794 2073 3.Kapitel vorgelesen. Es ist ausserordentlich.
3936 597 4030 681 81
3312 592 3406 706 65
2780 646 4148 773 A.S. an H.v. H.3 Karten nach Lugano, Hotel du Parc.
2792 754 3290 848 (Karte aus Luzern)
3649 768 3880 836 22.8.98.
3533 812 3873 886 Montag Früh.
2784 838 3991 917 Mein lieber Hugo, das Recepisse habe ich noch
2780 915 4007 971 am selben Abend (Mittwoch?) an Sie abgesandt.
2789 954 3989 1016 im Couvert des Hotels; hoffentlich haben Sie
2780 992 4087 1064 es schon.- Habe eine wunderschöne Reise gemacht
2784 1053 3991 1101 werd jetzt vielleicht in Luzern bleiben, von
2780 1088 4053 1151 hier aus Partien machen und arbeiten, womöglich.
2777 1144 4032 1197 möcht einen Teil der Heimreise per Rad machen,
2780 1183 4010 1255 bitte Nachrichten hieher.Herzl.Grüsse Ihr A.
3589 1293 3812 1366 27.8.98.
3329 1272 3417 1370 166
3290 1341 4000 1423 Alpnach Stad.Samstag Früh.
2775 1390 4116 1460 Mein lieber Hugo, ich bin hieher per Rad gefahren;
2780 1445 4061 1496 will per Bahn auf den Pilatus. Morgen denke ich
2780 1484 4012 1539 Luzern zu verlassen, in dem ich mich ganz wohl
2787 1534 4027 1585 behagt. nur physisch nicht so beisammen war als
2775 1575 4104 1624 ich gewünecht. Ich will die Route Mailand-(Pavia-
2768 1621 4049 1669 Piacenca—Parma) -Modena-Bologna -Ferrara-Padua-
2780 1669 4003 1712 Vicenca-Verona-Wien einschlagen.-Gestern habe
2775 1700 4075 1761 ich eine kleine Geschichte zu schreiben angefan-
2768 1751 4104 1807 gen. Schreiben Sie mir ein Wort nach Bologna post.
2768 1813 4049 1854 rest.Grüssen Sie Richard von mir, wenn er kommt.
2768 1823 4140 1908 Ich hoffe Sie gut gelaunt und heiter und bin von H
2762 1890 2950 1965 Herzen
3169 1924 3475 2001 Ihr Arthur.
