4493 3432
479 594 876 689 A.S. an H.v.H.
508 682 1792 806 was bedrückt, eine gewisse Fülle in mir, ja sogar
400 786 1514 900 die Neigung dieser Fülle, sich zu ordnen.
448 883 1765 986 Ich hoffe Sie können mir bald sagen, wie es Ihnen
452 967 1842 1059 oder vielmehr dass es Ihnen besser geht. Was werden
448 1057 1794 1150 Die schreiben? In mir est der Streit zwischen dem
441 1161 1646 1251 Stück und dem Roman noch nicht entschieden.
499 1269 1842 1357 Leben Sie wohl - ich sende den Brief doch lieber
446 1351 1783 1445 nach Mödling; möge er Sie heiter und herzlich be-
448 1436 686 1551 grüssen.
764 1522 867 1598 Ihr
956 1620 1165 1695 Arthur.
2643 667 3038 775 A.S. an H.v.H.
3195 711 3284 805 62
3720 735 3877 827 1898?
2633 828 4106 927 Mein lieber Hugo, mit den Aerzten sichts hier schlecht
2637 933 4065 1031 aus; am liebsten empfehle ich Ihnen Dr.Herschmann, der
2646 1006 4045 1083 wohl der gescheidteste ist, selbst einmal mit seinem
2646 1095 4012 1183 Lungen zu thun hatte und jetzt ganz gesund ist.-Es
2643 1176 4014 1260 thut mir leid, dass ich Poldi Andrian nicht in der
2637 1262 4089 1331 nächsten Zeit sehen kann; ich denke doch, dass ihm man-
2643 1359 3241 1428 ches auszureden wäre.
2641 1463 4056 1532 Heute fahre ich vielleicht mit Richard nach Gmunden,
2637 1523 3961 1595 wo Freiwild ist; morgen nach Salzburg; übermorgen
2646 1620 3985 1703 Früh beginnt die bereits angedeutete Radtour. Zwei
2632 1721 4056 1779 kleine Schwäger und wahrscheinlich Wolzogen (Lumpen-
2637 1798 3262 1889 gesindel) sind mit mir.
2637 1887 3098 1984 Herzlichen Gruss,
3092 1981 3284 2079 Ihr A.
3186 2076 3317 2165 === =====
