4492 3431
1720 617 1836 695 152
484 630 899 721 A.S. an H.v.H.
1031 708 1845 810 106 Wien, 15. Oktober 1904.
3759 744 3882 831 153
3248 738 3581 872 Nog 106
2667 772 3079 880 A,S. an H.v.H.
494 778 846 901 Lieber Hugo!
2678 831 4120 948 Aber sonst steht die Sache nicht so einfach, und Lin-
791 848 1908 986 Dass Sie Lindemann Ihre Stücke verweiger-
2684 925 4135 1056 demann ist gewiss nicht so frei von Schuld, als es im
507 961 1993 1088 ten, wundert mich, denn dazu liegt meiner Empfindung nach
2684 1022 4177 1136 Brief des Fräulein Dumont an Sie in allerbestem Glauben
500 1067 1927 1162 keine Ursache vor. Fischer schrieb mir vor Monaten, er
2689 1124 3164 1224 dargestellt wird.
505 1153 1932 1249 wolle seinen Autoren das Ansinnen stellen, aus Ursache
2695 1173 4207 1312 Insbesondere handelt es sich darum, dass L. nach der mat-
509 1219 1904 1340 des bewussten Streitfalles zwischen ihm und L., resp.
2695 1276 4114 1385 ten Aufnahme des Stücks durch das Berliner Publikum
509 1332 1945 1416 zwischen mir und L. in Betreff des "Einsamen Wegs", dem
2704 1363 4213 1474 weder von einer vorher, noch von einen nachher zu zahlen-
505 1412 1993 1525 L.schen Unternehmen, ihre dramatischen Arbeiten bis auf
2704 1442 4162 1569 den Garsntiesumme etwas wissen wollte, trotzdem vor der
505 1497 1981 1586 Weiteres zu verweigern. Ich sprach mich mit Entschieden-
2701 1535 4152 1654 Aufführung - ich glaube, am Tage der Auffühnung - ein
500 1573 1983 1688 heit dagegen aus, da mir jede Art von solidarität ziem-
2706 1637 4228 1724 Telegramm von ihm eingelaufen war, das sich mit den letz-
509 1671 1964 1773 lich zuwider ist und ich besonders in dem vorliegenden
2720 1711 4179 1834 ten Bedingungen Fischers einverstanden erklärte,-womit
505 1756 1961 1864 Fall es auch von jedem andern Autor unrichtig gefunden
2710 1800 4164 1908 nicht nur nach allgemeinem Usus, sondern auch nach dem
503 1860 1892 1944 hätte, aus einer rein privat-prozessualen Sache eine
2720 1883 4209 2012 Urteil juridischer Sachverständiger, ein rechtsgiltiger
505 1923 1961 2031 öffentliche Affaire zu machen und damit vielleicht an-
2727 1987 4128 2076 Vertrag zustande gekommen war,- und dass sich Fischer
509 2016 2002 2127 dere Leute, die die ganze Geschichte nicht interessiert,
2727 2069 4215 2174 durchaus nicht hütet, die Angelegenheit auf dem Klageweg
503 2097 1944 2195 materiell zu schädigen. Damit erledigt sich Ihre Frage
2723 2173 4154 2260 zu erledigen, (wie Frl. Dumont in ihrem Brief sagt) er-
511 2180 1947 2297 von selbst, und ich bitte Sie nur, ohne jede Rücksicht
2725 2248 4218 2360 sehen Sie am besten aus den zwei Briefen, die ich Ihnen
509 2292 1997 2407 auf mich, auch bei Lindemann Ihre Stücke ganz nach Gut-
2727 2318 4126 2439 hier beilage und um deren Rücksendung ich Sie bitte,
509 2368 1060 2475 dünken su placieren.
2727 2438 4139 2530 und aus denen Sie 1.ersehen, dass Justizrat Jonas die
2723 2472 4167 2648 Forderung der sofortigen Zahlung der 5000 M. für be-
