4492 3431
1663 653 1785 762 158
505 690 936 816 A.S. an H.v.H.
1046 710 1193 818 107
516 757 1929 905 da wir nicht mehr von ihm angerührt werden, aber im-
516 881 1859 1003 merhin! Wir denken:Muss das ein Kerl gewesen sein-
516 977 1957 1097 dass die zwei gar nicht merken, wie wenig er es heute
518 1050 1855 1169 istl-Mitterwurzer, Kainz, Bassermann wieder trügen
525 1171 1900 1292 dieses „gewesene“ wie einen Heiligenschein von ver-
518 1253 1899 1399 stäubten Schicksalen um ihr Haupt, einen Schein, der
530 1347 1964 1461 eben nur in Persönlichkeitsatmosphäre sichtbar wird.
527 1459 1910 1546 Davon, wird bei Grunwald nichts merklich sein. Warum
532 1522 1913 1669 ich ihnen das sage weiss ich eigentlich nicht-denn
534 1631 1850 1752 wenn Bassermann absolut nicht will, ist G. gewiss
532 1691 1962 1848 der einzige, der in Betracht kommt. Er wird setze
532 1819 1872 1920 ich voraus, die Holle von der weibisch-verwöhnten
530 1899 1862 2005 Seite her zu nehmen suchen, ja, er wird vielleicht
532 1996 1935 2101 auch das hysterisch-verlogene (es ist eine Bezeich-
538 2092 1980 2190 nung, kein Schimpf) in lebhafterer Weise herausbringen.
536 2172 1911 2272 als Sie wollten. Wie immer, -es wird durch diese Be-
532 2239 1984 2358 setzung mehr als je die Tragödie von der Enttäuschung
532 2346 1861 2456 des Pierre, und vielleicht kommt nun allesbei der
541 2420 1935 2534 Einstudierung darauf an, mit diesem Gleichgewichts-
3381 608 3508 726 107
3984 684 4094 778 159
3381 695 3533 831 M
2735 644 3157 805 A.S. an H.V.H.
2749 780 3772 880 verhältnis von vornherein zu rechnen.
2746 865 4170 970 Sie haben doch nun meine Karte ans Lueg bekommen?
2755 961 4132 1048 Wir sind also Montag den 2. abends 8 Hietzing, Kuff-
2749 1039 4134 1160 ner. Vielleicht ist unser Charolais doch schon hier
2746 1167 3053 1294 und kommt?
3043 1222 3443 1338 Herslichst Ihr
3309 1408 3455 1526 ¬====
