4471 3432
408 665 1029 790 A.S. an H.v.H. (47)
1761 667 1848 759 53
2565 682 2953 813 A.S. an H.v.H.
3843 727 3930 800 54
3107 690 3261 832 (48)
415 740 1734 877 bischen das Gefühl des "Menschenfreunds" aus dem
3391 790 3887 902 5.Rue de Maubeuge,
409 846 1861 948 Raimund'schen Märchen gehabt, -aber können wir wirkli-
3332 834 3726 957 Paris, 28.4.97.
2565 932 4053 1046 Lieber Hugo, an Fischer hab ich geschrieben, ich zweifle
409 942 1859 1027 che Menschen uns auch "bessern?" Mit Bewusstsein ent-
2565 1027 4072 1129 nicht, dass er ohneweiters einverstanden ist. Warum aber
404 1017 1515 1134 wickeln - das müsste wohl möglich sein! -
409 1123 1903 1236 - Sagen Sie mir ein Wort, wie es Ihnen und andern Leuten,
2565 1111 4005 1211 glauben Sie, dass alle diese Sachen sich nur von Paris
2567 1230 3999 1317 aus komisch anhören. Sie sind übrigens mehr ekelhaft
404 1213 1830 1296 von denen Sie gerade erzählen wollen, (was mir jeden-
404 1288 1826 1396 falls erwünscht wäre) geht.- Ich werde Ende Mai,spä-
2570 1288 3943 1394 als komisch. Wenn sich Clara nur nicht viel draus
404 1407 1901 1490 testens Anfang Juni, wieder in Wien sein. Das Wetter ist
2582 1380 4056 1494 macht und sich nicht gar zu viel sekieren lassen muss.
388 1507 1922 1609 nicht schön; noch kenn ich eigentlich den Pariser Früh
2588 1513 4051 1580 Grüssen Sie sie und Anna von mir herzlich. Ist es mög-
392 1584 707 1676 lung nicht.
2580 1601 4041 1703 lich, dass Minni an dem Tratsch zum Theil schuld ist?
392 1676 1538 1757 Grüssen Sie alle, die wir beide gern haben.
2588 1686 3960 1788 (Da wird sie mir ja auch was ähnliches anrichten!)
732 1767 1286 1878 Herzlich grüsst Sie
2580 1786 4035 1871 Sonderbarerweise das einzige literarische, worüber ich
1038 1859 1346 1965 Ihr Arthur.
2580 1884 4020 1982 hier ein bisl nachgedacht, ist das Stück, wo sie mich
377 1928 1865 2072 such Ihren Eltern, bitte, empfehlen Sie mich freundlich.
2576 1955 4068 2086 rettet. Aber sie ändert sich mir im Kopge, sie ist schon
2582 2051 2955 2163 beinah blind.
2576 2151 4122 2272 Meinen Brief von gestern oder vorgestern haben Sie doch!
2586 2245 3126 2357 - Arbeiten Sie was?
650 2307 1313 2434 No 48
2574 2334 4062 2436 Eben komme ich von Versailles zurück und habe eine un-
2580 2424 3933 2540 beschreibliche Lust nach Grün und Luft und Stille
2559 2501 4068 2638 heimgebracht; eine so heftige Ungeduld, dass ich gleich
