4491 3528
1225 798 1737 904 26.7.1928. Bl.3
312 862 709 990 A.S. an H.v.H.
866 871 1024 995 143
350 942 1689 1103 scheint; es ist wahrhaftig Dichtung für Musik und
361 1030 1717 1152 aus Musik zugleich. Die beiden Akte sind mir jeder
363 1128 1744 1248 für sich, einleuchtender, als in ihrem innern Zusam-
361 1206 1740 1361 menhang; das ganze Problem hat mich sehr bewegt, und
368 1303 1746 1432 ich denke, Sie hätten es noch tiefer erschöpft, wenn
374 1403 1660 1545 Sie sich - ohne jeden Gedanken an und ohne Jede
372 1489 1700 1640 Rücksicht auf Melodisierung und auf Operisierun
381 1595 1717 1693 Ihrem dramatischen ingenium hätten hingeben dür-
379 1686 1755 1799 fen (wie ich derartiges in Ihren einleitenden Wor-
386 1777 1832 1883 ten schon in der N.Fr.Pr., wunderbar angedeutet fand.)
386 1852 1788 1985 Nur mit den Liebestränken, besonders den Rosierungs-
383 1945 1848 2052 möglichkeiten konnt ich mich nicht befreunden; irgend-
397 2059 1828 2163 wo in mir steckt doch ein Pedant und Nationalist und
386 2132 1850 2278 der Teufel soll mich holen, am Ende gar ein Recensent.
392 2223 1841 2338 Nun, mein lieber Hugo, lassen Sie sich nochmals danken-
392 2320 1824 2437 und nach allen Richtungen bestes und gutes wün-
388 2393 1810 2526 schen. Und wer weiss, vielleicht sieht man sich sogar
383 2504 802 2626 wieder einmal.
1041 2508 1181 2694 tren
847 2537 960 2670 Ihr
1183 2535 1436 2685 Arthur
3204 802 3332 909 140
2652 846 3904 1021 A.S. an H.v.H. Wien,4.11.1928.
2652 1002 4048 1143 Ich danke Ihnen sehr, liebe Gerty, Wenn Hugo wieder
2661 1117 4088 1216 nach Wien kommt, so hoff ich sehr, Sie Beide zu sehen.
2657 1201 4070 1314 Für heute kann ich noch nicht viel mehr sagen. Ihre
2666 1303 4057 1432 Freundschaft tief empfindend, mit vielen Grüssen an
2674 1383 3197 1520 Sago und sie,Gerty,
3184 1480 3290 1576 Ihr
3288 1536 3517 1664 Arthur.
