4513 3433
809 165 1005 319 1/1/11
1618 132 1710 288 V.
1152 631 1253 738 88)
600 648 1007 749 A.S. an H.v.H.
1785 666 1899 733 118
1297 738 1718 829 Wien, 29.3.1902.
599 809 1953 892 Mein lieber Hugo, da ich aus Ton und Inhalt Ihres
600 900 2051 1001 Briefes entnehme, dass Sie wirklich, wenn auch in einer
608 1008 2008 1090 von mir nicht geshnten, nicht für möglich gehaltenen
604 1106 1968 1166 Weise und wahrhaftig nicht ganz berechtigten Weise
609 1192 1968 1261 verletzt sind, so liegt es mir vor allem am Herzen
600 1277 1915 1348 Ihnen zu sagen, dass mir das beinah weh, nicht nur
604 1349 1968 1442 leid tut. Hätte ich eine Ahnung gehabt, dass Sie auf
604 1453 2035 1514 diese Frühstückssache irgendeinen beträchtlichen Wert
599 1531 1990 1609 legen, hätten Sie mir z. B. geschrieben: es wäre mir
608 1605 1921 1714 angenehm - es ist mein spezieller Wunsch etc. ich
593 1705 2048 1794 hätte natürlich kein Absagetelegramm an Sie geschickt,
593 1810 2011 1874 obzwar das mit der Unbequemlichkeit in den nächsten
593 1883 2001 1979 Tagen wahrhaftig keine Ausrede war. Ich glaube auch,
595 1964 1984 2069 dass ich nicht abgesagt hätte, wenn Sie mich zu sich
589 2077 1966 2147 geladen hätten, aber so spielte auch, halb unbewusst
593 2138 1935 2220 die Ueberlegung mit:"ein neues Haus,-ich, der gar
589 2209 2008 2314 nirgends hingeht". Das letztere soll natürlich keine
589 2327 1997 2409 Entschuldigung sein, sondern wird hier nur beigefügt,
582 2416 1939 2499 ### da es zur Vollständigkeit gehört. Sie werden
2654 176 2806 276 11 17
3359 580 3457 695 88
4034 624 4146 696 119
2851 635 3239 726 A.S. an H.v.H.
3424 678 3520 747 ich
2849 700 4271 809 gewiss erwidern, dass schon aus dem Umstand, das
2858 803 4291 920 Sie mir überhaupt geschrieben haben, entnehmen müsste,
2858 881 4239 985 es handelte sich um einen herzlichen Wunsch von Ih-
2855 959 4177 1066 nen. Bei näherer Ueberlegung sehe ich das ein, und
2864 1074 4242 1152 es war unrecht von mir, so rasch, ohne Würdigung die-
2868 1157 4277 1244 ses Umstands, Ihnen abzutelegraphieren. Aber die Hoff-
2868 1246 4210 1344 nung einer Bekanntschaft für nächstens, die ich am
2869 1326 4153 1429 Schluss ausgesprochen habe, war keine Phasse, und
2877 1415 4188 1525 dass Ihr Aerger über mich geschwunden ist, werden
2875 1500 4228 1591 Sie bei unserm nächsten Zusammensein am besten da-
2875 1596 4239 1676 durch beweisen, dass Sie lieber auf den letzten als
2882 1687 4255 1770 auf den ersten Satz meines Telegramms zurückgrei-
2882 1774 4244 1855 fen. Denken Sie freundlichst noch einmal dran, dass
2882 1855 4248 1941 ich seit sehr vielen Jahren kein mir fremdes Hans
2886 1952 4268 2046 betreten habe und Sie werden vielleicht spüren, dass
2878 2046 4202 2133 ich mit dem Wort von der Unbequemlichkeit mich
2882 2120 4257 2204 selber mehr ins Unrecht gesetzt habe, als notwendig
2886 2211 4277 2311 war. Das wesentliche ist und bleibt:mir kam Ihr heu-
2891 2296 4280 2387 tiger Brief so überraschend wie möglich-denn als io
2882 2385 4239 2474 mein Telegramm absandte, war ich mir absolut nicht
