5067 4712
1154 516 1874 702 1 ̃
595 953 2210 1116 mit einer gewissen Rücksichtslosigkeit
615 1060 2244 1259 sich ausbaut und vollendet, bis der letzte
619 1156 2131 1330 Zweifel, der sie ungewiss macht in den
608 1242 2263 1400 Unwissen, fällt - so flackert hier das
608 1343 2257 1499 Leben einer Sterbenden über den vielen
623 1418 2218 1602 Gestalten einer bewegten und wilden
651 1520 2304 1724 Zeit. Wunderbar einfach ist das kom¬
651 1617 2244 1811 plizierte Wesen der Beatrice gefahrt und
651 1704 2302 1889 mit wirklich großer Gerechtigkeit stehen Sie
632 1833 2169 1996 über ihm und seinen Wirren. So dass
645 1908 2304 2096 es scheint, als stünde man gar keinem
645 1994 2353 2197 Ausnahmsfall, im Gegentheil einem tag¬
662 2081 2285 2310 lichen (bislang unerkannten) Typus ge¬
666 2195 2280 2411 genüber; es ist fast, als wäre nur für
666 2300 2355 2490 Mißtrauische und Schwerfällige das fantasti¬
683 2400 2321 2593 sche Milieu jener breiten Zeit nothwen¬
677 2497 2304 2709 dig gewesen, und man bedauert ei¬
677 2593 2227 2792 nen Augenblick fast, die Gestalt des
692 2694 2310 2919 bewegten Mädchen aus so vielen Grup¬
698 2811 2343 3019 gen auslösen zu müssen. Aber das Bedau¬
689 2921 2257 3113 ern geht vorüber: Beatrice praagt sich
696 3008 2302 3199 so stark aus, daß die ganze Zeit mit
700 3090 2293 3310 ihren Kriegen und Giften, Liedern
709 3188 2332 3390 und Schreien, hingerissen von ihr, sich so
698 3340 1518 3516 zu geberden scheint.
1013 3415 2338 3606 Ich möchte Ihnen noch viel sagen
711 3486 2441 3747 zu diesem Buche: z.B. auch daß "das Herzogin¬
3280 542 3477 700 1: ̃
2597 822 4257 1060 seinwollen "Beamices" (schon in der ersten Erzählung
2599 925 4218 1107 des Traumes kommt das zum Ausdruck) - ei¬
2602 1047 4268 1244 gentlich wie ein Kunstlerwunsch wirkt, die
2608 1101 4244 1325 Stimmung Herzogin irgendwie zu schaffen.
2612 1201 4238 1428 Ich weiß nicht, ob das klar genug gesagt ist.
2617 1310 4248 1503 Es wäre das Schicksal Nichtschöpferischer, die doch
2610 1377 4227 1600 Schaffenstriebe tragen; sie müssen sie noth¬
2623 1482 4285 1707 wendig mißverstehen und die ihnen vorschwi¬
2640 1576 4208 1788 benden Gestalten im Leben durchsetzen
2634 1756 3026 1859 wollen...
2803 1771 4257 1968 Vielleicht sag ich das später einmal
2647 1874 4148 2071 einfacher, deutlicher. Ich bin hier jetzt
2647 1961 4220 2131 einer strengen Cur unterworfen, der Worte
2647 2045 4242 2223 und des Ausdrucks entwohnt... und
2670 2141 4201 2315 dies soll mir ein rascher Dank sein.
2814 2250 3863 2435 Meine Frau grüßt Sie sehr.
2826 2340 4272 2557 Übrigens: sie ist Bildhäuerin. Hat heuer
2672 2467 4242 2623 in Minichen und Dresden ausgestellt,
2679 2552 4218 2711 Vielleicht kommen Sie in die eine oder
2672 2640 4242 2792 andere Stadt. Deshalb erwähne ichs, da
2677 2764 4094 2919 Sie sich vielleicht dafür interessieren.
2826 2841 4160 3023 Und vielleicht kommt es auch
2707 2921 4242 3109 einmal zu einem Wiedersehen. Unser
2696 3008 4276 3210 Bauernhaus ist in nächster Nachburschaft
2707 3126 4336 3302 non Worpsweele. Es verlohnt sich also, ein¬
2696 3214 3846 3402 mal zu uns zu kommen.
2856 3330 4075 3486 Mit viel lieben Grüßen in
4008 3405 4216 3606 Ihr:
2717 3469 3535 3636 größter Ergebenheit.
3268 3542 4218 3801 Rainer Maria Kilke
