5060 4680
2100 518 2262 667 I. W.
1935 1261 2787 1398 Schmargendorf bei Berlin
1934 1360 2798 1493 Villa Waldfrieden, am
1946 1469 2415 1589 15th april 99
1833 1622 3250 1802 daß Sie mir, sehr verehrter Herr Doctor,
1766 1717 3233 1874 aus verdunkelten Stunden heraus - dennoch
1799 1819 3200 1979 schreiben, bedeutet mir fast mehr als ein
1790 1866 3240 2038 längerer Brief, der sich leicht und unwillkür¬
1797 1963 3217 2140 lich aus der Stimmung löst. Vielen dank!
1844 2036 3189 2207 Und wenn Sie in Berlin seid bitte, erinnern
1802 2149 3184 2300 Sie sich meiner. Vielleicht darf ich Sie sogar im
1813 2194 3240 2378 "Waldfrieden" erwarten? - In diesem besten Fall
1821 2305 3239 2459 bestimmen Sie auf einer Karte die Stunde; jede
1850 2437 2222 2550 ist mir recht
1894 2457 3226 2639 Ich wurde nicht wagen bei enger Teit von
1857 2533 3200 2712 Schmargendorf zu reden, wenn mir ich hier
1852 2624 3246 2765 draußen wäre; allein es ist ja auch der erste
1881 2692 3262 2867 Frühling da an meinem Waldrand - und die
1868 2785 2967 2956 Gassen Berlins wissen nichts davon!
1901 2838 3359 3024 Am 24. oder 25. reise ich fort - aber hoffent¬
