5040 4696
2622 500 2787 629 pas jusqu'a
1651 530 1803 647 11 „
343 530 527 708 " -
1920 646 3045 836 Schmargendorf bei Berlin
2147 779 2949 902 Villa Waldfrieden
2153 882 2905 989 am 30. März 99.
1973 1232 3230 1407 Sehr verehrter lieber Herr Doctor,
1991 1405 3271 1551 wie ungeladene Gäste, Ihrer Güte
1985 1509 3289 1648 aufs Wort glaubend, so sind mei¬
1980 1603 3266 1726 im beiden Grosabucher zu Ihnen ge¬
1986 1696 3311 1815 kommen, nicht wahr? - Oder sie kom¬
1973 1795 3293 1919 men noch; denn ich habe den Verleger
1986 1853 3152 2008 beauftragt, sie Ihnen zu senden.
1991 1968 3255 2086 das kommt so. Wenigen Menschen
1980 2067 3284 2201 gegenüber überfällt mich das Gefühl,
1998 2173 3260 2282 etwas nachholen zu müssen, so stark,
2010 2242 3301 2404 wie vor Ihnen, lieber doctor Schnitz,
1986 2350 3246 2497 ler. Nach der kleinen und durch die
1986 2444 3276 2588 Umstände vielfach beschränkten Zeit
1986 2536 3293 2678 unseres Beisammenseins ist dieses Be¬
1986 2657 3284 2791 dürfnis wach geworden und täglich
2016 2749 3317 2888 ist es gewachsen an Macht und Muth.
2074 2838 3198 2985 Und nun ist es soweit, dass ich
2005 2954 3306 3091 meine Schande nichtmehr verbergen
2005 3063 2327 3141 kann...
