5040 4696
2533 528 3474 719 ..'.',,,','
1958 548 2177 692 1,1
4442 548 4824 735 1 1 1/2 „ „ 1
2689 1320 3983 1466 nämlich solche Begegnung immer
838 1391 2065 1517 Irgendein Vertrauen muß ich zu
2684 1407 4004 1560 adlig sein und einen Stammbaum
815 1483 2040 1603 Ihnen haben, irgendwie die knye
2702 1505 4027 1647 haben: Die erste darf sich nicht als Be¬
815 1560 2094 1686 Stunde ausbreiten und ihre Falten¬
2697 1601 4064 1729 ginn fühlen, sondern als Summe fer¬
843 1665 2056 1784 breitstreichen, und mit mehreren
2689 1681 3988 1820 ner Vorfahren. Sie sorgt dann selber
845 1736 2083 1891 Farben den Kontur dieser lieben Er¬
2709 1784 4034 1914 schon, daß das Geschlecht nicht aussterbe.
832 1830 2035 1978 innerung füllen: Und darum
2874 1875 4018 2035 Im Übrigen: was waren diese
825 1935 2110 2070 geb’ ich Ihnen diese zwei Vergangen¬
2689 1987 4063 2118 wiener Tage lieb und licht! Wie schön
856 2024 2092 2165 seiten, Gedanken und Dankbar¬
2697 2067 4112 2218 gesteigert, klangen sie in der Tremiere
838 2126 2065 2266 keiten aus dunkler Bücherkindheit;
2709 2168 4093 2321 Loris aus, reich und rauschend in die¬
838 2218 2104 2366 denn sie liegen wie/7 Jahre vor mir; aber
2737 2271 4130 2432 en Versen schämmend über den Rand
843 2335 2106 2488 ich hab' auch beide lieb wie man et¬
2702 2392 3013 2501 der Zeit.
845 2408 2129 2572 was von vor sieben Jahren zu lie¬
2905 2483 4077 2633 Freilich: mitten heraus mußte
825 2528 2099 2675 ben anfängt mit jenem leiseren
2725 2585 4136 2737 ich auf den Bahnhof. Das war gewalt¬
850 2625 2106 2768 Verzeihen, das eine so schöne Form
2745 2691 4063 2818 sam, ein Aus- den- angelicheben. -
856 2734 1811 2899 ist für ein sicheres Besitzen.
2737 2805 4132 2926 Von Prag aus hab' ich dann meine er¬
985 2814 2046 2985 So will ich auch, daß diese Bü¬
2745 2880 4130 3008 ste Freude an Hofmannsthal geschickt
848 2940 2056 3084 cher in Ihnen sein dürften wie
2737 2981 4150 3113 mit ungewisser Adresse - kams in
861 3022 2106 3172 sammerungen an flüchtige gemein¬
2737 3068 4018 3220 seine Hand? Ich glaube immer:
863 3139 2063 3282 same Gespräche, die uns vor jenen
2737 3161 4155 3285 man kann nur mit der Freude dan¬
845 3228 2072 3378 jüngsten geschehen sind. Es müssen
2736 3255 4168 3415 ken. - Dann lag ich in Trag mit der
