4940 4696
734 522 899 689 V. W.
576 1173 2004 1340 Influenja in einem höchst fatalen Bett
587 1284 1991 1426 Und jetzt bin ich im „Waldfrieden wie¬
587 1376 1950 1516 der und habe den Wald, den weiten,
587 1474 2014 1627 wehenden, und Bilder von Monet und
587 1570 1905 1717 eine Ausführung von Maeterlincks
585 1684 1980 1813 Interieur in einem neuen wirklich
592 1770 1984 1943 inlinien Theater gesehen und empfinde.
594 1896 2002 2020 die Summe dieser unaddirbaren Heteroge¬
576 1982 1955 2117 nen Freuden mit seltsamer Sorglosig¬
576 2095 2002 2199 keit. Aus diesem Gefühl heraus kommt
576 2194 2016 2350 auch der Brief, der Sie grüßen will.
576 2316 1455 2466 in herzlicher Verehrung?
827 2488 1883 2703 Rainermaria Kilke
