5067 4712
787 920 2138 1089 plätze sich alles vollziehen muss, das
778 1009 2168 1177 Äußere und das Innere, so daß alle
787 1101 2196 1240 Ereignisse, wie Erscheinungen eines bestimten
794 1179 2183 1311 Innenlebens sich dort zu begegnen scheinen.
789 1253 2179 1366 So kommt es, daß Lieutenant Guetl in¬
789 1329 2172 1477 teressant und bis zu Gewissen Grade als
792 1414 2214 1559 Schauplatz eines Schicksals erscheint, das viel
776 1512 2214 1635 größer als das seine sich anfühlt. Mit dem
789 1581 2227 1720 Willen und Bewusstsein des Dramatekers ist
807 1668 2220 1812 hier viel erreicht. Erscheinungen die kaum
805 1731 2231 1894 sichtbar geworden waren, sind für diese in¬
789 1823 2220 1949 nere Schaubühne gewonnen. Der Strom Leben
802 1927 2227 2046 ist gebogen und gezwungen worden, durch
813 2005 2229 2144 dieses enge Flußbett durchzufließen, wobei
802 2088 2222 2227 denn ein großer Rauschen geschieht... darin
818 2162 2255 2329 liegt der Wert des „Lieutenant Gerstl.“ Man
816 2292 2227 2399 kann natürlich eine Tendenz drinnen er¬
831 2338 2231 2475 kennen und in Auflehnung und eine
802 2418 2183 2573 Überlegenheit, wenn man nicht über die
824 2529 1948 2649 Jabel hinaus in die Tiefe soudiert.
920 2594 2120 2727 daß eine gewisse offizielle Meinung
853 2686 2233 2816 nicht einmal bis zur ersten Tiefe kam,
848 2766 2275 2905 ist bedauerlich, aber keineswegs erstaublich.
833 2849 2279 2964 Es kommt bei alledem im "Lieutenant Güstl"
848 2921 2333 3066 etwas zum Ausdruck, was man in Oesterreich
848 3016 2190 3149 schwer vertragt: eine Verurtheilung jeder
848 3090 2275 3217 Lebensspielern und eine Bedürfnis, nach
853 3169 2309 3327 Ernst, welches den bevorzugten Standen jedes¬
859 3267 2321 3410 mal, wo es auch auftreten mag, als Gefahr er¬
896 3495 2227 3671 oder wenn man kein Gutes Gewissen hat —
2736 855 4063 1003 scheint und als Angriff. Wenn eine
2738 957 4080 1089 Gemeinschaft, die sich so eng fasst und
2757 1018 4104 1164 so ängstlich schließt, sehließlich merkt, dass
2745 1101 4163 1229 man außerhalb ihres Kreises steht und das
2732 1181 4154 1296 laut erklärt, ist das für sie auch ein fort¬
2738 1255 4208 1379 schritt, eine Zunahme an Einsicht, über wel¬
2745 1340 4206 1487 che jeder unbetheiligte Beobachter sich freuen
2751 1451 2984 1529 kann.
2971 1481 4158 1614 Es ist viel Wehleidigkeit in unserem
2760 1572 4134 1685 Vaterlande, so daß, wenn einer sich mir
2757 1666 4163 1764 einmal frei bewegt, alle Nachbaren, an die
2745 1724 3790 1842 er rührt, sich geschlagen fühlen.
2995 1799 4188 1920 Nun es verlohnt nicht, mehr als das
2769 1873 3967 1997 Allernächstliegende dabei zu sagen.
3014 1951 4247 2070 Nochmals meinen herzlichsten Dank!
2794 2027 4254 2153 Ich schicke Ihnen in diesen Tagen zwei Sonder¬
2775 2105 4212 2210 hefte mit Versen. Eines ist in Trag erschie¬
2757 2175 4125 2294 nen, eines in München; denn ich habe
2768 2257 4188 2375 nichts anderes im Augenblick, um Ihre
2769 2333 4236 2470 liebe Gabe zu erwidern als jene Flugblätter
2781 2421 3538 2549 und natürlich dieses:
3245 2499 4141 2638 Die herzlichste Zuneigung
3364 2616 4197 2766 Ihres sehr ergebenen:
3071 2988 4308 3149 Kanier Maria Kilke
