5095 4665
2189 490 2996 701 1 „ „ —: " —: „
870 492 1020 657 1
3994 517 4176 682 "
2029 659 2827 861 Prag, im April 1896.
1529 724 1972 973 Rilke
2242 931 3055 1043 Prag II. Wassergasse 1581
1681 1066 2413 1231 Hochwester Meister,
2029 1250 3289 1408 Das erste Heft meines Voldes-Grätis-
1670 1339 3300 1505 Unternehmens zu Wegwarten, das ich mit Biedern
1676 1444 3296 1602 im Soldston erfüllt habe, jat viel Beifall gefun¬
1647 1541 3127 1689 den. – Ich habe nur seinerzeit auch erlaubt
1653 1619 3150 1780 Ihnen ein solches Liederheft zu übersenden.
1647 1704 3260 1868 dieses neue (II.) Negwarten -Hest dürfte zweifels.
1664 1816 3224 1963 frai Ihr Interesse in höherem Malße beausprü¬
1640 1873 3253 2052 chen, da es eine kleine moderne Leene? bringt.
1807 1995 3188 2141 Es liegt mir viel daran das Urthel des
1609 2073 3251 2246 von und hochgeschätzten Dichters der „Liebelei“
1640 2206 2183 2331 zu vernehmen.
1997 2223 3180 2409 tarf ich noch ein paar Worte über das
1645 2327 3264 2489 Wesen der Wezavarten aufügen. Leicht erinnern
1647 2430 3264 2550 Die sich, verehrtester Herr Doctor des Vorwartes,
1647 2514 3222 2669 welches das 1. Haft einleitete. — Dem Volve
1662 2610 3258 2772 sind auch die billigsten Ausgaben zu theuer
1647 2694 3209 2873 hieß es dort: Wenn es zwei Kanzer sind um
1647 2789 3188 2956 die Frage heißt“: Buch oder Brot? Brotz
1640 2890 3336 3047 werden sie wählen. Und wollt ihrs verargen.
1647 3002 3180 3150 drum wollt ihre Allen geben, so gebt. 4
1915 3116 3203 3262 Das war der Grundgedanste, der mich
1676 3180 3169 3361 ker der Wegwarten - Grundung lutete.
