5067 4712
2277 535 2452 701 1.°
2510 552 2703 699 1
262 531 497 739 1.° 1.
3038 526 3222 747 P.S.
1723 712 2695 866 Westerwede bei Bremen
2420 776 3267 966 am 24. Juni 1901.
1777 1057 3149 1311 Sehr verehrter Doctor Schnitzler
1788 1321 3176 1548 ich habe den "Lieutenant Gustl"
1759 1424 3244 1627 schon aus der „N. Fr. Tresse“ gekannt;
1771 1507 3165 1717 dennoch bin ich recht aufrichtig froh,
1777 1590 3267 1806 diese eigenthümliche Novelle durch Th¬
1767 1688 3253 1902 re Güte nun auch als Buch zu besitzen;
1908 1794 3288 1946 die Form ist so überaus gut gewählt,
1796 1877 3259 2039 oder eben vielmehr nicht gewählt, son¬
1790 1956 3259 2119 dern an den Stoff gebunden, der von ei¬
1794 2054 3253 2202 ner anderen Seite, d. h. vom mehreren
1788 2146 3236 2320 Außenpunkten her gesehen, an Ge¬
1821 2237 3253 2408 walt und Einheitlichkeit nothwendig
1825 2318 3278 2493 verloren hätte. Hätten der Verfasser selbst
1827 2426 3305 2624 die Erzählung geführt, wäre er seinem Hel¬
1825 2558 3313 2722 den gegenüber oft in Verlegenheit gekom¬
1833 2645 3207 2791 men, er hätte vorsichtig sich bewegen
1838 2705 3288 2891 müssen, um nicht fortwährend über
1838 2810 3355 2995 dessen schmale Persönlichkeit hinauszu¬
1835 2895 3294 3120 greifen. Durch die gewählte Form aber
1840 3009 3303 3217 ist die Enge und Begrenztheit des Helden
1848 3118 3284 3290 im besten Sinn der Wirkung Dienstbar
1871 3203 3423 3407 gemacht, indem auf dem beschränkten Schau¬
