5067 4712
2362 508 2562 620 V. O. F.
3094 496 3306 652 1:° 1:10:1
3452 512 3634 672 1.
1918 502 2160 674 "    "  "
2040 826 3178 1002 Dresden, Weißer Hirsch,
2468 954 3432 1092 Sanatorium Dr. Lahmann.
2516 1076 3116 1270 No 50 1.
1712 1234 3320 1464 Lieber und verehrter Doctor Schnitzler,
1802 1522 3258 1728 Ihr Buch "Der Schleier der Beatrice"
1752 1620 3218 1806 ist mir her nachgesendet worden und
1752 1728 3290 1884 Ihre lieben Wünsche auch. Sie haben
1772 1824 3308 1970 mit Ihrem Geschenk ganz unabsicht¬
1760 1920 3236 2076 lich eine so gute Zeit getroffen; ich
1758 2024 3306 2186 nehme, das wie ein frohes Zeichen auf.
1790 2126 3266 2266 Ich empfing es nichtmehr allein und
1794 2210 3320 2376 doppelt danke ich Ihnen deshalb da¬
1786 2348 1966 2486 für
1992 2376 3336 2544 Ich habe das Draua zuerst allein
1802 2476 3272 2634 gelesen, ehe ich es meiner Frau vor¬
1802 2554 3336 2712 las. Dann haben wir viel darüber
1806 2642 3326 2788 gesprochen, und sind in bestimmten
1808 2742 3348 2898 letzten Punkten ganz einig gewesen.
1994 2820 3306 2996 Ich danke Ihnen gerade für die¬
1826 2924 3260 3080 ses geschenk; denn nur liegt der
1824 3022 3390 3154 Schleier der Beatrice" in der aufsteigen¬
1844 3104 3364 3262 den Linie derjeniger Ihrer Werke, die
1836 3176 3384 3356 ich am meisten liebe. „Liebelei“ und
1824 3290 3396 3474 "Die Gefährtin" sind direkte Vorfahren
1850 3382 3382 3560 dieses Buches - für mein Gefühl. - Wie
1856 3472 3426 3638 in der Gefahrtin die Gestalt einer Toten
