5059 4695
2469 865 4224 1126 larven, sondern vielmehr die beiden Männer
536 970 2247 1243 Der Duft vom Wesen einer toten Frau, in
2448 1082 4189 1254 erfaßt haben, die Lebenden. Durch jene ganz
534 1177 2215 1359 dem diese beiden dramen spielen wie andere
2452 1191 4147 1378 unerwartete Wendung, mit welcher Heinrich
534 1306 2203 1490 in einem Abend, oder in einer bürgerlichen
2464 1322 4227 1511 die Last des Briefes gleichsam abwirft, indem er
541 1396 2268 1623 Wohnstube. Der leise Nachklang einer Person¬
2457 1396 4236 1625 nachweirt, daß er nicht für ihn bestimmt war,
546 1518 2089 1758 lichkeit ist hier dramatisiert und wirkt
2478 1564 4201 1781 wird die Handlung ganz wieder den beiden
543 1688 2224 1884 geradezu wie der Ort, an dem die Szene vor
2492 1648 4250 1888 Männern gegeben und die Tode hat keinen Theil
569 1783 2224 2000 sich geht. Der leere Lehnstuhl ist der Platz
2492 1797 4257 2005 mehr daran. Sie weiß nicht mehr davon. Sie
548 1909 2271 2086 an dem die Lebende oder Sterbende zu suchen
2511 1928 4334 2124 ist schonüberlebt, überwunden von dieser einzigen
578 2021 2259 2219 war: das Stück aber spielt in jener Stunde
2520 2075 4290 2275 Reflerbewegung des Lebens, die Heinrich in sei¬
594 2140 2257 2383 (jener einen geheimnisvollen Stunde), wo die
2520 2189 4331 2392 ner Bedrängnis macht. Und aus dieser Stim¬
569 2268 2287 2497 Tete gleichsam in allen Dingen ist, wo alles
2529 2301 4287 2525 mung heraus begreist man den Schluss in
557 2413 2343 2630 erfüllt ist von ihr, wie erschüttert vor ihrem
2541 2420 4352 2639 seiner ganzen Einfachheit und Stärke. Sogar
590 2536 2289 2737 Abschied. Und durch diesem Mitergriffenheit
2532 2520 4341 2767 der Schauplatz ändert sich: der letzte Blick fällt
606 2651 2303 2851 des Raumes haben sie einen Akteur aus
2532 2721 3364 2909 auf den Garten!...
604 2793 2355 3000 ihm gemacht, dessen Schweigen die Stimmen
2674 2765 4376 2968 Nun, verzeihen Sie, dass ich mich von der Par¬
606 2907 2322 3084 der Redenden wundersam im Gleichgewichte
2560 2905 4357 3136 ken Ergriffenheit verleiten ließ, soviel über das
625 3010 2376 3252 hält. Und der Konflikt dieses Dramars liegt
2541 3045 4362 3278 kleine Stück zu schreiben; man thut gewöhnlich
613 3175 2205 3366 noch tiefer als der der Gefährtin und ist
2583 3154 4366 3399 nicht gut daran, sich in der ersten Freude über die
625 3261 2345 3467 noch dramatischer, weil die letzten heftigen
2574 3301 4448 3525 Ursachen eines Eindrucks klar werden zu wollen -
625 3383 2490 3599 Bewegungen der Handlung hier nicht die Tote ent¬
