5039 4711
1505 896 3278 1233 man kann dadurch doch nichts von der Freude,
1517 1074 3299 1341 die man empfunden hat übertragen, auf den
1503 1203 3313 1454 der der mittelbare Schöpfer dieser Freude war. Nun,
1534 1353 3321 1611 so kommt wenigstens das kleine bescheidene graue
1548 1468 3367 1733 Buch, das ich Ihnen in diesen Tagen schon immer sen¬
1545 1585 3381 1850 den wollte, zugleich mit einer neuen Dankbar¬
1548 1714 3419 1991 keit zu ihnen. Ich möchte, daß es Ihnen etwas Freu¬
1548 1846 3440 2078 de bereitet! Außerdem erscheint bei Langen ein kleines
1557 1972 3363 2263 zweiältiges Drama "Das tägliche Leben", das Sie
1573 2082 3419 2366 auch bekommen sollen. Es scheint indessen, daß
1562 2202 3367 2455 der Verlag die Buchausgabe erst am Tag der
1597 2364 3370 2612 Erstaufführung ausgeben will: so müssen
1604 2458 3426 2730 Sie noch eine Weile warten. Das Stück ist für
1620 2580 3449 2812 die litterar. Abende des Residenztheaters in Ber¬
1651 2694 3400 2957 lin und für das deutsche Schemspielhaus
1642 2830 3457 3098 (Baron Berger) in Hamburg angenommen,
1656 2924 3454 3194 aber über den Termin der Aufführung ist mir
1665 3070 3438 3344 noch nichts bekannt. Ich grüße Sie, lieber
1653 3182 3466 3457 und verehrter Doctor Schnitzler, in viel auf¬
1665 3290 3506 3618 richtiger Herzlichkeit und Verehrung! Ihr:
2019 3485 3102 3829 Rainenharia Kilke
