5112 4665
408 505 617 682 recembre
2654 1471 4056 1615 Von nächstem Hefse an werden die
2625 1568 4193 1724 "Werwarten" Organ eines Bundes "Moderner
2642 1665 4077 1808 Fantasie Künstler oder wie ich den Bundes¬
2635 1737 4206 1890 nennen werde. - Die gemeinschaftliche Idee
2635 1848 4271 2004 der Mitglieder ist: modernes Schaffen, Unterwer¬
2640 1932 4151 2111 funx unter die Macht der Stimmung“, der
2640 2029 3917 2206 intimen fantassevollen Stimmung!
2625 2126 4313 2280 Mitglieder sind Dichtes und auch bildende Künstler.
2631 2238 4298 2385 Wenn Sie, Herr Doctor dieser Idee, diesem Leitnotiv
2665 2307 4248 2484 nicht ferne stehen, dann werdurch Sie von dem
2661 2393 4225 2574 Fortschreitenmeiner blaues unterrichten.
2657 2513 4254 2669 Jedes Nutglies erhielte dann 60 - 100 Wegwar
2646 2579 4256 2760 Fennummern (frei) zu freier Vertheilung......
3004 2661 4357 2827 Doch ich ermüde Sie mit diese Langathung.
2673 2762 4250 2953 keit, ohne mich vorher vergewissert zu haben,
2678 2890 3814 3027 ob mein Plan Ihr Interesse hat.
3004 2941 4265 3145 Ich wünschte es von ganzer Seele!
3237 3090 4115 3282 In größter Verehrung
3309 3444 4159 3665 Denenvehrung
