5059 4695
4485 504 4689 662 1) 1
1812 965 2801 1142 Westerwede bei Bremen,
1981 1083 2847 1258 am 3. Dezember 1901.
1796 1429 3252 1623 Lieber und verehrter Doctor Schnitzler,
1825 1682 3288 1865 an diesem Abend, vor einer halben
1762 1840 3342 2013 Stunde habe ich meiner Frau das kleine
1772 1943 3300 2156 Schauppiel "Lebendige Stunden", das wir
3140 2021 3349 2133 tanden
1768 2048 3342 2232 in der Neuen Deutschen Rundschau, vor¬
1770 2181 3372 2398 gelesen - und es hat uns beide sehr un¬
1785 2331 3454 2497 mittelbar ergriffen und festgehalten und -
1775 2432 3425 2662 hält uns noch. Mir ist es ganz besonders
1789 2548 3395 2759 lieb um einer gewissen, man könnte
1819 2670 3425 2898 fast sagen: äußerlichen Verwandtschaft
1810 2818 3444 2995 mit der Gefährtin willen. Und jetzt
1819 2921 3437 3149 scheint mir sogar, als ob diese Verwandt¬
1812 3047 3479 3260 schaft nicht so äußerlich wäre, wie man
1825 3182 3463 3399 zunächst meinen könnte. Denn es ist ei¬
1825 3294 3524 3532 ne ganz bestimmte Stimmung, gleichsam
