3464 4184
2834 507 3008 611 23.
682 759 3021 1008 "Herr Kommissär, gehorsamst zu melden, es ist näm-
485 956 1315 1079 lich meine Braut.
675 1034 2921 1238 Der Kommissär erhob sich von seinem Sitz. "Wie?"
494 1238 2863 1386 Dann sah er Engelbert lang an, klopfte ihm auf die
507 1386 2617 1577 Schulter. "Brav! das laas' ichimir gefallen."
698 1490 3015 1696 Oder vielmehr: es war meine Braut, Herr Kommissär
511 1693 2928 1861 sagte Engelbort, indem ihm die Tränen aus den Augen
520 1913 963 2029 stürzten.
704 1965 3099 2139 Der Kommissär betrachtete ihn gütig. Dann sagte er:
569 2146 3108 2310 Also jetzt gehen Sie zurück auf Ihren Posten. Ich wer¬
530 2310 3125 2469 de Sie übrigens zu einer besonderen Belobung empfehlen.
714 2456 3012 2624 Engelbert eilte auf die Strasse. Er kam eben zu -
543 2601 2953 2795 recht, um Kathi und den jungen Mann an der nächsten
540 2769 3005 2934 Ecke in einen Fiaker steigen zu sehen und den jungen
546 2898 3128 3092 Mann dem Kutscher zurufen zu hören: ’In’ Prater, Haupt-
553 3115 876 3273 allee."
750 3202 3083 3383 Die Verhandlung fand ein paar Wochen später statt.
562 3380 3147 3638 Der staatsanwaltschaftliche Funktionär feierte die Man-
