3544 4104
2970 375 3151 569 17.
715 546 3151 797 rd man Ihnen lernen, Fräulein, dass ein Sicherheits-
718 794 1725 962 chmann kein Aff' id###
791 931 3078 1112 Andere Spaziergänger blieben stehen. Einer hatte
702 1074 3164 1277 ngelberts Worte gehört und teilte sie den Umstehenden
670 1261 2747 1464 sit; das Staunen in der Runde war grenzenlos.
819 1398 3167 1572 "Keine Ansammlung!“ sagte Engelbert, indem er sich
677 1572 3059 1731 oheitsvoll an die Umstehenden wandte. “Ich ersuche,
673 1728 3087 1906 pich sofort zu zerstreuen. Bitte mir zu folgen, mein
664 1861 1086 2061 Fräulein!“
765 1988 3275 2179 Katti starrte ihn an... sie wusste noch immer nicht,
686 2179 1299 2363 voran sie war.
823 2360 3167 2525 "Na wird’s, Fräulein?“ sagte Engelbert. “Vorwärts!
696 2509 3224 2668 it einer Handbewegung, gegen die es keinen Widerspruch
696 2620 3246 2840 ab, befahl er ihr zu gehen. Die anderen Leute waren ab-
702 2817 3214 3005 eits getreten und betrachteten die Arretirung des hüb-
683 2960 2897 3129 schen Mädchens von fern mit ehrerbietiger Scheu.
829 3097 3237 3306 "Warum arretieren Sie diese Dame?“ fragte plötzlich
664 3284 1779 3488 Jemand hinter Engelbert,
