3480 4088
2903 293 3086 459 16.
463 576 3056 875 ihn. Er war nicht mehr Engelbert, der Liebhaber. Erwar
463 739 3139 955 ein Wachmann im Dienst, und vor ihm stand nicht mehr sei-
466 915 3119 1122 ne angebetete Braut, sondern eine Frauensperson, die ihn
476 1082 2929 1265 beleidigt hatte. Ein irres, aber bedeutendes Lächeln
476 1222 3013 1418 glitt über seine Züge, und mit einer ganz veränderten,
483 1391 3019 1561 festen, lauten Stimme, wie sie nie Jemand von ihm ver-
486 1531 3132 1724 nommen, sprach er, indem er dem Mädchen die Hand auf die
493 1694 3132 1931 Schulter legte: “Sie sind verhaftet im Namen des Gesetz-
499 1911 699 2064 es!”
729 1991 3152 2200 Katti sah ihn gross an und wusste anfangs nicht, ob
509 2150 3112 2320 sie lachen oder sich ärgern sollte; aber sein Blick und
513 2317 3116 2503 der Klang seiner Rede war so bestimmt, dass sie an sei-
516 2473 2041 2680 nem Ernst nicht zweifeln durfte.
776 2640 1897 2823 «Engelbert, bist du...“
786 2780 3139 2996 "Es giebt kein' Engelbert mehr... ich bin der Herr
533 2983 1505 3139 Sicherheitswachmann!"
762 3089 2670 3282 Einige Passanten waren stehen geblieben.
812 3232 3292 3462 Engelbert,“ sagte Kathi leise und sah ihn flehend an.
792 3312 3209 3608 ° Fräulein folgen mir sofort aufs Kommissariat, dort
