3384 4136
2840 325 3008 499 21.
427 594 2512 749 digung und Einmischung in eine Amtshandlung.
611 749 2923 910 Der Kommissär sah auf. Als er Engelbert gewahrte,
427 929 2972 1054 zeigte sich ein leichtes Erstaunen auf seinem Gesicht.
433 1103 2108 1218 Dann sagte er freundlich: "Na also!
611 1199 3028 1373 Engelbert wusste, dass das schon eine Art von Ener-
433 1382 3008 1517 kennung bedeutete, aber er fühlte nichts von dem Glück,
433 1553 3074 1685 das er sich seinerzeit bei dem ersten Zeichen einer sol-
437 1658 2949 1855 chen Zufriedenheit erwartet hatte. Der Kommissär nahm
437 1839 2276 2016 das Nationale auf. "Bitte, Fräulein...“
496 1947 2900 2194 Katharina Wessely, Greislerstochter, zweiundzwanzig
440 2148 1103 2325 Jahre alt....
653 2338 1103 2483 "Und Sie?"
673 2427 2026 2624 Albert Meierling, Mediziner.
660 2637 3077 2794 "Also - Wachebeleidigung... Worin hat diese Wache be-
440 2778 1540 2955 leidigung bestanden?"
663 2955 2946 3083 "Herr Kommissär," antwortete der Sicherheitswach-
443 3083 2808 3244 mann, “das Fräulein hat mich einen Affen genannt.“
680 3238 3054 3441 "Schön, schön", sagte der Kommissär. "Und der junge
456 3428 749 3599 Mann?”
