3528 4072
3060 383 3179 570 7.
597 614 1286 797 schlich davon.
828 716 3145 930 Von diesem Tage an zweifelte Engelbert Friedmaier
600 889 3226 1075 nicht mehr, dass ihn ein tückisches Verhängnis verfolge.
604 1075 3196 1248 Nicht ohne Neid sah er auf manche seiner Kameraden, die
597 1231 3277 1404 strenger waren als die Verordnungen und empfindlicher als
600 1391 3124 1550 die Gesetze; und dumpfe Verlockungen erwachten in ihm,
600 1557 3148 1713 diesen Ernathaftstrebenden nachzueifern. Immer stärker
607 1710 3053 1883 empfand er die beispiellose Ordnung und Sittlichkeit
594 1846 3223 2039 rings um mich, wie einen gegen ihn persönlich ge-
594 2019 3192 2164 richteten Hohn und die ganze Menschheit seines Bezirkes
600 2154 3141 2314 erschien ihm als eine Bande von Verschworenen, die mit
594 2348 3203 2504 ihrer Anständigkeit nichts andres bezweckten als ihn zu
597 2493 1462 2667 Grunde zu richten.
818 2609 3108 2799 So stand er auch heute auf seinem Posten mit dem
590 2829 3138 2962 gramvollen Bewusatsein seiner Ueberflüssigkeit und Lä-
590 2968 3270 3128 cherlichkeit. - Der Abend nahte, verspätete Spaziergänger
584 3121 3294 3284 nahmen den Weg zum Prater, aus dem verworren der Sonntags-
580 3294 3308 3467 lärm zu ihm herüberdrang. Engelbert schritt auf und ab, à
221 3396 319 3623 e
