3496 4136
3008 382 3120 560 6.
481 638 3045 812 er sich den Weg durch die angestaute Menge... Aber was
488 768 3093 973 sollte er hier erblicken? Die Leute, die er erschüttert
478 956 3141 1144 zu finden dachte, lachten, der elegante Herr sagte: "Ich
492 1144 3069 1290 erlaube mir, die Herrschaften zu meinem heute Abend in
478 1256 3025 1447 den Blumensälen stattfindenden Debut einzuladen,“ und
488 1430 3134 1601 auf dem Boden - lag eine hölzerne Puppe. Noch wollte En-
492 1591 3069 1765 gelbert die Sache nicht verloren geben: es konnte sich
492 1751 3096 1898 vielleicht um ein besonders raffinirtes Verbrechen han-
498 1905 3117 2065 deln, indem der Mörder das tote Kind als Puppe und sich
495 2035 3124 2205 als Bauchredner ausgab. Aber als Engelbert sich auf ein
498 2171 3243 2400 Knie niederliess und einem hölzernen Kind in die glasernen
502 2373 3083 2526 Augen starrte, stieg die Heiterkeit aufs Höchste. Noch
505 2530 3120 2687 winkte die Möglichkeit, dem Bauchredner wegen öffentli-
519 2676 3226 2857 chen Mutwillens aufs Kommissariat zu bringen, aber in die¬
515 2782 3117 2997 sem Augenblick waren zwei Kavallerieoffiziere herbeige-
526 2987 3093 3151 treten und liessen sich wolgelaunt mit dem Artisten in
509 3137 3192 3322 eine Unterhaltung ein. - Engelbert erkannte in dem einen
2530 3260 3264 3458 Erzherzog, fühl
515 3305 2110 3465 der Offiziere mit Schrecken einen
526 3458 2912 3653 te, dass hier nichts mehr für ihn zu holen war und
