3560 4136
2999 308 3184 476 13.
546 600 3204 757 Ernst! Ich geh jetzt zum Ringelspiel, dann geh' ich zum
550 731 3076 925 Präuscher, dann geh' ich auf die Rutschbahn, denn geh
550 895 3026 1072 ich in die verhexte Hutschen, dann schau' ich mir 'n
566 1022 3257 1227 Wurstel an... Wissen S', Herr Kommissär, einen andern...
808 1213 1170 1401 — Kathi! "
798 1304 3123 1572 Er bebte bis in die Fingerspitzen. Der junge Herr
560 1485 3180 1743 gegenüber lehnte am Laternenpfahl und betrachtete seine
570 1666 3190 1870 Schuhe. Kathi nickte ein paar Mal mit dem Kopf, wie zum
576 1790 3100 1991 Abschied, und wandte sich zum Gehen. Engelbert fasste
586 1974 2095 2175 ihre Hand. Kathi starrte ihn an.
828 2138 3197 2326 "Was fällt die denn ein?“ sagte sie plötzlich ganz
603 2316 898 2487 ernst.
838 2389 3194 2617 Katti, ich erlaub's nicht! Verstanden?... Ich er-
607 2607 3274 2788 laub’s nicht, dass du in' Prater gehst! Am nächsten Sonn-
603 2738 3090 2956 tag bin ich dienstfrei, da gehan wirmiteinander hin."
865 2906 3281 3076 Aber freilich, dir werden's grad dienstfrei geben!
613 3080 3174 3281 Als ob sie auf dich einen Tag verzichten könnten... da
627 3174 3177 3438 ging' ja alles drunter und drüber in Wien, da gäb's ja
623 3371 3070 3596 gar keine Ordnung mehr, da möchten sich ja die Leut'
