3496 4088
3050 396 3172 559 4.
549 634 3189 813 Auserwählten gewesen, die vor dem Parlament standen, als
549 813 3263 969 die Sozialistenhorden johlend vorbeizogen, und angestrengt
535 976 3172 1139 hatte er gelauscht, ob nicht Einer von ihnen einen hoch-
566 1095 3229 1278 verräterischen Ruf oder gar eine Beschimpfung des allver-
556 1295 3053 1423 ehrten Bürgermeisters auszustossen wagte... In seiner
549 1450 3063 1579 Nähe verstummten Alle, wie von einem guten oder bösen
552 1586 3097 1732 Geist gewarnt. - Ein anderes Mal stand er auf dem Ring
556 1728 3019 1894 unter denen, die beim Einzug eines gekrönten Hauptes
549 1908 2969 2030 Spalier bildeten. Er musste es mitansehen, wie zehn
556 2043 3185 2209 Schritte weit von ihm ein jüngerer Kollege einen harmlo-
552 2155 3101 2352 sen Spaziergänger, der taub war und keine Ahnung hatte
563 2348 3121 2518 was man von ihm wollte, wegen Widersetzlichkeit verhaf-
552 2487 3152 2677 tete; - und hinter Engelbert standen die Leute stunden-
549 2636 3196 2840 lang wie eine Mauer, drangten nicht und keiner brach aus
549 2863 1044 2999 der Reihe
790 2924 3213 3124 Aber das Schlimmste geschah ihm einmal, als er sich
546 3141 3199 3290 seinem Ziele nahe glaubte; denn gerade da hatte sich der
552 3290 3280 3443 erträumte Erfolg in die bitterste Enttäuschung verwandelt.
549 3436 3226 3660 Es war ein schöner Nachmittag gewesen, wie heute, und En-
