3512 4088
3042 282 3212 438 13.
654 548 3232 724 Ernst! Ich geh' jetzt zum Ringelspiel, dann geh* ich zum
644 724 3105 903 räuscher, dann geh' ich auf die Rutschbahn, denn geh’
641 860 3066 1026 ich in die verhexte Hutschen, dann schau' ich mir „n
624 1003 3288 1216 Furstel an... Wissen S', Herr Kommissär, einen andern...
827 1196 1196 1362 "Kathi!"
814 1309 3142 1511 Er bebte bis in die Fingerspitzen. Der junge Herr
621 1508 3188 1667 gegenüber lehnte am Laternenpfahl und betrachtete seine
618 1621 3195 1807 Schuhe. Kathi nickte ein paar Mal mit dem Kopf, wie zum
614 1780 3105 1976 Abschied, und wandte sich zum Gehen. Engelbert fasste
611 1993 2122 2116 ihre Hand. Kathi starrte ihn an.
834 2096 3198 2302 "Was fällt die denn ein?“ sagte sie plötzlich ganz
608 2292 903 2478 ernst.
854 2431 3202 2577 „Katti, ich erlaub’s nicht! Verstanden?... Ich er-
608 2554 3275 2753 laub’s nicht, dass du in' Prater gehst! Am nächsten Sonn-
614 2747 3092 2909 tag bin ich dienstfrei, da gehen wirmiteinander hin."
850 2886 3278 3075 "Aber freilich, dir werden's grad dienstfrei geben!
614 3082 3162 3245 Als ob sie auf dich einen Tag verzichten könnten... da
614 3222 3165 3418 ging' ja alles drunter und drüber in Wien, da gäb's ja
156 3271 262 3431 : 1
614 3378 3056 3550 gar keine Ordnung mehr, da möchten sich ja die Leut'
96 3451 452 3640 rios waik
