3480 4136
2969 352 3130 539 15.
763 611 3018 835 "Lass' mich!“ sagte Kathi. “Gleich lässt d’ mich
519 802 3074 1009 aus! So was is mir mein Lebtag noch nicht vorgekommen!
743 944 3149 1128 Er liess ihren Arm los. "Ich bitt' dich ein letztes
506 1118 871 1299 Mal....
773 1266 2969 1463 'Ob is d' an' Ruh' giebst? Aus is, ich geh' in'
519 1450 901 1624 Prater!"
766 1594 1111 1769 — Kathi!
766 1742 1670 1917 “Du bist ein Aff’!“
769 1890 2153 2081 "Kathi... was hast d' g'sagt?"
756 2032 3149 2239 Sie sah ihn frech an und wiederholte: "Dass du ein
536 2222 1055 2387 Aff' bist!"
759 2318 3044 2508 Engelbert starrte auf die halbgeöffneten Lippen,
546 2505 3005 2689 denen diese Worte entflohen waren. Einen Augenblick
546 2666 3064 2870 war er daran, ihr zu erwidern, die Finger zuckten ihm
542 2801 3192 2965 und alles schwamm ihm vor den Augen, so dass die Gestalt
552 2972 3153 3136 Kathis sich wie in einen sonderbaren Nebel auflöste und
552 3110 3024 3281 der junge Herr in der Luft zu tanzen schien. Doch im
556 3294 3061 3475 nächsten Augenblick sah er völlig klar, klarer als je
556 3429 3195 3620 vorher, und eine ihm selbst unbegreifliche Ruhe kam über
