3432 4072
3010 263 3126 526 3.
523 530 3242 745 Die unruhigsten Traber verfielen in einen sanften Schritt,
533 724 3133 919 die berüchtigsten Strizzis gingen friedlich ihres Weges
533 905 3058 1083 und die wildesten Radfahrer, die Engelbert klopfenden
526 1045 3119 1230 Herzens von ferne der verbotenen Strasse zustürzen sah,
536 1199 3215 1401 stiegen besonnen ab und führten ihr Rad bis zu der nächs-
533 1349 3126 1554 ten Ecke. Engelbert musste stumm zusehen, wie alle Ver-
526 1500 3126 1667 ordnungen unverletzt, und die gesammte Sicherheit unge-
519 1643 3163 1865 fährdet blieb. Auch andere, kleine Genugtuungen, wie sie
526 1831 3078 1981 seine Kollegen manchmal erlebten, waren ihm stets ver-
519 1985 3160 2180 sagt geblieben. Nie hatte er an einem Fenster eine junge
512 2135 3160 2306 Dame in allzu morgendlicher Toilette erspäht, nie kam es
519 2299 3116 2480 einer Freudenbumlerin der Strasse in den Sinn, sich in
523 2449 3146 2617 seiner Nähe ungebürlich zu benehmen, nie fuhr ein Piaker
502 2603 3034 2736 mit verdächtig geschlossenen Jalousienn an ihm vorbei,
509 2747 3017 2894 nie war es ihm beschieden, nachts auf einem Streifzug
502 2900 3013 3095 durch öffentliche Gärten ein allzu verliebtes Paar zu
502 3054 3095 3245 überraschen. Und auch die grossen Anlässe, bei denen so
506 3201 3085 3406 viele seiner Kameraden unvergängliche Lorbeeren pflück-
502 3365 3249 3604 ten, gingen für ihn klanglos vorüber. Er war xyz
