3528 4104
3006 382 3134 567 9.
490 648 3144 804 und sagte, immer mit dem gleichen Lächeln: "Herr Sicher-
490 824 3141 1003 heitswachmann, ich bitt' recht schön, wo ist, denn da der
486 966 865 1101 Prater?"
740 1115 3148 1300 "Kulhi," rief er aus, „Kathi, kommst du wirklich zu
490 1250 733 1429 mir?”
746 1378 3043 1594 Aber was fallt Ihnen denn ein, Herr Sicherheits-
496 1604 2962 1743 wachmann... das wär' doch nicht erlaubt! Sie sind ja
496 1753 2918 1905 jetzt im Dienst! Ich komm' nur fragen, wo man da am
486 1898 1888 2020 schnellsten in “Prater kommt.“
713 2050 3013 2202 Der junge Herr mit dem grauen Anzug und dem Spa¬
490 2219 3144 2361 zierstock war auf dem gegenüberliegenden Prottoir stehen
490 2385 3148 2513 geblieben. Es war auch möglich, dass er auf eine Tramway
493 2533 895 2668 wartete.
730 2665 3161 2864 "Katti," sagte Engelbert, “schau, es ist ja so lieb
493 2834 1000 2986 van dir...
740 2932 3141 3165 "Was ist denn lieb von mir? Ich hätt' auch ein' An-
490 3161 3175 3283 dern fragen können, aber weil ich zufällig da vorübergeh'
490 3266 3205 3452 und weil ich sonst vor den Wachleuten so viel Respekt hab'
490 3489 3138 3614 und weil Sie gar so freundlich ausseh'n... Ja wirklich,
