3400 4056
3023 316 3137 474 2.
511 453 3103 574 ziger Erfolg geblüht hatte. Ein solcher Fall hatte sich
500 588 3046 739 nicht ereignet, seit eine Sicherheitswache in Wien be-
504 742 3016 917 stand. Engelberts Vorgesetzte hegten Misstrauen gegen
504 883 3090 1055 seinen guten Willen, die Kameraden hatten keine Achtung
490 1041 3144 1216 mehr vor ihm, und Kathi, die früher sein Trost in trüben
494 1206 3033 1354 Stunden gewesen war, begann ihn aufa bitterste zu ver-
500 1367 3083 1535 spotten. Dabei fühlte er sich frei von Schuld. Er hatte
487 1508 3157 1669 kein Glück. Auf tausend Schritt in seinem Umkreis schwie-
487 1659 3043 1831 gen alle bösen Triebe. Auf belebten Strassenkreuzungen
490 1827 3083 2019 war er gestanden, wo sonst Dutzende von Kutschern wegen
480 1975 3100 2160 Schnellfährens, ja günstigenfalls selbst wegen Ueberfah-
470 2129 3077 2304 rens angehalten wurden; er hatte in Feiertagsnächten in
467 2301 3144 2465 der Vorstadt vor verrufenen Lokalen Dienst getan, aus de-
470 2465 3056 2633 ren Türe schon Manche mit dem Ruf herausgestürzt waren:
487 2593 3073 2784 "Ich bin gestochen!“... ja, er war sogar einmal in eine
464 2771 3020 2966 Strasse versetzt worden, wo das Radfahren verboten und
470 2909 3134 3120 wo es seinem Vorgänger gelungen war, an einem berühmt ge-
464 3067 3050 3248 wordenen Tage siebenundsechzig Cyelisten aufa Konmissa-
460 3234 3046 3423 riat zu führen - - sobald Engelbert Friedmaier den ver-
460 3379 3154 3621 antwortungsvollen Posten bezog, war alles anders geworden.
