3448 4248
2699 436 2868 620 25.
360 422 2937 954 kann, der bisher über Engelbert Friedmaier lastete, ge-
356 832 2861 1069 schwunden ist. Die bösen Triebe rings um ihn sind er-
366 997 3020 1218 wacht; vorbei ist es in seiner Nähe mit Ordnung und Sitt-
356 1165 2835 1406 lichkeit, tagtäglich eskortirt er Uebeltäter auf die
363 1244 2970 1594 Wachstube, und seine Kameraden sehen bewundernd zu ihm
383 1462 2868 1683 auf. Sie erkennen ihn kaum wieder. Er ist ein harter,
386 1620 2927 1848 grimmiger Mann geworden, und alle Schwüre unbescholte-
386 1795 2864 2039 ner Leute gelten als verruchte Lugen vor der dunklen
396 1914 2986 2145 Macht seines Diensteides, dem sich Kommissäre und Rich-
409 2198 957 2353 ter beugen.
1571 2465 1719 2637 --
