3464 4168
2856 349 3014 564 19.
473 624 2957 876 ein zu zerstreuen", wandte er sich an die Menge, die
470 826 2876 1027 wieder nähergekommen war. "Hier ist ja kein Teater!"
678 936 3155 1161 Er ging in der Mitte der Fahrstrasse, rechts von ihm
470 1094 3175 1383 Katti, links der junge Herr.... Ja, nun war es geschehen.
470 1259 3152 1467 Nun musste es vorbei sein mit dem Spott der Kameraden, mit
487 1460 2967 1641 dem Misstrauen der Vorgesetzten, mit dem Hohn der Ge-
483 1594 3034 1782 liebten... ja, auch damit! auch damit! Es war wol auch
483 1739 3014 1933 mit allem Andern Vorbei.... Aber das war gleichgiltig,
493 1920 3024 2088 das ging ihn nichts an, das durfte Ihn nicht angehen.
725 2007 3054 2302 Die zwei Verhafteten neben ihm hatten zu sprechen
507 2229 3017 2413 begonnen; er versuchte nicht darauf zu hören, aber es
503 2386 3071 2574 gelang ihm nicht. Der junge Mann sagte: "Fräulein, ich
520 2524 3141 2722 bedauere wirklich sehr, dass Ihr Spaziergang eine so un-
520 2692 2259 2927 liebsame Unterbrechung erfahren hat.“
759 2809 3021 3058 Katti antwortete: “O bitte sehr, mir is so leid,
537 2970 3199 3209 dass Sie wegen meiner, wegen einer ganz fremden Person...
806 3098 3064 3356 "Ich bitte Fräulein, selbst wenn ich Ihretwegen
550 3252 3199 3588 viele Jahre schweren Kerker bekommen sollte, es wäre mir
557 3554 1440 3759 nur ein Vergnügen.
