<?xml version="1.0" encoding="UTF-8" standalone="yes"?>
<PcGts xmlns="http://schema.primaresearch.org/PAGE/gts/pagecontent/2013-07-15" xmlns:xsi="http://www.w3.org/2001/XMLSchema-instance" xsi:schemaLocation="http://schema.primaresearch.org/PAGE/gts/pagecontent/2013-07-15 http://schema.primaresearch.org/PAGE/gts/pagecontent/2013-07-15/pagecontent.xsd">
    <Metadata>
        <Creator>prov=READ-COOP:name=TrHtr:version=2.1.0:model_id=51170:date=14_08_2023_19:04</Creator>
        <Created>2023-05-10T14:41:39.124+02:00</Created>
        <LastChange>2023-08-14T19:04:24.615+02:00</LastChange>
        <TranskribusMetadata docId="1428646" pageId="55423658" pageNr="36" tsid="132822088" status="IN_PROGRESS" userId="64420" imgUrl="https://files.transkribus.eu/Get?id=IUZEZGYDPICKPROVNFXCEPCB&amp;fileType=view" xmlUrl="https://files.transkribus.eu/Get?id=YXEAJUJAHMLRDLAZFBEIFQXJ" imageId="44697737"/>
    </Metadata>
    <Page imageFilename="1428646_0036.jpg" imageWidth="3432" imageHeight="4088">
        <ReadingOrder>
            <OrderedGroup id="ro_1711815154565" caption="Regions reading order">
                <RegionRefIndexed index="0" regionRef="tr_3"/>
                <RegionRefIndexed index="1" regionRef="tr_1"/>
                <RegionRefIndexed index="2" regionRef="tr_2"/>
            </OrderedGroup>
        </ReadingOrder>
        <TextRegion id="tr_3" custom="readingOrder {index:0;}">
            <Coords points="2960,463 3121,463 3121,523 2960,523"/>
            <TextLine id="tr_3_tl_1" custom="readingOrder {index:0;}">
                <Coords points="2941,554 2968,554 3012,575 3042,554 3076,568 3089,561 3113,564 3113,429 3093,426 3083,433 3056,416 2995,443 2971,439 2961,450 2941,450"/>
                <Baseline points="2960,513 3004,513 3049,513 3094,513 3121,513"/>
                <TextEquiv>
                    <Unicode>10.</Unicode>
                </TextEquiv>
            </TextLine>
        </TextRegion>
        <TextRegion id="tr_1" custom="readingOrder {index:1;}">
            <Coords points="480,693 3189,693 3189,2301 480,2301"/>
            <TextLine id="tr_1_tl_1" custom="readingOrder {index:0;}">
                <Coords points="490,811 3113,801 3113,652 2413,706 1622,588 490,690"/>
                <Baseline points="507,743 552,743 596,743 641,745 686,745 731,745 775,745 820,745 865,743 910,743 954,745 999,745 1044,745 1089,745 1133,748 1178,745 1223,748 1268,745 1312,745 1357,745 1402,748 1447,748 1491,751 1536,748 1581,745 1626,745 1671,748 1715,745 1760,745 1805,748 1850,748 1894,751 1939,751 1984,754 2029,751 2073,748 2118,748 2163,748 2208,748 2252,745 2297,745 2342,745 2387,748 2431,748 2476,745 2521,745 2566,745 2610,745 2655,748 2700,745 2745,745 2789,745 2834,745 2879,745 2924,745 2969,748 3013,745 3058,748 3103,745 3121,745"/>
                <TextEquiv>
                    <Unicode>Ihnen sieht man doch gleich an, dass Sie noch Keinem was</Unicode>
                </TextEquiv>
            </TextLine>
            <TextLine id="tr_1_tl_2" custom="readingOrder {index:1;}">
                <Coords points="500,957 690,960 771,909 808,930 838,909 886,919 923,953 1038,933 1038,815 987,842 923,821 815,842 723,798 662,815 585,791 500,811"/>
                <Baseline points="519,883 563,895 608,898 653,898 698,898 743,898 787,898 832,898 877,898 922,898 966,898 1011,898 1044,892"/>
                <TextEquiv>
                    <Unicode>*tan hab'n.'</Unicode>
                </TextEquiv>
            </TextLine>
            <TextLine id="tr_1_tl_3" custom="readingOrder {index:2;}">
                <Coords points="700,1115 1372,1061 1676,1146 2447,1058 2809,1126 2991,1075 2991,943 696,973"/>
                <Baseline points="716,1050 760,1050 805,1050 850,1053 895,1053 939,1053 984,1053 1029,1053 1074,1050 1118,1050 1163,1050 1208,1053 1253,1053 1298,1053 1342,1053 1387,1053 1432,1050 1477,1053 1521,1053 1566,1053 1611,1053 1656,1050 1700,1050 1745,1053 1790,1053 1835,1053 1879,1053 1924,1053 1969,1053 2014,1053 2058,1053 2103,1053 2148,1053 2193,1053 2237,1053 2282,1053 2327,1053 2372,1053 2416,1056 2461,1053 2506,1056 2551,1056 2596,1059 2640,1056 2685,1056 2730,1053 2775,1053 2819,1053 2864,1053 2909,1053 2954,1053 2995,1059"/>
                <TextEquiv>
                    <Unicode>Um Engelberts Mundwinkel zitterte es leicht. Was</Unicode>
                </TextEquiv>
            </TextLine>
            <TextLine id="tr_1_tl_4" custom="readingOrder {index:3;}">
                <Coords points="480,1274 2751,1268 3042,1244 3103,1129 480,1149"/>
                <Baseline points="498,1199 543,1202 587,1202 632,1205 677,1205 722,1205 766,1205 811,1205 856,1205 901,1205 945,1205 990,1205 1035,1205 1080,1205 1124,1205 1169,1205 1214,1205 1259,1205 1303,1205 1348,1205 1393,1205 1438,1205 1483,1205 1527,1205 1572,1205 1617,1202 1662,1205 1706,1205 1751,1208 1796,1208 1841,1208 1885,1211 1930,1208 1975,1208 2020,1208 2064,1208 2109,1208 2154,1205 2199,1205 2243,1208 2288,1208 2333,1208 2378,1208 2422,1208 2467,1211 2512,1208 2557,1208 2601,1208 2646,1208 2691,1208 2736,1208 2781,1208 2825,1211 2870,1208 2915,1208 2960,1208 3004,1208 3049,1205 3094,1202 3112,1205"/>
                <TextEquiv>
                    <Unicode>wollte sie von ihm? War sie nur hergekommen, um ihn wie-</Unicode>
                </TextEquiv>
            </TextLine>
            <TextLine id="tr_1_tl_5" custom="readingOrder {index:4;}">
                <Coords points="477,1423 2856,1426 3018,1409 3018,1274 477,1284"/>
                <Baseline points="495,1354 540,1354 584,1354 629,1354 674,1354 719,1354 763,1354 808,1354 853,1354 898,1354 942,1357 987,1357 1032,1357 1077,1357 1121,1357 1166,1354 1211,1354 1256,1354 1300,1357 1345,1354 1390,1354 1435,1357 1480,1357 1524,1357 1569,1357 1614,1357 1659,1357 1703,1357 1748,1357 1793,1357 1838,1357 1882,1357 1927,1357 1972,1357 2017,1357 2061,1357 2106,1357 2151,1357 2196,1357 2240,1357 2285,1357 2330,1357 2375,1360 2419,1360 2464,1360 2509,1360 2554,1360 2599,1360 2643,1357 2688,1360 2733,1363 2778,1363 2822,1360 2867,1360 2912,1360 2957,1357 3001,1357 3028,1357"/>
                <TextEquiv>
                    <Unicode>der zu qualen? - Eben fuhr eine Pferdebahn vorbei, der</Unicode>
                </TextEquiv>
            </TextLine>
            <TextLine id="tr_1_tl_6" custom="readingOrder {index:5;}">
                <Coords points="466,1592 2278,1518 2890,1589 3184,1545 3184,1423 466,1457"/>
                <Baseline points="486,1521 504,1518 549,1512 593,1512 638,1509 683,1512 728,1509 772,1509 817,1512 862,1512 907,1512 951,1512 996,1512 1041,1512 1086,1512 1130,1512 1175,1512 1220,1509 1265,1512 1309,1512 1354,1512 1399,1512 1444,1512 1488,1515 1533,1515 1578,1515 1623,1512 1668,1512 1712,1512 1757,1512 1802,1512 1847,1512 1891,1512 1936,1515 1981,1518 2026,1518 2070,1518 2115,1518 2160,1515 2205,1512 2249,1515 2294,1515 2339,1512 2384,1512 2428,1515 2473,1515 2518,1512 2563,1512 2607,1512 2652,1512 2697,1512 2742,1512 2787,1515 2831,1518 2876,1518 2921,1518 2966,1518 3010,1518 3055,1518 3100,1515 3145,1515 3189,1512"/>
                <TextEquiv>
                    <Unicode>graue junge Herr stieg nicht ein. Aber er hatte vielleicht</Unicode>
                </TextEquiv>
            </TextLine>
            <TextLine id="tr_1_tl_7" custom="readingOrder {index:6;}">
                <Coords points="463,1680 720,1747 1102,1690 1802,1744 1933,1687 1896,1606 1376,1575 730,1616 568,1548 463,1612"/>
                <Baseline points="480,1665 525,1665 569,1665 614,1662 659,1662 704,1662 748,1662 793,1665 838,1665 883,1665 928,1665 972,1665 1017,1665 1062,1665 1107,1665 1151,1665 1196,1665 1241,1665 1286,1665 1330,1668 1375,1668 1420,1668 1465,1668 1509,1671 1554,1671 1599,1668 1644,1668 1688,1668 1733,1668 1778,1668 1823,1668 1867,1668 1912,1668 1942,1668"/>
                <TextEquiv>
                    <Unicode>in der anderen Richtung zu tun.</Unicode>
                </TextEquiv>
            </TextLine>
            <TextLine id="tr_1_tl_8" custom="readingOrder {index:7;}">
                <Coords points="730,1862 1845,1835 2146,1923 2251,1845 3150,1852 3150,1754 2968,1717 730,1744"/>
                <Baseline points="748,1814 793,1817 838,1817 883,1820 928,1820 972,1820 1017,1820 1062,1817 1107,1817 1151,1817 1196,1820 1241,1820 1286,1820 1330,1820 1375,1823 1420,1823 1465,1823 1509,1820 1554,1823 1599,1823 1644,1823 1688,1823 1733,1823 1778,1823 1823,1823 1867,1823 1912,1823 1957,1826 2002,1826 2046,1826 2091,1826 2136,1823 2181,1823 2226,1823 2270,1823 2315,1826 2360,1826 2405,1823 2449,1826 2494,1826 2539,1823 2584,1823 2628,1823 2673,1823 2718,1823 2763,1823 2807,1820 2852,1820 2897,1826 2942,1826 2986,1826 3031,1826 3076,1826 3121,1826 3159,1823"/>
                <TextEquiv>
                    <Unicode>"Warum reden Sie denn nicht. Herr Kommissär?“ fragte</Unicode>
                </TextEquiv>
            </TextLine>
            <TextLine id="tr_1_tl_9" custom="readingOrder {index:8;}">
                <Coords points="470,1998 3018,2028 3018,1930 2687,1889 470,1862"/>
                <Baseline points="489,1966 534,1969 578,1972 623,1972 668,1972 713,1972 757,1972 802,1972 847,1975 892,1972 936,1975 981,1972 1026,1972 1071,1972 1115,1972 1160,1972 1205,1972 1250,1972 1295,1975 1339,1972 1384,1975 1429,1975 1474,1975 1518,1975 1563,1978 1608,1975 1653,1978 1697,1975 1742,1975 1787,1975 1832,1975 1876,1975 1921,1978 1966,1978 2011,1978 2055,1978 2100,1978 2145,1978 2190,1978 2234,1978 2279,1978 2324,1978 2369,1978 2414,1978 2458,1978 2503,1978 2548,1981 2593,1978 2637,1978 2682,1978 2727,1978 2772,1978 2816,1978 2861,1978 2906,1978 2951,1978 2995,1975 3022,1978"/>
                <TextEquiv>
                    <Unicode>Katharina weiter.“Sind Sie nicht laut Instruktion ver-</Unicode>
                </TextEquiv>
            </TextLine>
            <TextLine id="tr_1_tl_10" custom="readingOrder {index:9;}">
                <Coords points="487,2160 2914,2183 3018,2153 3018,2028 487,2045"/>
                <Baseline points="504,2127 549,2130 593,2130 638,2130 683,2130 728,2130 772,2133 817,2133 862,2133 907,2136 951,2136 996,2133 1041,2133 1086,2133 1130,2133 1175,2133 1220,2133 1265,2133 1309,2133 1354,2133 1399,2133 1444,2130 1488,2133 1533,2133 1578,2133 1623,2133 1668,2133 1712,2133 1757,2133 1802,2133 1847,2133 1891,2133 1936,2133 1981,2133 2026,2133 2070,2133 2115,2133 2160,2133 2205,2136 2249,2133 2294,2139 2339,2139 2384,2139 2428,2139 2473,2142 2518,2142 2563,2142 2607,2139 2652,2139 2697,2139 2742,2136 2787,2139 2831,2139 2876,2139 2921,2139 2966,2136 3010,2136 3025,2133"/>
                <TextEquiv>
                    <Unicode>pflichtet, den Parteien auf ihre Anfragen in höflicher</Unicode>
                </TextEquiv>
            </TextLine>
            <TextLine id="tr_1_tl_11" custom="readingOrder {index:10;}">
                <Coords points="487,2322 679,2356 1149,2309 1386,2383 1578,2309 1710,2332 1710,2217 1643,2204 1115,2251 811,2187 487,2224"/>
                <Baseline points="504,2282 549,2285 593,2285 638,2285 683,2288 728,2288 772,2288 817,2288 862,2288 907,2288 951,2288 996,2288 1041,2288 1086,2288 1130,2291 1175,2288 1220,2288 1265,2288 1309,2285 1354,2285 1399,2285 1444,2285 1488,2288 1533,2288 1578,2288 1623,2288 1668,2288 1712,2285 1718,2285"/>
                <TextEquiv>
                    <Unicode>l'orm Auskunft zu erteilen?</Unicode>
                </TextEquiv>
            </TextLine>
        </TextRegion>
        <TextRegion id="tr_2" custom="readingOrder {index:2;}">
            <Coords points="495,2390 3154,2390 3154,3575 495,3575"/>
            <TextLine id="tr_2_tl_1" custom="readingOrder {index:0;}">
                <Coords points="723,2488 1261,2444 1788,2545 2014,2454 2505,2515 2775,2450 3062,2518 3059,2373 2924,2339 720,2363"/>
                <Baseline points="737,2440 781,2440 826,2440 871,2440 916,2443 960,2443 1005,2440 1050,2443 1095,2443 1139,2443 1184,2443 1229,2443 1274,2443 1318,2443 1363,2443 1408,2440 1453,2440 1497,2440 1542,2440 1587,2440 1632,2443 1676,2443 1721,2443 1766,2446 1811,2449 1856,2446 1900,2446 1945,2446 1990,2446 2035,2443 2079,2443 2124,2443 2169,2443 2214,2443 2258,2443 2303,2446 2348,2449 2393,2446 2437,2449 2482,2449 2527,2449 2572,2452 2616,2449 2661,2449 2706,2449 2751,2449 2795,2449 2840,2449 2885,2449 2930,2452 2974,2452 3019,2452 3064,2455 3070,2455"/>
                <TextEquiv>
                    <Unicode>"Kathi, ich bitt' dich, frozzel' mich nicht! Schau</Unicode>
                </TextEquiv>
            </TextLine>
            <TextLine id="tr_2_tl_2" custom="readingOrder {index:1;}">
                <Coords points="490,2643 1393,2640 1535,2620 1538,2525 1254,2552 1031,2505 777,2535 696,2484 598,2515 493,2491"/>
                <Baseline points="510,2601 516,2601 560,2599 605,2599 650,2599 695,2599 740,2599 784,2599 829,2599 874,2599 919,2599 963,2599 1008,2599 1053,2599 1098,2599 1142,2599 1187,2596 1232,2596 1277,2596 1321,2596 1366,2596 1411,2596 1456,2593 1500,2590 1545,2590"/>
                <TextEquiv>
                    <Unicode>ich halt’s nimmer aus!"</Unicode>
                </TextEquiv>
            </TextLine>
            <TextLine id="tr_2_tl_3" custom="readingOrder {index:2;}">
                <Coords points="730,2799 3093,2809 3089,2687 2985,2660 727,2674"/>
                <Baseline points="748,2754 793,2754 838,2751 883,2751 928,2751 972,2754 1017,2754 1062,2754 1107,2754 1151,2754 1196,2757 1241,2754 1286,2754 1330,2757 1375,2757 1420,2757 1465,2757 1509,2754 1554,2754 1599,2754 1644,2754 1688,2754 1733,2757 1778,2757 1823,2757 1867,2760 1912,2757 1957,2754 2002,2754 2046,2754 2091,2754 2136,2757 2181,2754 2226,2754 2270,2754 2315,2757 2360,2757 2405,2757 2449,2757 2494,2757 2539,2760 2584,2760 2628,2760 2673,2760 2718,2760 2763,2760 2807,2760 2852,2760 2897,2760 2942,2760 2986,2760 3031,2760 3076,2757 3100,2760"/>
                <TextEquiv>
                    <Unicode>Ja,“ sagte Katharina, indem sie sich auf die Fuss-</Unicode>
                </TextEquiv>
            </TextLine>
            <TextLine id="tr_2_tl_4" custom="readingOrder {index:3;}">
                <Coords points="500,2951 3103,2954 3103,2839 2944,2816 500,2832"/>
                <Baseline points="519,2918 560,2915 605,2912 650,2909 695,2909 740,2909 784,2909 829,2909 874,2909 919,2909 963,2912 1008,2909 1053,2912 1098,2912 1142,2912 1187,2912 1232,2912 1277,2912 1321,2912 1366,2912 1411,2915 1456,2915 1500,2912 1545,2909 1590,2912 1635,2912 1679,2912 1724,2915 1769,2912 1814,2912 1858,2912 1903,2912 1948,2912 1993,2912 2038,2912 2082,2912 2127,2912 2172,2912 2217,2912 2261,2912 2306,2912 2351,2915 2396,2912 2440,2912 2485,2915 2530,2915 2575,2915 2619,2915 2664,2915 2709,2912 2754,2915 2798,2918 2843,2918 2888,2918 2933,2918 2977,2918 3022,2918 3067,2918 3112,2915"/>
                <TextEquiv>
                    <Unicode>pitzen stellte und gleich wieder fallen liess, "so muss</Unicode>
                </TextEquiv>
            </TextLine>
            <TextLine id="tr_2_tl_5" custom="readingOrder {index:4;}">
                <Coords points="480,3140 3150,3147 3126,2968 1078,3022 477,2951"/>
                <Baseline points="495,3061 540,3064 584,3067 629,3067 674,3067 719,3067 763,3067 808,3067 853,3067 898,3067 942,3067 987,3067 1032,3067 1077,3067 1121,3067 1166,3067 1211,3067 1256,3064 1300,3067 1345,3067 1390,3067 1435,3067 1480,3070 1524,3070 1569,3070 1614,3070 1659,3070 1703,3070 1748,3070 1793,3073 1838,3070 1882,3073 1927,3073 1972,3073 2017,3070 2061,3070 2106,3070 2151,3070 2196,3070 2240,3067 2285,3067 2330,3070 2375,3070 2419,3070 2464,3070 2509,3073 2554,3073 2599,3076 2643,3076 2688,3076 2733,3073 2778,3076 2822,3073 2867,3076 2912,3076 2957,3073 3001,3073 3046,3076 3091,3076 3136,3076 3154,3082"/>
                <TextEquiv>
                    <Unicode>ich halt einen Andern fragen. Ich hab' die Ehre, Herr...</Unicode>
                </TextEquiv>
            </TextLine>
            <TextLine id="tr_2_tl_6" custom="readingOrder {index:5;}">
                <Coords points="683,3228 710,3228 723,3245 747,3228 798,3265 852,3238 892,3262 923,3252 963,3272 1061,3258 1065,3130 1017,3123 940,3147 889,3116 835,3110 771,3150 686,3130"/>
                <Baseline points="701,3210 713,3213 757,3216 802,3216 847,3219 892,3222 936,3219 981,3219 1026,3213 1071,3204"/>
                <TextEquiv>
                    <Unicode>"Kathi!"</Unicode>
                </TextEquiv>
            </TextLine>
            <TextLine id="tr_2_tl_7" custom="readingOrder {index:6;}">
                <Coords points="710,3434 1734,3383 3096,3458 3096,3289 2964,3262 2616,3326 2031,3245 1660,3319 710,3262"/>
                <Baseline points="728,3374 772,3374 817,3374 862,3377 907,3377 951,3380 996,3380 1041,3377 1086,3380 1130,3380 1175,3380 1220,3380 1265,3380 1309,3380 1354,3377 1399,3380 1444,3380 1488,3380 1533,3380 1578,3380 1623,3380 1668,3377 1712,3377 1757,3377 1802,3377 1847,3377 1891,3380 1936,3380 1981,3380 2026,3383 2070,3383 2115,3383 2160,3383 2205,3383 2249,3380 2294,3383 2339,3380 2384,3383 2428,3383 2473,3380 2518,3383 2563,3383 2607,3383 2652,3383 2697,3383 2742,3383 2787,3386 2831,3386 2876,3386 2921,3389 2966,3389 3010,3392 3055,3395 3100,3401 3106,3404"/>
                <TextEquiv>
                    <Unicode>„Was is denn? Schau'n S' mich doch nicht so bös an,</Unicode>
                </TextEquiv>
            </TextLine>
            <TextLine id="tr_2_tl_8" custom="readingOrder {index:7;}">
                <Coords points="480,3613 2221,3583 2221,3529 2062,3468 852,3498 693,3407 480,3437"/>
                <Baseline points="498,3559 528,3559 572,3559 617,3559 662,3559 707,3559 751,3559 796,3559 841,3559 886,3559 930,3562 975,3562 1020,3562 1065,3562 1110,3565 1154,3562 1199,3562 1244,3562 1289,3562 1333,3562 1378,3562 1423,3562 1468,3562 1512,3565 1557,3565 1602,3562 1647,3562 1691,3562 1736,3562 1781,3559 1826,3562 1870,3559 1915,3559 1960,3559 2005,3559 2049,3559 2094,3556 2139,3556 2184,3553 2229,3544"/>
                <TextEquiv>
                    <Unicode>sonst krieg' ich wirklich eine Angst.</Unicode>
                </TextEquiv>
            </TextLine>
        </TextRegion>
    </Page>
</PcGts>
