3528 4072
3057 383 3180 546 8.
625 592 3100 812 af und ab. Manchmal blieb er stehen, sah die Strassen
442 542 536 762 aa
629 795 3107 965 stlang, liess seine Blicke zum Nordwestbahnhof, — zum
615 928 3150 1094 raterstern schweifen - und dann ging er wieder auf und
100 898 539 1114 em Jno in
639 1078 3190 1237 b, auf und ab. Mit einem Male gewahrte er eine bekannte
100 1074 536 1291 Jurio drs ikx
602 1221 3253 1437 gestalt, die von der Taborstrasse aus immer näher schritt.
143 1224 532 1420 seigneur de
612 1384 3143 1553 s war Katharina, in einem blauen, weiss-getupften Fou-
103 1370 536 1590 dezeb eib
609 1547 3103 1693 ardkleid mit einem kleinen weissen Strohhut und einem
126 1543 529 1710 I heaeib
599 1710 3090 1899 oten Sonnenschirm; immer näher kam sie heran, und En-
146 1710 546 1896 bastême
595 1876 3060 2019 elbert sah sie lächeln. Sie wusste, dass er hier auf
136 1856 516 2049 amour le dernier et
602 2036 3020 2179 osten stand... wollte sie ihn besuchen? Er wagte es
110 1986 526 2212 :e de mai
599 2175 3273 2338 aum zu hoffen, denn sie war in der letzten Zeit gar nicht
183 2189 519 2345 the meare
1091 2275 1656 2382 mit ihm gewesen.
612 2308 3210 2518 iebenswürdig, xxx
110 2325 529 2515 sna sevri
602 2508 3193 2631 die kam auf ihn zu. Jetzt merkte er auch, dass etwa zehn
249 2461 522 2641 ebnove
609 2661 3197 2801 chritte hinter ihr ein junger Mann in einem lichtgrauen
96 2671 276 2794 a 0
612 2774 3007 2960 nzug, eine digarette im Mund und einen Spazierstock
93 2827 499 2980 s.L. I.o. vn.s.
609 2954 3200 3123 wischen den Fingern drehend, einherspazirt kam, was üb-
86 2937 512 3120 M i l’a
615 3113 2209 3290 igens auch ein Zufall sein konnte.
103 3103 519 3296 ebenemissen
768 3233 3080 3429 Engelbert, der eben mitten auf der Strasse stand,
93 3263 462 3456 à
602 3419 3246 3592 äherte sich dem Trottoir, Katharina blieb vor ihm stehen
