3528 4072
3083 367 3188 555 5.
562 552 3158 774 gelbert stand auf Posten in der Rothenthurmstrasse, als
138 539 438 825 G.C.F.P
572 730 3211 953 er von weitem einen eleganten Herrn herankommen sah, der
158 801 242 956 08
576 936 3255 1104 ein kleines Mädchen an der Hand führte. Die kleine schien
94 902 454 1074 a siffer
202 1033 441 1235 G.C.F.P.
562 1091 3255 1299 müde zu sein, der elegante Herr schleppte sie weiter. Sie
572 1232 3127 1417 stürzte zusammen; der elegante Herr riss sie vom Boden
135 1208 458 1407 Gemärte
572 1380 3269 1555 auf; die kleine weinte, schrie, der elegante Herr schimpf-
114 1350 468 1562 a ee
576 1525 3121 1713 te so laut, dass Engelbert die Worte verstand, die von
151 1528 481 1720 a été
576 1737 3137 1855 vielversprechender Unflätigkeit waren. Das Mädchen jam-
121 1693 465 1862 ab sejns
566 1851 3158 2020 merte!" Mein lieber guter Papa, ich bin ja so müd!" und
141 1838 475 2033 Teileque
572 1983 3248 2178 sank in die Kniee; der elegante Herr hob seinen Stock und
178 2003 488 2168 it in a
576 2151 3252 2333 schlug das Mädchen auf den Kopf, dass es wie tot zusammen
145 2138 488 2366 sq2 nea
569 2356 3114 2494 sank. Leute liefen herbei, Engelbert eilte strahlenden
135 2323 491 2488 Wm Lzw
562 2461 3060 2602 Auges herzu. Der Fall war besonders glücklich: es war
209 2451 495 2646 :efeJ
579 2622 3238 2818 eben die Zeit, da Kindermisshandlungen im Vordergrund des
108 2629 505 2811 etw gnaf
569 2814 3158 2966 Interesses standen; mit einem Schlage konnte er jetzt
88 2770 498 2966 zw überall zu
576 2908 3191 3107 der Mann des Tages werden.
88 2999 259 3121 le dA
1922 3090 3248 3285 Hier war hoffentlich
569 3087 1700 3302 (c. m.
246 3110 515 3275 entes
566 3296 3158 3434 ein Mord an einem wehrlosen Kinde geschehen, und er war
569 3370 3279 3612 in der Lage einzuschreiten. Mit gevalttätiger Würde behnte
