2984 4104
2437 333 2616 568 20.
199 581 2652 794 Engelbert musste dies alles hören und schweigend in-
124 784 634 901 wider weiter
121 725 2633 1042 rer Mitte gehen. Ohne die Gefangenen anzusehen, fühl-
121 895 2502 1111 er, dass die Blicke der Beiden einander noch mehr
111 1065 2682 1284 agten als ihre Worte; fühlte, wie sich zwischen den Bei-
98 1235 2669 1424 en, die ein gemeinsames Schufksal aneinanderschmiedete,
1911 1352 2061 1463 by
2427 1342 2685 1444 Rein
98 1362 2691 1571 mmer stärkere Beziehungen knüpften, gegen die er macht-
127 1551 683 1689 Muhtpette
98 1532 2571 1734 os war. Kathi ging so nah neben ihm, dass ihr Kleid
95 1718 2616 1888 ihn streifte. Sie nahten sich dem Kommissariat. Als er
91 1845 2564 2081 das wolbekannte Haus von ferne sah, fuhr ihm ein ver-
78 1983 2620 2277 führerischer Gedanke durch den Sinn. Wenn er der ganzen
88 2146 2714 2401 Sache ein Ende machte? Wenn er die Beiden freiliesse und
91 2329 2711 2600 Katti um Verzeihung bäte...? Aber er wies diese unwürdi-
88 2489 2708 2757 ge Versuchung gleich wieder von sich, und festen Schrit-
91 2620 2655 2894 tes trat er mit den beiden Verhafteten über die Schwel-
88 2845 1192 3015 le des Polizeigebäudes.
268 2881 2714 3217 Der Kommissär fragte,ohne aufzublieken: "Um was han-
114 3194 768 3377 delt es sich?"
300 3217 2649 3573 "Herr Kommissär", sagte Engelbert, "um Wachebelei-
