3464 4184
2870 395 3044 546 18.
648 652 2923 889 Engelbert sah sich, aufs-Höchste überrascht, um.
467 806 3114 1030 Der diese Worte gesprochen, war natürlich der junge Herr
481 987 1218 1172 im grauen Anzug.
681 1106 2969 1343 "Was?" fragte Engelbert in einem Ton, der berech-
490 1267 3067 1458 tigte Zweifel an dem Verstande des Angeredeten verriet.
678 1438 3041 1593 "Warum Sie diese Dame arretieren,“ wiederholte der
510 1560 3156 1794 junge Herr, indem er Engelbert unsaglich frech anschaute.
494 1698 3002 1912 In Kathis Antlitzdrückte sich mindestens eine gewisse
500 1863 2962 2083 Dankbarkeit aus. Engelbert fühlte, dass er nicht auf
490 2064 2123 2238 halbem Wege stehen bleiben konnte.
727 2222 3008 2409 „Sie kommen auch mit!" rief er aus. “Ich verhafte
510 2393 1771 2574 Sie im Namen des Gesetzes.
734 2511 2933 2732 "Ich komme sehr gern mit, lieber Herr Wachmann"
474 2686 1906 2900 sagte der junge Herr lächelnd.
754 2811 3081 2995 Ich bin nicht Ihr lieber Herr Wachmann! Vorwärts!
754 2988 3031 3169 "Entschuldigen schon,“ sagte der junge Herr, “das
546 3110 3051 3304 können Sie nicht entscheiden; ich finde, dass Sie ein
533 3324 1797 3499 lieber Herr Wachmann sind.
767 3416 3061 3729 Schweigen Sie und folgen Sie mir! Ich bitte doch
