3400 4184
2709 450 2893 667 23.
567 729 2906 936 "Herr Kommissär, gehorsamst zu melden, es ist näm-
369 978 1205 1124 lich meine Braut."
557 1089 2796 1221 Der Kommissär erhob sich von seinem Sitz. "Wie?"
369 1251 2731 1445 Dann sah er Engelbert lang an, klopfte ihm auf die
369 1432 2466 1555 Schulter. "Brav! das lass' ichmmir gefallen."
570 1549 2887 1714 Oder vielmehr: es war meine Braut, Herr Kommisaär
382 1737 2796 1873 sagte Engelbert, indem ihm die Tränen aus den Augen
386 1921 836 2061 stürzten.
580 2028 2968 2168 Der Kommissär betrachtete ihn gütig. Dann sagte er:
402 2129 2978 2320 "Also jetzt gehen Sie zurück auf Ihren Posten. Ich wer¬
399 2294 3000 2479 de Sie übrigens zu einer besonderen Belobung empfehlen.
583 2459 2871 2644 Engelbert eilte auf die Strasse. Er kam eben zu
402 2621 2825 2799 recht, um Kathi und den jungen Mann an der nächsten
402 2770 2867 2965 Ecke in einen Fiaker steigen zu sehen und den jungen
408 2890 3003 3127 Mann dem Kutscher zurufen zu hören: “In’ Prater, Haupt-
408 3153 732 3308 allee.
603 3279 2965 3434 Die Verhandlung fand ein paar Wochen später statt.
424 3360 2997 3616 Der staatsanwaltschaftliche Funktionär feierte die Man-
