3400 4152
2789 326 2967 534 22.
623 567 3000 752 "Hat sich Bemerkungen über die Arretierung der jun-
419 748 1266 913 gen Dame erlaubt.
630 913 3019 1042 Schön, schön. Da können wir hier weiter nichts ma-
432 1091 2937 1210 chen. Das gehört ja vor’s Bezirksgericht. Danke sehr
435 1216 2897 1407 wandte er sich zu den beiden Haftlingen. "Sie werden
432 1407 2050 1546 seinerzeit die Vorladung bekommen.
623 1543 3069 1681 “So können wir gehen? Eragte der junge Mann, und En¬
432 1661 2706 1843 gelbert sah, bei diesem "Wir" rot vor den Augen.
639 1800 2934 2004 "Bitte sehr, wohin Sie wollen", sagte der freund-
429 2027 1213 2189 liche Kommissär.
626 2169 2937 2301 Katti warf auf Engelbert einen Blick, als wenn er
442 2344 2957 2462 ihr ein Fremder wäre. Der junge Mann öffnete die Türe
435 2482 2904 2634 und entfernte sich mit dem Mädchen. Engelbert wollte
448 2630 3092 2855 ihnen folgen; da rief ihn der Kommissar an: “Sie, Fried-
442 2841 748 2963 maier!
656 2953 1454 3122 "Herr Konmissär?"
672 3075 3098 3267 'Ich gratulier' Ihnen. Zeit war's schoh. Im übrigen,
458 3197 3026 3402 wie is denn das Mädel dazugekommen, Sie einen Affen zu
455 3468 837 3626 nennen?"
