3448 4152
2855 328 3035 545 20.
637 637 3062 861 Engelbert musste dies alles hören und schweigend in
476 792 3016 1022 ihrer Mitte gehen. Ohne die Gefangenen anzusehen, fühl
480 989 2934 1186 te er, dass die Blicke der Beiden einander noch mehr
480 1130 3104 1363 sagten als ihre Worte; fühlte, wie sich zwischen den Bei-
489 1284 3091 1452 den, die ein gemeinsames Schriksal aneinanderschmiedete,
496 1455 3098 1626 immer stärkere Beziehungen knüpften, gegen die er macht.
483 1570 2993 1771 los war. Kathi ging so nah neben ihm, dass ihr Kleid
506 1738 3042 1938 ihn streifte. Sie nahten sich dem Kommissariat. Als er
499 1922 2979 2152 das wolbekannte Haus von ferne sah, fuhr ihm ein ver-
499 2063 3062 2260 führerischerGedanke durch den Sinn. Wenn er der ganzen
506 2188 3147 2424 Sache ein Ende machte? Wenn er die Beiden freiliesse und
519 2359 3127 2552 Katti um Verzeihung bäte...? Aber er wies diese unwürdi¬
519 2529 3140 2750 ge Versuchung gleich wieder von sich, und festen Schrit-
529 2687 3091 2950 tes trat er mit den beiden Verhafteten über die Schwel-
532 2881 1629 3085 le des Polizeigebäudes.
716 2993 3173 3246 Der Kommissär fragte, ohne aufzublicken: "Um was han-
542 3216 1196 3364 delt es sich?"
752 3278 3098 3535 "Herr, Kommissär", sagte Engelbert, "um Wachebelei-
