3464 4104
1235 387 2142 560 Ein Erfolg.
1583 659 1765 798 Von
1248 831 2116 1079 Arthur Schnitzler.
768 1265 3225 1434 Engelbert Friedmaier, der Sicherheitswachmann Numero
586 1397 3093 1616 siebzehntausendneunhundertzwölf stand auf Posten zwi-
579 1589 3225 1742 schen der Kaiser Josef- und Taborstrasse und dachte über
579 1765 3199 1868 sein verfehltes Leben nach. Drei Jahre waren verflossen,
576 1881 3219 2056 seit er als Feldwebel seinen Abschied vom Militär genom-
576 2053 3096 2195 men und in das Corps der Sicherheitswache eingetreten
583 2219 3215 2338 war, voll der edelsten Begeisterung für seinen neuen Be-
576 2374 3209 2510 ruf, von glühendem Eifer erfüllt;-für die Ordnung und Si-
589 2533 3248 2666 cherheit in der Stadt zu sorgen; ein geliebtes Mädchen, die
579 2685 3182 2805 Tochter des Greisslers Anton Wessely harrte darauf, von
570 2851 3225 2990 ihm als Gattin heimgeführt zu werden; aber Engelberts Aus-
576 2980 3215 3175 sichten auf Beförderung waren trüb, ja verzweifelt. Denn
570 3146 3199 3288 diese drei Jahre waren vergangen, ohne dass ihm ein ein-
