<?xml version="1.0" encoding="UTF-8" standalone="yes"?>
<PcGts xmlns="http://schema.primaresearch.org/PAGE/gts/pagecontent/2013-07-15" xmlns:xsi="http://www.w3.org/2001/XMLSchema-instance" xsi:schemaLocation="http://schema.primaresearch.org/PAGE/gts/pagecontent/2013-07-15 http://schema.primaresearch.org/PAGE/gts/pagecontent/2013-07-15/pagecontent.xsd">
    <Metadata>
        <Creator>prov=READ-COOP:name=TrHtr:version=2.1.0:model_id=51170:date=14_08_2023_19:04</Creator>
        <Created>2023-05-10T14:41:35.465+02:00</Created>
        <LastChange>2023-08-14T19:04:16.263+02:00</LastChange>
        <TranskribusMetadata docId="1428646" pageId="55423447" pageNr="8" tsid="132822058" status="IN_PROGRESS" userId="64420" imgUrl="https://files.transkribus.eu/Get?id=JRJCONWNHCALWDGIUPWOFALR&amp;fileType=view" xmlUrl="https://files.transkribus.eu/Get?id=JVGTVWEZNEMONWGLBLZISCNR" imageId="44697526"/>
    </Metadata>
    <Page imageFilename="1428646_0008.jpg" imageWidth="3480" imageHeight="4152">
        <ReadingOrder>
            <OrderedGroup id="ro_1711815084113" caption="Regions reading order">
                <RegionRefIndexed index="0" regionRef="tr_3"/>
                <RegionRefIndexed index="1" regionRef="tr_1"/>
                <RegionRefIndexed index="2" regionRef="tr_2"/>
            </OrderedGroup>
        </ReadingOrder>
        <TextRegion id="tr_3" custom="readingOrder {index:0;}">
            <Coords points="2958,451 3065,451 3065,517 2958,517"/>
            <TextLine id="tr_3_tl_1" custom="readingOrder {index:0;}">
                <Coords points="2944,598 2965,595 2985,575 2999,575 3006,568 3060,561 3050,384 3009,391 3006,398 2968,388 2955,394 2955,401 2938,401"/>
                <Baseline points="2958,501 3002,504 3047,504 3065,507"/>
                <TextEquiv>
                    <Unicode>7.</Unicode>
                </TextEquiv>
            </TextLine>
        </TextRegion>
        <TextRegion id="tr_1" custom="readingOrder {index:1;}">
            <Coords points="173,740 3178,740 3178,2371 173,2371"/>
            <TextLine id="tr_1_tl_1" custom="readingOrder {index:0;}">
                <Coords points="456,867 745,853 789,823 864,860 894,833 949,853 1027,833 1061,857 1102,816 1146,819 1149,724 864,741 772,700 738,721 462,663"/>
                <Baseline points="477,808 483,805 528,805 573,805 617,805 662,805 707,802 752,799 796,799 841,796 886,796 931,793 976,790 1020,790 1065,790 1110,790 1155,790"/>
                <TextEquiv>
                    <Unicode>schlich davon.</Unicode>
                </TextEquiv>
            </TextLine>
            <TextLine id="tr_1_tl_2" custom="readingOrder {index:1;}">
                <Coords points="694,989 2938,949 3023,830 2598,762 2050,870 697,816"/>
                <Baseline points="713,955 743,955 788,955 832,952 877,952 922,949 967,949 1011,946 1056,946 1101,943 1146,943 1190,940 1235,940 1280,940 1325,940 1370,937 1414,937 1459,937 1504,934 1549,931 1593,931 1638,928 1683,928 1728,922 1773,922 1817,922 1862,919 1907,919 1952,916 1996,916 2041,916 2086,916 2131,916 2175,913 2220,913 2265,910 2310,910 2355,907 2399,904 2444,904 2489,904 2534,901 2578,901 2623,898 2668,898 2713,898 2758,895 2802,895 2847,895 2892,892 2937,892 2981,892 3026,892"/>
                <TextEquiv>
                    <Unicode>Von diesem Tage an zweifelte Engelbert Friedmaier</Unicode>
                </TextEquiv>
            </TextLine>
            <TextLine id="tr_1_tl_3" custom="readingOrder {index:2;}">
                <Coords points="466,1132 2380,1132 3002,1078 3104,983 469,1047"/>
                <Baseline points="486,1119 516,1116 561,1113 605,1110 650,1110 695,1110 740,1107 785,1107 829,1107 874,1107 919,1107 964,1104 1008,1101 1053,1098 1098,1095 1143,1095 1187,1092 1232,1092 1277,1089 1322,1092 1367,1089 1411,1089 1456,1086 1501,1086 1546,1083 1590,1083 1635,1083 1680,1080 1725,1077 1770,1077 1814,1074 1859,1074 1904,1074 1949,1071 1993,1071 2038,1068 2083,1068 2128,1068 2173,1065 2217,1065 2262,1062 2307,1065 2352,1062 2396,1062 2441,1062 2486,1062 2531,1059 2575,1059 2620,1056 2665,1053 2710,1050 2755,1050 2799,1050 2844,1050 2889,1050 2934,1050 2978,1050 3023,1050 3068,1044 3113,1044"/>
                <TextEquiv>
                    <Unicode>nicht mehr, dass ihn ein tückisches Vernangnis verfolge.</Unicode>
                </TextEquiv>
            </TextLine>
            <TextLine id="tr_1_tl_4" custom="readingOrder {index:3;}">
                <Coords points="473,1278 2995,1244 3080,1139 874,1136 473,1217"/>
                <Baseline points="492,1274 537,1268 582,1265 626,1265 671,1265 716,1262 761,1262 805,1262 850,1259 895,1259 940,1259 985,1256 1029,1253 1074,1253 1119,1250 1164,1250 1208,1250 1253,1247 1298,1247 1343,1247 1387,1244 1432,1244 1477,1241 1522,1241 1567,1238 1611,1238 1656,1235 1701,1235 1746,1235 1790,1235 1835,1232 1880,1232 1925,1229 1970,1229 2014,1229 2059,1226 2104,1226 2149,1223 2193,1223 2238,1220 2283,1217 2328,1217 2372,1214 2417,1214 2462,1214 2507,1211 2552,1211 2596,1211 2641,1208 2686,1208 2731,1208 2775,1208 2820,1208 2865,1205 2910,1205 2955,1202 2999,1202 3044,1202 3089,1199"/>
                <TextEquiv>
                    <Unicode>Nicht ohne Neid sah er auf manche seiner Kameraden, die</Unicode>
                </TextEquiv>
            </TextLine>
            <TextLine id="tr_1_tl_5" custom="readingOrder {index:4;}">
                <Coords points="479,1465 3111,1394 3172,1241 479,1370"/>
                <Baseline points="498,1426 537,1423 582,1420 626,1420 671,1420 716,1420 761,1420 805,1420 850,1417 895,1414 940,1414 985,1414 1029,1411 1074,1408 1119,1408 1164,1408 1208,1405 1253,1405 1298,1402 1343,1402 1387,1399 1432,1399 1477,1399 1522,1396 1567,1396 1611,1393 1656,1393 1701,1393 1746,1390 1790,1390 1835,1390 1880,1387 1925,1387 1970,1387 2014,1384 2059,1384 2104,1382 2149,1382 2193,1382 2238,1379 2283,1376 2328,1376 2372,1373 2417,1373 2462,1373 2507,1373 2552,1370 2596,1370 2641,1367 2686,1367 2731,1364 2775,1364 2820,1361 2865,1361 2910,1361 2955,1358 2999,1358 3044,1358 3089,1355 3134,1355 3178,1358"/>
                <TextEquiv>
                    <Unicode>strenger waren als die Verordnungen und empfindlicher als</Unicode>
                </TextEquiv>
            </TextLine>
            <TextLine id="tr_1_tl_6" custom="readingOrder {index:5;}">
                <Coords points="479,1588 2897,1557 3019,1544 3023,1418 483,1486"/>
                <Baseline points="498,1579 522,1581 567,1579 611,1576 656,1576 701,1576 746,1573 790,1573 835,1573 880,1573 925,1573 970,1570 1014,1570 1059,1567 1104,1567 1149,1564 1193,1564 1238,1561 1283,1561 1328,1558 1373,1558 1417,1558 1462,1558 1507,1558 1552,1552 1596,1552 1641,1549 1686,1549 1731,1546 1776,1546 1820,1543 1865,1543 1910,1543 1955,1540 1999,1543 2044,1540 2089,1540 2134,1537 2178,1534 2223,1534 2268,1531 2313,1531 2358,1528 2402,1528 2447,1528 2492,1528 2537,1525 2581,1525 2626,1522 2671,1522 2716,1522 2761,1519 2805,1519 2850,1516 2895,1516 2940,1516 2984,1516 3029,1522"/>
                <TextEquiv>
                    <Unicode>die Gesetze, undensdumpfe Verlockungen erwachten in ihm,</Unicode>
                </TextEquiv>
            </TextLine>
            <TextLine id="tr_1_tl_7" custom="readingOrder {index:6;}">
                <Coords points="490,1768 2859,1737 3040,1720 3043,1622 493,1666"/>
                <Baseline points="507,1740 540,1737 585,1737 629,1734 674,1734 719,1734 764,1731 808,1731 853,1731 898,1728 943,1725 988,1725 1032,1722 1077,1722 1122,1722 1167,1719 1211,1716 1256,1713 1301,1713 1346,1713 1390,1713 1435,1710 1480,1710 1525,1710 1570,1707 1614,1707 1659,1704 1704,1704 1749,1704 1793,1701 1838,1701 1883,1698 1928,1698 1973,1698 2017,1695 2062,1695 2107,1692 2152,1692 2196,1689 2241,1689 2286,1689 2331,1686 2375,1683 2420,1683 2465,1683 2510,1683 2555,1680 2599,1680 2644,1677 2689,1674 2734,1674 2778,1674 2823,1671 2868,1671 2913,1668 2958,1668 3002,1668 3047,1665"/>
                <TextEquiv>
                    <Unicode>diesen Ernsthaftstrebenden nachzueifern. Immer stärker</Unicode>
                </TextEquiv>
            </TextLine>
            <TextLine id="tr_1_tl_8" custom="readingOrder {index:7;}">
                <Coords points="493,1901 2050,1938 2900,1860 2951,1754 493,1829"/>
                <Baseline points="510,1895 540,1892 585,1895 629,1892 674,1892 719,1889 764,1886 808,1886 853,1883 898,1883 943,1880 988,1877 1032,1877 1077,1874 1122,1874 1167,1871 1211,1871 1256,1871 1301,1871 1346,1868 1390,1868 1435,1868 1480,1865 1525,1865 1570,1865 1614,1862 1659,1859 1704,1859 1749,1859 1793,1856 1838,1856 1883,1853 1928,1853 1973,1853 2017,1853 2062,1850 2107,1850 2152,1850 2196,1850 2241,1847 2286,1847 2331,1844 2375,1841 2420,1838 2465,1835 2510,1835 2555,1832 2599,1832 2644,1832 2689,1829 2734,1829 2778,1826 2823,1826 2868,1823 2913,1823 2958,1820"/>
                <TextEquiv>
                    <Unicode>empfand er die beispiellose Ordnung und Sittlichkeit</Unicode>
                </TextEquiv>
            </TextLine>
            <TextLine id="tr_1_tl_9" custom="readingOrder {index:8;}">
                <Coords points="486,2081 2995,2040 3125,2013 3128,1894 490,1979"/>
                <Baseline points="504,2050 537,2047 582,2044 626,2047 671,2047 716,2044 761,2044 805,2041 850,2041 895,2038 940,2038 985,2035 1029,2035 1074,2035 1119,2035 1164,2032 1208,2029 1253,2026 1298,2026 1343,2026 1387,2023 1432,2023 1477,2023 1522,2020 1567,2020 1611,2017 1656,2017 1701,2020 1746,2017 1790,2014 1835,2014 1880,2011 1925,2011 1970,2008 2014,2008 2059,2008 2104,2008 2149,2005 2193,2008 2238,2005 2283,2002 2328,1999 2372,1999 2417,1996 2462,1993 2507,1993 2552,1990 2596,1990 2641,1990 2686,1987 2731,1987 2775,1987 2820,1984 2865,1984 2910,1981 2955,1984 2999,1981 3044,1978 3089,1976 3134,1973"/>
                <TextEquiv>
                    <Unicode>rings um sich, wie einen gegen ihn persönlich ge-</Unicode>
                </TextEquiv>
            </TextLine>
            <TextLine id="tr_1_tl_10" custom="readingOrder {index:9;}">
                <Coords points="490,2241 2999,2193 3087,2057 493,2132"/>
                <Baseline points="513,2205 543,2202 588,2202 632,2202 677,2202 722,2199 767,2196 811,2196 856,2196 901,2193 946,2193 990,2193 1035,2190 1080,2190 1125,2187 1170,2187 1214,2184 1259,2184 1304,2181 1349,2181 1393,2181 1438,2178 1483,2178 1528,2178 1573,2178 1617,2175 1662,2175 1707,2173 1752,2173 1796,2170 1841,2167 1886,2167 1931,2164 1976,2164 2020,2161 2065,2161 2110,2158 2155,2158 2199,2158 2244,2158 2289,2155 2334,2155 2378,2152 2423,2152 2468,2149 2513,2149 2558,2146 2602,2146 2647,2143 2692,2143 2737,2143 2781,2140 2826,2137 2871,2137 2916,2137 2961,2134 3005,2134 3050,2134 3095,2131"/>
                <TextEquiv>
                    <Unicode>richteten Hohn und die ganze Menschheit seines Bezirkes</Unicode>
                </TextEquiv>
            </TextLine>
            <TextLine id="tr_1_tl_11" custom="readingOrder {index:10;}">
                <Coords points="153,2251 173,2247 197,2264 214,2258 248,2285 262,2275 282,2275 299,2258 354,2264 354,2169 296,2159 255,2162 245,2149 224,2139 218,2145 187,2122 156,2125"/>
                <Baseline points="173,2211 202,2211 247,2208 280,2211 325,2208 361,2211"/>
                <TextEquiv>
                    <Unicode>G.H.</Unicode>
                </TextEquiv>
            </TextLine>
            <TextLine id="tr_1_tl_12" custom="readingOrder {index:11;}">
                <Coords points="496,2400 2805,2343 3060,2298 3060,2186 500,2295"/>
                <Baseline points="519,2361 561,2361 605,2358 650,2358 695,2358 740,2358 785,2355 829,2355 874,2352 919,2352 964,2352 1008,2352 1053,2349 1098,2346 1143,2346 1187,2346 1232,2343 1277,2340 1322,2340 1367,2337 1411,2337 1456,2334 1501,2334 1546,2331 1590,2331 1635,2331 1680,2328 1725,2325 1770,2325 1814,2322 1859,2322 1904,2322 1949,2322 1993,2319 2038,2319 2083,2316 2128,2316 2173,2313 2217,2313 2262,2313 2307,2310 2352,2310 2396,2307 2441,2307 2486,2304 2531,2304 2575,2304 2620,2304 2665,2304 2710,2301 2755,2298 2799,2298 2844,2295 2889,2292 2934,2292 2978,2289 3023,2286 3068,2289"/>
                <TextEquiv>
                    <Unicode>erschien ihm als eine Bande von Verschworenen, die mit</Unicode>
                </TextEquiv>
            </TextLine>
        </TextRegion>
        <TextRegion id="tr_2" custom="readingOrder {index:2;}">
            <Coords points="519,2394 3256,2394 3256,3469 519,3469"/>
            <TextLine id="tr_2_tl_1" custom="readingOrder {index:0;}">
                <Coords points="500,2550 2567,2472 2774,2543 3101,2462 3104,2380 503,2431"/>
                <Baseline points="519,2519 558,2516 602,2516 647,2513 692,2516 737,2513 782,2510 826,2510 871,2510 916,2507 961,2504 1005,2504 1050,2501 1095,2504 1140,2501 1185,2501 1229,2498 1274,2498 1319,2495 1364,2492 1408,2492 1453,2492 1498,2489 1543,2489 1587,2486 1632,2486 1677,2486 1722,2483 1767,2480 1811,2480 1856,2480 1901,2477 1946,2477 1990,2474 2035,2474 2080,2471 2125,2471 2170,2468 2214,2468 2259,2468 2304,2465 2349,2465 2393,2462 2438,2462 2483,2459 2528,2459 2572,2459 2617,2456 2662,2456 2707,2456 2752,2453 2796,2450 2841,2450 2886,2450 2931,2450 2975,2447 3020,2447 3065,2444 3110,2444"/>
                <TextEquiv>
                    <Unicode>ihrer Anständigkeit nichts andres bezweckten als ihn zu</Unicode>
                </TextEquiv>
            </TextLine>
            <TextLine id="tr_2_tl_2" custom="readingOrder {index:1;}">
                <Coords points="500,2683 721,2706 915,2672 1051,2713 1231,2676 1319,2710 1374,2683 1377,2611 1159,2584 1102,2608 918,2567 843,2618 768,2587 636,2625 503,2604"/>
                <Baseline points="519,2674 531,2674 576,2674 620,2671 665,2671 710,2671 755,2668 799,2668 844,2665 889,2665 934,2662 979,2662 1023,2659 1068,2659 1113,2659 1158,2659 1202,2656 1247,2656 1292,2653 1337,2653 1382,2653"/>
                <TextEquiv>
                    <Unicode>Grunde zu richten.</Unicode>
                </TextEquiv>
            </TextLine>
            <TextLine id="tr_2_tl_3" custom="readingOrder {index:2;}">
                <Coords points="731,2842 2805,2805 3036,2788 3040,2696 2567,2649 734,2768"/>
                <Baseline points="749,2820 761,2820 805,2820 850,2823 895,2820 940,2817 985,2814 1029,2814 1074,2814 1119,2814 1164,2811 1208,2811 1253,2811 1298,2808 1343,2808 1387,2808 1432,2805 1477,2805 1522,2802 1567,2802 1611,2799 1656,2796 1701,2796 1746,2793 1790,2793 1835,2790 1880,2790 1925,2790 1970,2787 2014,2784 2059,2784 2104,2781 2149,2781 2193,2781 2238,2778 2283,2778 2328,2775 2372,2775 2417,2775 2462,2772 2507,2772 2552,2769 2596,2769 2641,2769 2686,2767 2731,2764 2775,2764 2820,2764 2865,2761 2910,2758 2955,2758 2999,2758 3044,2758"/>
                <TextEquiv>
                    <Unicode>So stand er auch heute auf seinem Posten mit dem</Unicode>
                </TextEquiv>
            </TextLine>
            <TextLine id="tr_2_tl_4" custom="readingOrder {index:3;}">
                <Coords points="507,3029 3043,2955 3077,2832 510,2921"/>
                <Baseline points="525,2999 570,2996 614,2990 659,2984 704,2981 749,2978 793,2978 838,2975 883,2978 928,2975 973,2972 1017,2972 1062,2972 1107,2969 1152,2969 1196,2969 1241,2966 1286,2964 1331,2964 1376,2964 1420,2961 1465,2958 1510,2958 1555,2955 1599,2955 1644,2955 1689,2952 1734,2952 1779,2949 1823,2949 1868,2949 1913,2946 1958,2943 2002,2943 2047,2943 2092,2940 2137,2940 2181,2937 2226,2934 2271,2934 2316,2934 2361,2931 2405,2934 2450,2931 2495,2931 2540,2928 2584,2925 2629,2922 2674,2922 2719,2922 2764,2922 2808,2919 2853,2919 2898,2916 2943,2913 2987,2910 3032,2907 3077,2913"/>
                <TextEquiv>
                    <Unicode>gramvollen Bewusstsein seiner Ueberflüssigkeit und La-</Unicode>
                </TextEquiv>
            </TextLine>
            <TextLine id="tr_2_tl_5" custom="readingOrder {index:4;}">
                <Coords points="517,3148 2788,3135 3196,3101 3199,2995 520,3067"/>
                <Baseline points="534,3146 564,3143 608,3140 653,3140 698,3140 743,3137 788,3134 832,3134 877,3134 922,3131 967,3131 1011,3128 1056,3128 1101,3125 1146,3125 1190,3122 1235,3122 1280,3122 1325,3119 1370,3116 1414,3116 1459,3116 1504,3113 1549,3113 1593,3113 1638,3110 1683,3110 1728,3107 1773,3107 1817,3104 1862,3104 1907,3101 1952,3101 1996,3098 2041,3098 2086,3095 2131,3095 2175,3092 2220,3092 2265,3092 2310,3089 2355,3089 2399,3086 2444,3086 2489,3083 2534,3083 2578,3080 2623,3083 2668,3080 2713,3077 2758,3077 2802,3074 2847,3074 2892,3071 2937,3071 2981,3071 3026,3068 3071,3068 3116,3068 3161,3065 3205,3062"/>
                <TextEquiv>
                    <Unicode>cherlichkeit. - Der Abend nahte, verspatete Spaziergänger</Unicode>
                </TextEquiv>
            </TextLine>
            <TextLine id="tr_2_tl_6" custom="readingOrder {index:5;}">
                <Coords points="517,3318 2570,3301 3213,3250 3216,3142 520,3227"/>
                <Baseline points="534,3301 537,3301 582,3301 626,3298 671,3295 716,3292 761,3292 805,3289 850,3289 895,3286 940,3289 985,3286 1029,3283 1074,3283 1119,3283 1164,3283 1208,3283 1253,3280 1298,3277 1343,3277 1387,3274 1432,3271 1477,3268 1522,3268 1567,3265 1611,3262 1656,3262 1701,3262 1746,3265 1790,3262 1835,3259 1880,3259 1925,3256 1970,3253 2014,3253 2059,3253 2104,3250 2149,3250 2193,3247 2238,3244 2283,3244 2328,3241 2372,3241 2417,3241 2462,3238 2507,3238 2552,3235 2596,3235 2641,3232 2686,3232 2731,3232 2775,3229 2820,3229 2865,3229 2910,3226 2955,3226 2999,3223 3044,3223 3089,3223 3134,3223 3178,3223 3223,3217"/>
                <TextEquiv>
                    <Unicode>nahmen den Weg zum Prater, aus dem verworren der Sonntags-</Unicode>
                </TextEquiv>
            </TextLine>
            <TextLine id="tr_2_tl_7" custom="readingOrder {index:6;}">
                <Coords points="517,3458 921,3536 2135,3407 2859,3451 3244,3397 3247,3301 520,3363"/>
                <Baseline points="537,3459 570,3456 614,3453 659,3453 704,3453 749,3450 793,3450 838,3450 883,3447 928,3444 973,3444 1017,3444 1062,3441 1107,3438 1152,3438 1196,3435 1241,3432 1286,3432 1331,3432 1376,3429 1420,3426 1465,3426 1510,3426 1555,3423 1599,3423 1644,3423 1689,3423 1734,3420 1779,3420 1823,3420 1868,3417 1913,3414 1958,3411 2002,3408 2047,3408 2092,3405 2137,3402 2181,3402 2226,3399 2271,3402 2316,3399 2361,3396 2405,3396 2450,3393 2495,3390 2540,3390 2584,3387 2629,3387 2674,3384 2719,3384 2764,3384 2808,3384 2853,3381 2898,3381 2943,3381 2987,3381 3032,3381 3077,3381 3122,3381 3166,3375 3211,3372 3256,3372"/>
                <TextEquiv>
                    <Unicode>lärm zu ihm herüberdrang. Engelbert schritt auf und ab, an</Unicode>
                </TextEquiv>
            </TextLine>
        </TextRegion>
    </Page>
</PcGts>
