3496 4104
3000 271 3141 545 5.
545 626 3108 813 elbert stand auf Posten in der Rothenthurmstrasse, als
529 769 3148 967 Er von weitem einen eleganten Herrn herankommen sah, der
545 943 3198 1124 in kleines Mädchen an der Hand führte. Die Kleine schien
539 1127 3191 1305 üde zu sein, der elegante Herr schleppte sie weiter. Sie
545 1274 3074 1428 türzte zusammen; der elegante Herr riss sie vom Boden
545 1412 3225 1569 uf; die Kleine weinte, schrie, der elegante Herr schimpf-
555 1575 3081 1733 e so laut, dass Engelbert die Worte verstand, die von
562 1699 3104 1887 ielversprechender Unflätigkeit waren. Das Mädchen jam-
552 1880 3124 2087 erte!" Mein lieber guter Papa, ich bin ja so müd!" und
565 2030 3215 2208 ank in die Knise; der elegante Herr hob seinen Stock und
572 2191 3231 2345 chlug das Mädchen auf den Kopf, dass es wie tot zusammen-
565 2352 3094 2532 ank. Leute liefen herbei, Engelbert eilte strahlenden
562 2515 3037 2676 uges herzu. Der Fall war besonders glücklich: es war
575 2653 3221 2827 ben die Zeit, da Kindermisshandlungen im Vordergrund des
569 2780 3144 3014 nteresses standen; mit einem Schlage konnte e r jetzt
565 2957 3164 3114 er Mann des Tages werden. Was gingen ihn Taxüberschrei-
572 3134 3231 3312 ungen, kleine Stichverletzungen an? Hier war hoffentlich
579 3281 3138 3465 in Mord an einem wehrlosen Kinde geschehen, und er war
575 3439 3261 3666 n der Lage einzuschreiten. Mit gewalttätiger Würde bahnte
