3000 4104
2384 336 2571 583 24.
115 586 2664 869 gewürde und Pflichtreue des Wachmannes, der durch keine
105 790 2506 998 rt von persönlichen Beziehungen sich hatte abhalten
105 935 2677 1152 assen, der Gerechtigkeit ihren Lauf zu lassen. Der Ver-
102 1093 2542 1294 eidiger brandmarkte den empörenden Versuch, eine Ge-
92 1268 2502 1488 iebte, deren man überdrüssig geworden war, sich auf
92 1396 2667 1636 amtlichem Wege von Hals zu schaffen und sprach die Hoff-
86 1567 2598 1752 nung aus, dass sich ein derartiger Machiavellismus un-
79 1738 2644 1923 ter den braven Sicherheitswachleuten der Hauptstadt nur
76 1854 2604 2114 vereinzelt vorfinden dürfte. Der staatsanvaltschaftli-
72 2031 2608 2245 che Funktionaä, unbeirrt, behauptete in seiner Replik,
72 2157 2720 2390 dass die Fundamente des Staates zu wanken begännen, wenn
69 2334 2716 2588 hier nicht ein Exempel statuirt würde. Und so geschah es
79 2502 2581 2693 auch. Kathi wurde zu fünfundzwanzog Gulden Geldstrafe
89 2650 2631 2855 verurteilt, der Mediziner Albert Meierding zu zehn Gul
82 2822 2674 3009 den; er erlegte die Summer für Beide. Es war ein schö-
92 2999 2693 3187 ner Julitag; am selben Abend führen wieder Beide in den
99 3131 1900 3348 Prator, und meist Gott mötig noch
270 3286 2568 3516 Merkwürdig aber ist, dass von diesem Tage an der
