3464 4152
2926 332 3093 459 13.
469 529 3123 777 Ernst! Ich geh jetzt zum Ringelspiel, dann geh' ich zum
469 741 2996 915 Präuscher, dann geh' ich auf die Rutschbahn, denn geh
476 895 2942 1089 ich in die verhexte Hutschen, dann schau' ich mir 'n
476 1049 3143 1280 Wurstel an... Wissen S', Herr Kommissär, einen andern...
737 1227 1089 1434 “Kathi!“
707 1357 3033 1545 Er bebte bis in die Fingerspitzen. Der junge Herr
489 1495 3100 1702 gegenüber lehnte am Laternenpfahl und betrachtete seine
493 1679 3107 1840 Schuhe. Kathi nickte ein paar Mal mit dem Kopf, wie zum
499 1816 3016 1997 Abschied, und wandte sich zum Gehen. Engelbert fasste
509 2024 2031 2172 ihre Hand. Kathi starrte ihn an.
774 2071 3130 2329 "Was fällt die denn ein?“ sagte sie plötzlich ganz
523 2353 808 2487 ernst.
767 2393 3127 2627 "Katti, ich erlaub's nicht! Verstanden?... Ich er-
516 2567 3210 2805 laub's nicht, dass du in' Prater gehat! Am nächsten Sonn-
529 2745 3006 2939 tag bin ich dienstfrei, da gehan wirmiteinander hin.'
777 2882 3214 3073 Aber freilich, dir werden's grad dienstfrei geben!
543 3050 3113 3271 Als ob sie auf dich einen Tag verzichten könnten... da
536 3204 3110 3402 ging' ja alles drunter und drüber in Wien, da gäb's ja
546 3328 2999 3606 gar keine Ordnung mehr, da möchten sich ja die Leut'
