3448 4072
1185 355 2111 538 Ein Erfolg.
1540 591 1729 793 Von
1208 787 2071 1075 Arthur Schnitzler.
737 1205 3193 1404 Engelbert Friedmaier, der Sicherheitswachmann Numero
561 1394 3053 1556 siebzehntausendneunhundertzwölf stand auf Posten zwi-
554 1553 3196 1739 schen der Kaiser Josef- und Taborstrasse und dachte über
554 1726 3173 1862 sein verfehltes Leben nach. Drei Jahre waren verflossen,
551 1855 3179 1988 seit er als Feldwebel seinen Abschied vom Militär genom-
548 1978 3073 2164 men und in das Corps der Sicherheitswache eingetreten
564 2144 3183 2326 war, voll der edelsten Begeisterung für seinen neuen Be-
544 2343 3196 2512 ruf, von glühendem Eifer.erfüllt-für die Ordnung und Si-
561 2443 3229 2642 cherheit in der Stadt zu sorgen; ein geliebtes Mädchen, die
561 2628 3156 2781 Tochter des Greisslers Anton Wessely harrte darauf, von
548 2774 3199 2934 ihm als Gattin heimgeführt zu werden; aber Engelberts Aus-
558 2911 3199 3120 sichten auf Beförderung waren trüb, ja verzweifelt. Denn
544 3110 3173 3276 diese drei Jahre waren vergangen, ohne dass ihm ein ein-
