3480 4136
3012 314 3126 465 2.
489 452 3096 685 ziger Erfolg geblüht hatte. Ein solcher Fall hatte sich
489 624 3039 803 nicht ereignet, seit eine Sicherheitswache in Wien be-
499 779 3015 1005 stand. Engelberts Vorgesetzte hegten Misstrauen gegen
499 961 3096 1133 seinen guten Willen, die Kameraden hatten keine Achtung
499 1093 3150 1305 mehr vor ihm, und Kathi, die früher sein Trost in trüben
503 1238 3059 1464 Stunden gewesen war, begann ihn aufs bitterste zu ver-
516 1383 3113 1599 spotten. Dabei fühlte er sich frei von Schuld. Er hatte
513 1534 3187 1727 kein Glück. Auf tausend Schritt in seinem Umkreis schwie-
513 1747 3066 1916 gen alle bösen Triebe. Auf belebten Strassenkreuzungen
513 1852 3130 2067 war er gestanden, wo sonst Dutzende von Kutschern wegen
523 2000 3150 2212 Schnellfährens, ja günstigenfalls selbst wegen Ueberfah-
526 2165 3140 2357 rens angehalten wurden; er hatte in Feiertagsnachten in
523 2367 3211 2536 der Vorstadt vor verrufenen Lokalen Dienst getan, aus de-
526 2492 3113 2681 ren Türe schon Manche mit dem Ruf herausgestürzt waren:
533 2641 3126 2850 "Ich bin gestochen!“... ja, er war sogar einmal in eine
523 2796 3089 3008 Strasse versetzt worden, wo das Radfahren verboten und
540 3012 3211 3167 wo es seinem Vorgänger gelungen war, an einem berühmt ge-
533 3096 3133 3278 wordenen Tage siebenundsechzig cyclisten aufs Kommissa-
536 3265 3126 3467 riat zu führen - - sobald Engelbert Friedmaier den ver-
536 3474 3244 3619 antwortungsvollen Posten bezog, war alles anders geworden.
