<?xml version="1.0" encoding="UTF-8" standalone="yes"?>
<PcGts xmlns="http://schema.primaresearch.org/PAGE/gts/pagecontent/2013-07-15" xmlns:xsi="http://www.w3.org/2001/XMLSchema-instance" xsi:schemaLocation="http://schema.primaresearch.org/PAGE/gts/pagecontent/2013-07-15 http://schema.primaresearch.org/PAGE/gts/pagecontent/2013-07-15/pagecontent.xsd">
    <Metadata>
        <Creator>prov=READ-COOP:name=TrHtr:version=2.1.0:model_id=51170:date=14_08_2023_19:04</Creator>
        <Created>2023-05-10T14:41:43.300+02:00</Created>
        <LastChange>2023-08-14T19:04:34.862+02:00</LastChange>
        <TranskribusMetadata docId="1428646" pageId="55423890" pageNr="69" tsid="132822124" status="IN_PROGRESS" userId="64420" imgUrl="https://files.transkribus.eu/Get?id=KMOHTUUQNZVPFAEKNVFGGRVA&amp;fileType=view" xmlUrl="https://files.transkribus.eu/Get?id=NETHXJKJBIFGATQCMQLOTKRF" imageId="44697969"/>
    </Metadata>
    <Page imageFilename="1428646_0069.jpg" imageWidth="3576" imageHeight="4072">
        <ReadingOrder>
            <OrderedGroup id="ro_1711815236746" caption="Regions reading order">
                <RegionRefIndexed index="0" regionRef="tr_2"/>
                <RegionRefIndexed index="1" regionRef="tr_1"/>
            </OrderedGroup>
        </ReadingOrder>
        <TextRegion id="tr_2" custom="readingOrder {index:0;}">
            <Coords points="716,433 3334,433 3334,1980 716,1980"/>
            <TextLine id="tr_2_tl_1" custom="readingOrder {index:0;}">
                <Coords points="3076,569 3102,563 3179,598 3218,573 3227,582 3250,579 3250,418 3198,409 3163,421 3115,389 3076,396"/>
                <Baseline points="3095,486 3140,483 3185,483 3230,483 3259,486"/>
                <TextEquiv>
                    <Unicode>18.</Unicode>
                </TextEquiv>
            </TextLine>
            <TextLine id="tr_2_tl_2" custom="readingOrder {index:1;}">
                <Coords points="840,772 3015,785 3108,759 3108,589 2748,666 1815,563 840,621"/>
                <Baseline points="856,725 877,722 922,722 967,722 1012,722 1056,722 1101,719 1146,719 1191,719 1235,719 1280,719 1325,719 1370,719 1415,719 1459,719 1504,722 1549,719 1594,719 1638,722 1683,722 1728,722 1773,725 1818,725 1862,722 1907,722 1952,722 1997,719 2041,719 2086,719 2131,719 2176,719 2221,716 2265,713 2310,713 2355,713 2400,716 2444,713 2489,713 2534,713 2579,713 2624,713 2668,716 2713,716 2758,716 2803,716 2848,716 2892,719 2937,719 2982,716 3027,716 3071,716 3116,722"/>
                <TextEquiv>
                    <Unicode>Engelbert sah sich, aufs Höchste überrascht, um.</Unicode>
                </TextEquiv>
            </TextLine>
            <TextLine id="tr_2_tl_3" custom="readingOrder {index:2;}">
                <Coords points="724,965 3221,949 3311,795 724,804"/>
                <Baseline points="743,886 764,883 809,877 853,880 898,874 943,874 988,874 1032,874 1077,874 1122,877 1167,877 1212,874 1256,874 1301,874 1346,877 1391,877 1435,877 1480,877 1525,877 1570,877 1615,877 1659,877 1704,877 1749,874 1794,874 1838,874 1883,877 1928,877 1973,877 2018,874 2062,874 2107,874 2152,874 2197,871 2241,868 2286,868 2331,868 2376,868 2421,868 2465,868 2510,871 2555,871 2600,871 2645,871 2689,871 2734,871 2779,871 2824,874 2868,874 2913,871 2958,871 3003,874 3048,874 3092,871 3137,871 3182,868 3227,865 3271,865 3316,868"/>
                <TextEquiv>
                    <Unicode>er diese Worte gesprochen, war natürlich der junge Herr</Unicode>
                </TextEquiv>
            </TextLine>
            <TextLine id="tr_2_tl_4" custom="readingOrder {index:3;}">
                <Coords points="737,1120 885,1081 1036,1113 1091,1081 1149,1107 1226,1062 1310,1094 1338,1065 1419,1068 1419,959 1335,936 1242,965 1142,943 1042,959 962,917 898,968 833,952 795,978 737,972"/>
                <Baseline points="755,1029 800,1038 844,1035 889,1032 934,1029 979,1029 1023,1029 1068,1029 1113,1029 1158,1026 1203,1026 1247,1026 1292,1029 1337,1032 1382,1035 1426,1041"/>
                <TextEquiv>
                    <Unicode>grauen Anzug.</Unicode>
                </TextEquiv>
            </TextLine>
            <TextLine id="tr_2_tl_5" custom="readingOrder {index:4;}">
                <Coords points="869,1236 3134,1268 3134,1078 3037,1055 2262,1129 869,1081"/>
                <Baseline points="886,1173 931,1179 976,1179 1020,1179 1065,1179 1110,1179 1155,1182 1200,1182 1244,1182 1289,1182 1334,1185 1379,1188 1424,1185 1468,1188 1513,1188 1558,1185 1603,1185 1647,1185 1692,1185 1737,1182 1782,1182 1827,1182 1871,1182 1916,1182 1961,1182 2006,1182 2050,1182 2095,1182 2140,1185 2185,1182 2230,1182 2274,1182 2319,1182 2364,1182 2409,1185 2453,1182 2498,1185 2543,1185 2588,1188 2633,1185 2677,1182 2722,1182 2767,1182 2812,1182 2856,1182 2901,1182 2946,1179 2991,1179 3036,1179 3080,1179 3125,1182 3142,1184"/>
                <TextEquiv>
                    <Unicode>„Was!“ fragte Engelbert in einem Ton, der berech-</Unicode>
                </TextEquiv>
            </TextLine>
            <TextLine id="tr_2_tl_6" custom="readingOrder {index:5;}">
                <Coords points="718,1429 1055,1355 3243,1409 3246,1239 721,1245"/>
                <Baseline points="737,1355 746,1349 791,1346 835,1346 880,1343 925,1343 970,1343 1015,1343 1059,1343 1104,1340 1149,1343 1194,1340 1238,1343 1283,1343 1328,1343 1373,1340 1418,1343 1462,1343 1507,1340 1552,1340 1597,1343 1641,1343 1686,1343 1731,1340 1776,1340 1821,1340 1865,1340 1910,1340 1955,1340 2000,1340 2044,1337 2089,1340 2134,1340 2179,1340 2224,1340 2268,1340 2313,1340 2358,1340 2403,1340 2447,1343 2492,1340 2537,1340 2582,1340 2627,1337 2671,1337 2716,1337 2761,1337 2806,1337 2850,1337 2895,1337 2940,1337 2985,1337 3030,1337 3074,1337 3119,1334 3164,1334 3209,1334 3254,1334"/>
                <TextEquiv>
                    <Unicode>tigte Zweifel an dem Verstande des Angeredeten verriet.</Unicode>
                </TextEquiv>
            </TextLine>
            <TextLine id="tr_2_tl_7" custom="readingOrder {index:6;}">
                <Coords points="846,1554 3005,1544 3224,1509 3224,1396 846,1435"/>
                <Baseline points="865,1477 910,1489 955,1492 1000,1492 1044,1495 1089,1495 1134,1495 1179,1495 1223,1498 1268,1498 1313,1495 1358,1498 1403,1498 1447,1495 1492,1495 1537,1495 1582,1495 1627,1498 1671,1498 1716,1498 1761,1498 1806,1498 1850,1498 1895,1495 1940,1495 1985,1495 2030,1495 2074,1492 2119,1492 2164,1492 2209,1492 2253,1492 2298,1495 2343,1495 2388,1495 2433,1495 2477,1492 2522,1492 2567,1489 2612,1492 2656,1492 2701,1492 2746,1489 2791,1495 2836,1495 2880,1492 2925,1492 2970,1492 3015,1492 3059,1492 3104,1489 3149,1489 3194,1486 3230,1489"/>
                <TextEquiv>
                    <Unicode>"Warum Sie diese Dame arretieren," wiederholte der</Unicode>
                </TextEquiv>
            </TextLine>
            <TextLine id="tr_2_tl_8" custom="readingOrder {index:7;}">
                <Coords points="2227,1609 2304,1573 2420,1596 2442,1580 2465,1596 2757,1586 2757,1512 2693,1528 2638,1499 2590,1509 2558,1493 2513,1535 2400,1544 2291,1496 2227,1506"/>
                <Baseline points="2244,1573 2289,1573 2334,1576 2379,1576 2424,1579 2468,1579 2513,1582 2558,1582 2603,1582 2647,1585 2692,1582 2737,1579 2767,1576"/>
                <TextEquiv>
                    <Unicode>freundlich</Unicode>
                </TextEquiv>
            </TextLine>
            <TextLine id="tr_2_tl_9" custom="readingOrder {index:8;}">
                <Coords points="2667,1683 2764,1667 2854,1712 2921,1692 2970,1731 3098,1689 3237,1712 3324,1680 3327,1512 3076,1567 3002,1554 2867,1606 2783,1564 2671,1589"/>
                <Baseline points="2689,1650 2707,1650 2752,1647 2797,1650 2842,1650 2886,1650 2931,1650 2976,1650 3021,1650 3065,1650 3110,1647 3155,1647 3200,1647 3245,1644 3289,1644 3334,1644"/>
                <TextEquiv>
                    <Unicode>###ch anschaute.</Unicode>
                </TextEquiv>
            </TextLine>
            <TextLine id="tr_2_tl_10" custom="readingOrder {index:9;}">
                <Coords points="701,1676 1496,1721 2117,1663 2542,1725 2510,1583 705,1577"/>
                <Baseline points="722,1659 761,1656 806,1656 850,1656 895,1656 940,1656 985,1653 1029,1653 1074,1653 1119,1653 1164,1653 1209,1656 1253,1656 1298,1653 1343,1653 1388,1653 1432,1653 1477,1653 1522,1653 1567,1653 1612,1653 1656,1656 1701,1653 1746,1653 1791,1653 1835,1653 1880,1653 1925,1653 1970,1650 2015,1650 2059,1650 2104,1650 2149,1650 2194,1650 2239,1650 2283,1650 2328,1650 2373,1647 2418,1644 2462,1644 2507,1647 2552,1653"/>
                <TextEquiv>
                    <Unicode>unge Herr, indem er Engelbert unsäglich</Unicode>
                </TextEquiv>
            </TextLine>
            <TextLine id="tr_2_tl_11" custom="readingOrder {index:10;}">
                <Coords points="698,1847 3163,1844 3163,1734 3069,1712 1120,1766 698,1699"/>
                <Baseline points="716,1815 752,1812 797,1812 841,1812 886,1809 931,1809 976,1809 1020,1806 1065,1809 1110,1809 1155,1809 1200,1809 1244,1809 1289,1809 1334,1806 1379,1806 1424,1809 1468,1809 1513,1809 1558,1809 1603,1809 1647,1809 1692,1809 1737,1809 1782,1809 1827,1809 1871,1809 1916,1806 1961,1806 2006,1806 2050,1809 2095,1806 2140,1809 2185,1809 2230,1809 2274,1806 2319,1806 2364,1806 2409,1806 2453,1806 2498,1806 2543,1806 2588,1806 2633,1806 2677,1806 2722,1806 2767,1806 2812,1809 2856,1809 2901,1806 2946,1806 2991,1806 3036,1806 3080,1806 3125,1803 3170,1803"/>
                <TextEquiv>
                    <Unicode>In Kathis Antlitzdrückte sich mindestens eine gewisse</Unicode>
                </TextEquiv>
            </TextLine>
            <TextLine id="tr_2_tl_12" custom="readingOrder {index:11;}">
                <Coords points="698,2030 3124,2008 3124,1889 2699,1863 698,1889"/>
                <Baseline points="716,1967 761,1970 806,1967 850,1967 895,1967 940,1967 985,1967 1029,1967 1074,1967 1119,1967 1164,1967 1209,1967 1253,1967 1298,1964 1343,1964 1388,1967 1432,1967 1477,1970 1522,1967 1567,1967 1612,1967 1656,1967 1701,1964 1746,1964 1791,1964 1835,1964 1880,1964 1925,1964 1970,1964 2015,1964 2059,1964 2104,1964 2149,1964 2194,1964 2239,1967 2283,1970 2328,1967 2373,1964 2418,1964 2462,1964 2507,1964 2552,1964 2597,1964 2642,1964 2686,1964 2731,1961 2776,1964 2821,1964 2865,1964 2910,1961 2955,1964 3000,1964 3045,1961 3089,1964 3131,1967"/>
                <TextEquiv>
                    <Unicode>Dankbarkeit aus. Engelbert fühlte, dass er nicht auf</Unicode>
                </TextEquiv>
            </TextLine>
        </TextRegion>
        <TextRegion id="tr_1" custom="readingOrder {index:1;}">
            <Coords points="692,2066 3239,2066 3239,3550 692,3550"/>
            <TextLine id="tr_1_tl_1" custom="readingOrder {index:0;}">
                <Coords points="698,2204 2278,2146 2278,2059 2204,2021 2079,2069 1625,2014 1406,2062 1216,1995 978,2066 698,2053"/>
                <Baseline points="716,2125 719,2125 764,2125 809,2122 853,2122 898,2122 943,2122 988,2122 1032,2125 1077,2125 1122,2125 1167,2125 1212,2125 1256,2122 1301,2122 1346,2122 1391,2122 1435,2122 1480,2125 1525,2125 1570,2125 1615,2122 1659,2122 1704,2119 1749,2119 1794,2119 1838,2119 1883,2119 1928,2119 1973,2119 2018,2116 2062,2116 2107,2119 2152,2119 2197,2119 2241,2119 2286,2122"/>
                <TextEquiv>
                    <Unicode>halbem Wege stehen bleiben konnte.</Unicode>
                </TextEquiv>
            </TextLine>
            <TextLine id="tr_1_tl_2" custom="readingOrder {index:1;}">
                <Coords points="859,2365 3172,2307 3127,2185 859,2188"/>
                <Baseline points="877,2283 895,2280 940,2274 985,2274 1029,2274 1074,2277 1119,2277 1164,2277 1209,2277 1253,2277 1298,2277 1343,2277 1388,2277 1432,2277 1477,2277 1522,2277 1567,2274 1612,2277 1656,2277 1701,2277 1746,2274 1791,2274 1835,2274 1880,2277 1925,2274 1970,2274 2015,2274 2059,2274 2104,2274 2149,2274 2194,2274 2239,2274 2283,2274 2328,2274 2373,2274 2418,2274 2462,2274 2507,2274 2552,2277 2597,2274 2642,2274 2686,2277 2731,2274 2776,2274 2821,2274 2865,2274 2910,2274 2955,2274 3000,2274 3045,2274 3089,2271 3134,2274 3179,2277"/>
                <TextEquiv>
                    <Unicode>"Sie kommen auch mit!" rief er aus. “Ich verhafte</Unicode>
                </TextEquiv>
            </TextLine>
            <TextLine id="tr_1_tl_3" custom="readingOrder {index:2;}">
                <Coords points="676,2494 943,2519 1126,2471 1361,2513 1441,2458 1914,2490 1914,2403 1683,2336 1203,2387 1046,2342 940,2387 676,2333"/>
                <Baseline points="692,2436 737,2436 782,2433 826,2439 871,2436 916,2436 961,2436 1006,2436 1050,2436 1095,2436 1140,2436 1185,2436 1229,2436 1274,2436 1319,2433 1364,2433 1409,2436 1453,2436 1498,2436 1543,2436 1588,2436 1632,2436 1677,2433 1722,2433 1767,2433 1812,2433 1856,2433 1901,2433 1922,2436"/>
                <TextEquiv>
                    <Unicode>Sie im Namen des Gesetzes.</Unicode>
                </TextEquiv>
            </TextLine>
            <TextLine id="tr_1_tl_4" custom="readingOrder {index:3;}">
                <Coords points="856,2677 3089,2658 3089,2503 2841,2471 1831,2545 856,2497"/>
                <Baseline points="874,2591 919,2591 964,2591 1009,2591 1053,2594 1098,2594 1143,2594 1188,2591 1232,2594 1277,2594 1322,2594 1367,2594 1412,2594 1456,2594 1501,2594 1546,2594 1591,2594 1635,2594 1680,2591 1725,2591 1770,2591 1815,2591 1859,2591 1904,2588 1949,2591 1994,2594 2038,2594 2083,2594 2128,2591 2173,2591 2218,2588 2262,2588 2307,2588 2352,2588 2397,2591 2442,2588 2486,2588 2531,2588 2576,2588 2621,2588 2665,2588 2710,2588 2755,2588 2800,2588 2845,2588 2889,2588 2934,2588 2979,2591 3024,2594 3068,2597 3095,2606"/>
                <TextEquiv>
                    <Unicode>"Ich komme sehr gern mit, lieber Herr Wachmann",</Unicode>
                </TextEquiv>
            </TextLine>
            <TextLine id="tr_1_tl_5" custom="readingOrder {index:4;}">
                <Coords points="676,2828 936,2780 1853,2809 2033,2777 2033,2674 1728,2642 1190,2693 1065,2638 975,2687 676,2696"/>
                <Baseline points="692,2761 698,2761 743,2755 788,2752 832,2749 877,2752 922,2749 967,2749 1012,2752 1056,2752 1101,2755 1146,2752 1191,2749 1235,2749 1280,2749 1325,2749 1370,2749 1415,2749 1459,2746 1504,2746 1549,2746 1594,2746 1638,2746 1683,2746 1728,2743 1773,2746 1818,2746 1862,2743 1907,2743 1952,2743 1997,2743 2041,2746"/>
                <TextEquiv>
                    <Unicode>agte der junge Herr lächelnd.</Unicode>
                </TextEquiv>
            </TextLine>
            <TextLine id="tr_1_tl_6" custom="readingOrder {index:5;}">
                <Coords points="856,2938 2928,2970 3234,2918 3234,2767 1779,2780 1261,2867 856,2796"/>
                <Baseline points="874,2898 910,2898 955,2901 1000,2904 1044,2904 1089,2907 1134,2907 1179,2904 1223,2907 1268,2907 1313,2907 1358,2904 1403,2904 1447,2904 1492,2904 1537,2907 1582,2904 1627,2904 1671,2904 1716,2901 1761,2904 1806,2901 1850,2904 1895,2901 1940,2904 1985,2901 2030,2904 2074,2901 2119,2901 2164,2898 2209,2898 2253,2898 2298,2901 2343,2898 2388,2898 2433,2898 2477,2898 2522,2898 2567,2898 2612,2898 2656,2898 2701,2898 2746,2898 2791,2898 2836,2895 2880,2898 2925,2898 2970,2898 3015,2898 3059,2898 3104,2898 3149,2895 3194,2892 3239,2895"/>
                <TextEquiv>
                    <Unicode>"Ich bin nicht Ihr lieber Herr Wachmann! Vorwärts!</Unicode>
                </TextEquiv>
            </TextLine>
            <TextLine id="tr_1_tl_7" custom="readingOrder {index:6;}">
                <Coords points="859,3121 3163,3115 3163,2983 3044,2960 1934,3018 1770,2938 859,2957"/>
                <Baseline points="877,3056 922,3059 967,3059 1012,3059 1056,3059 1101,3059 1146,3062 1191,3062 1235,3062 1280,3062 1325,3062 1370,3062 1415,3062 1459,3062 1504,3062 1549,3062 1594,3062 1638,3059 1683,3059 1728,3062 1773,3059 1818,3062 1862,3062 1907,3065 1952,3062 1997,3062 2041,3062 2086,3065 2131,3062 2176,3059 2221,3059 2265,3056 2310,3059 2355,3059 2400,3059 2444,3059 2489,3056 2534,3059 2579,3062 2624,3062 2668,3059 2713,3059 2758,3056 2803,3056 2848,3056 2892,3056 2937,3056 2982,3056 3027,3054 3071,3054 3116,3054 3161,3056 3170,3056"/>
                <TextEquiv>
                    <Unicode>"Entschuldigen schon," sagte der junge Herr, "das</Unicode>
                </TextEquiv>
            </TextLine>
            <TextLine id="tr_1_tl_8" custom="readingOrder {index:7;}">
                <Coords points="676,3279 3176,3282 3137,3131 676,3105"/>
                <Baseline points="692,3215 737,3221 782,3218 826,3221 871,3221 916,3221 961,3218 1006,3221 1050,3221 1095,3218 1140,3221 1185,3221 1229,3218 1274,3218 1319,3218 1364,3218 1409,3218 1453,3218 1498,3218 1543,3218 1588,3218 1632,3218 1677,3218 1722,3218 1767,3215 1812,3215 1856,3215 1901,3218 1946,3215 1991,3218 2036,3218 2080,3218 2125,3218 2170,3218 2215,3215 2259,3218 2304,3218 2349,3215 2394,3215 2439,3215 2483,3218 2528,3218 2573,3218 2618,3218 2662,3215 2707,3212 2752,3212 2797,3212 2842,3212 2886,3212 2931,3212 2976,3215 3021,3212 3065,3212 3110,3212 3155,3212 3185,3215"/>
                <TextEquiv>
                    <Unicode>können Sie nicht entscheiden; ich finde, dass Sie ein</Unicode>
                </TextEquiv>
            </TextLine>
            <TextLine id="tr_1_tl_9" custom="readingOrder {index:8;}">
                <Coords points="698,3462 1203,3411 1316,3472 1490,3398 1644,3433 1905,3391 1905,3275 1548,3320 1387,3272 968,3317 698,3272"/>
                <Baseline points="716,3379 749,3376 794,3376 838,3376 883,3376 928,3376 973,3379 1018,3379 1062,3376 1107,3376 1152,3376 1197,3379 1241,3376 1286,3373 1331,3373 1376,3373 1421,3373 1465,3373 1510,3373 1555,3373 1600,3373 1644,3373 1689,3373 1734,3373 1779,3370 1824,3370 1868,3370 1913,3364"/>
                <TextEquiv>
                    <Unicode>Lieber Herr Wachmann sind.</Unicode>
                </TextEquiv>
            </TextLine>
            <TextLine id="tr_1_tl_10" custom="readingOrder {index:9;}">
                <Coords points="869,3639 1532,3636 1715,3539 1914,3610 2062,3536 3176,3552 3176,3449 872,3430"/>
                <Baseline points="889,3534 901,3534 946,3537 991,3540 1035,3540 1080,3540 1125,3540 1170,3540 1215,3540 1259,3540 1304,3537 1349,3537 1394,3537 1438,3537 1483,3537 1528,3537 1573,3537 1618,3537 1662,3534 1707,3534 1752,3537 1797,3537 1841,3537 1886,3537 1931,3540 1976,3537 2021,3534 2065,3534 2110,3534 2155,3531 2200,3534 2244,3534 2289,3531 2334,3531 2379,3528 2424,3531 2468,3531 2513,3531 2558,3531 2603,3531 2647,3531 2692,3528 2737,3528 2782,3528 2827,3528 2871,3528 2916,3528 2961,3528 3006,3528 3051,3528 3095,3528 3140,3528 3185,3531"/>
                <TextEquiv>
                    <Unicode>"Schweigen Sie und folgen Sie mir! Ich bitte doch</Unicode>
                </TextEquiv>
            </TextLine>
        </TextRegion>
    </Page>
</PcGts>
