<?xml version="1.0" encoding="UTF-8" standalone="yes"?>
<PcGts xmlns="http://schema.primaresearch.org/PAGE/gts/pagecontent/2013-07-15" xmlns:xsi="http://www.w3.org/2001/XMLSchema-instance" xsi:schemaLocation="http://schema.primaresearch.org/PAGE/gts/pagecontent/2013-07-15 http://schema.primaresearch.org/PAGE/gts/pagecontent/2013-07-15/pagecontent.xsd">
    <Metadata>
        <Creator>prov=READ-COOP:name=TrHtr:version=2.1.0:model_id=51170:date=14_08_2023_19:04</Creator>
        <Created>2023-05-10T14:41:42.558+02:00</Created>
        <LastChange>2023-08-14T19:04:33.039+02:00</LastChange>
        <TranskribusMetadata docId="1428646" pageId="55423835" pageNr="63" tsid="132822118" status="IN_PROGRESS" userId="64420" imgUrl="https://files.transkribus.eu/Get?id=LPROFYTJZYYYYYZAVKDDGGYQ&amp;fileType=view" xmlUrl="https://files.transkribus.eu/Get?id=BAVUITDTOVPULGERHVGETYSI" imageId="44697914"/>
    </Metadata>
    <Page imageFilename="1428646_0063.jpg" imageWidth="3528" imageHeight="4056">
        <ReadingOrder>
            <OrderedGroup id="ro_1711815221973" caption="Regions reading order">
                <RegionRefIndexed index="0" regionRef="tr_1"/>
                <RegionRefIndexed index="1" regionRef="tr_2"/>
            </OrderedGroup>
        </ReadingOrder>
        <TextRegion id="tr_1" custom="readingOrder {index:0;}">
            <Coords points="641,430 3220,430 3220,1663 641,1663"/>
            <TextLine id="tr_1_tl_1" custom="readingOrder {index:0;}">
                <Coords points="3046,556 3071,553 3103,534 3122,549 3157,527 3173,534 3195,518 3211,521 3214,422 3138,407 3113,419 3078,400 3052,407"/>
                <Baseline points="3068,486 3086,486 3130,483 3175,483 3220,480"/>
                <TextEquiv>
                    <Unicode>12.</Unicode>
                </TextEquiv>
            </TextLine>
            <TextLine id="tr_1_tl_2" custom="readingOrder {index:1;}">
                <Coords points="829,718 1020,718 1093,743 1118,724 1188,753 1223,724 1334,715 1334,603 1261,610 1226,588 1188,610 1112,569 1058,591 1016,562 899,603 864,584 829,597"/>
                <Baseline points="847,698 892,701 937,704 981,707 1026,707 1071,707 1116,707 1160,707 1205,707 1250,707 1295,701 1340,704 1343,701"/>
                <TextEquiv>
                    <Unicode>"Was denn?“</Unicode>
                </TextEquiv>
            </TextLine>
            <TextLine id="tr_1_tl_3" custom="readingOrder {index:2;}">
                <Coords points="813,870 1147,915 1404,883 1528,927 1585,889 1642,921 1893,893 1893,737 1852,727 1531,721 1121,778 813,753"/>
                <Baseline points="832,856 877,856 922,862 966,865 1011,865 1056,865 1101,865 1146,865 1190,865 1235,865 1280,865 1325,865 1369,865 1414,865 1459,865 1504,868 1548,868 1593,868 1638,868 1683,868 1728,865 1772,865 1817,862 1862,862 1901,856"/>
                <TextEquiv>
                    <Unicode>Du willst fortgeh'n?“</Unicode>
                </TextEquiv>
            </TextLine>
            <TextLine id="tr_1_tl_4" custom="readingOrder {index:3;}">
                <Coords points="810,1029 3094,1029 3090,873 2995,858 807,893"/>
                <Baseline points="826,1011 871,1014 916,1017 961,1020 1005,1023 1050,1023 1095,1023 1140,1023 1184,1023 1229,1020 1274,1020 1319,1023 1363,1023 1408,1023 1453,1023 1498,1023 1543,1026 1587,1026 1632,1026 1677,1026 1722,1026 1766,1026 1811,1026 1856,1023 1901,1023 1945,1023 1990,1023 2035,1023 2080,1023 2124,1023 2169,1023 2214,1026 2259,1023 2304,1026 2348,1026 2393,1026 2438,1026 2483,1026 2527,1026 2572,1023 2617,1023 2662,1023 2706,1023 2751,1026 2796,1026 2841,1023 2886,1023 2930,1023 2975,1023 3020,1023 3065,1020 3097,1020"/>
                <TextEquiv>
                    <Unicode>"Ja, meinen Sie, ich komm' da her, um Sie in der</Unicode>
                </TextEquiv>
            </TextLine>
            <TextLine id="tr_1_tl_5" custom="readingOrder {index:4;}">
                <Coords points="632,1204 1588,1283 2068,1194 3027,1232 3027,1115 2538,1070 2385,1134 1871,1032 632,1032"/>
                <Baseline points="650,1175 695,1175 740,1175 784,1175 829,1175 874,1175 919,1175 964,1175 1008,1175 1053,1175 1098,1175 1143,1175 1187,1175 1232,1175 1277,1175 1322,1175 1366,1175 1411,1172 1456,1175 1501,1175 1545,1175 1590,1178 1635,1178 1680,1178 1725,1178 1769,1181 1814,1184 1859,1184 1904,1181 1948,1181 1993,1181 2038,1184 2083,1187 2127,1184 2172,1181 2217,1181 2262,1178 2307,1181 2351,1184 2396,1184 2441,1187 2486,1184 2530,1184 2575,1184 2620,1184 2665,1184 2709,1181 2754,1181 2799,1181 2844,1181 2889,1178 2933,1178 2978,1178 3023,1175 3035,1175"/>
                <TextEquiv>
                    <Unicode>achsamkeit zu stören? Das ging' Ihnen grad noch ab!</Unicode>
                </TextEquiv>
            </TextLine>
            <TextLine id="tr_1_tl_6" custom="readingOrder {index:5;}">
                <Coords points="623,1407 664,1404 721,1369 759,1359 788,1382 813,1363 886,1356 886,1277 845,1264 800,1270 765,1245 753,1251 689,1188 673,1194 629,1182"/>
                <Baseline points="644,1331 671,1331 716,1328 761,1328 805,1328 850,1325 895,1325"/>
                <TextEquiv>
                    <Unicode>dieu!</Unicode>
                </TextEquiv>
            </TextLine>
            <TextLine id="tr_1_tl_7" custom="readingOrder {index:6;}">
                <Coords points="791,1531 3186,1515 3186,1407 2579,1445 2322,1340 791,1372"/>
                <Baseline points="808,1486 853,1483 898,1486 943,1486 987,1486 1032,1489 1077,1489 1122,1489 1166,1489 1211,1489 1256,1489 1301,1489 1346,1489 1390,1489 1435,1489 1480,1489 1525,1489 1569,1489 1614,1489 1659,1492 1704,1492 1748,1492 1793,1492 1838,1495 1883,1495 1928,1495 1972,1495 2017,1495 2062,1495 2107,1492 2151,1495 2196,1492 2241,1495 2286,1495 2330,1495 2375,1495 2420,1495 2465,1495 2510,1495 2554,1495 2599,1495 2644,1495 2689,1495 2733,1495 2778,1495 2823,1498 2868,1495 2912,1495 2957,1495 3002,1495 3047,1495 3091,1492 3136,1489 3181,1486 3193,1486"/>
                <TextEquiv>
                    <Unicode>Sie entfernte sich von ihm. Er folgte ihr. "Kathi!"</Unicode>
                </TextEquiv>
            </TextLine>
            <TextLine id="tr_1_tl_8" custom="readingOrder {index:7;}">
                <Coords points="623,1674 2100,1677 2160,1668 2160,1515 623,1547"/>
                <Baseline points="641,1644 686,1644 731,1644 775,1647 820,1644 865,1644 910,1647 955,1650 999,1653 1044,1653 1089,1647 1134,1647 1178,1644 1223,1644 1268,1644 1313,1644 1357,1644 1402,1644 1447,1644 1492,1647 1537,1647 1581,1647 1626,1647 1671,1647 1716,1647 1760,1650 1805,1647 1850,1647 1895,1647 1939,1644 1984,1647 2029,1644 2074,1644 2119,1641 2163,1647 2169,1647"/>
                <TextEquiv>
                    <Unicode>lief er, "du bleibst! du bleibet!"</Unicode>
                </TextEquiv>
            </TextLine>
        </TextRegion>
        <TextRegion id="tr_2" custom="readingOrder {index:1;}">
            <Coords points="632,1746 3268,1746 3268,3537 632,3537"/>
            <TextLine id="tr_2_tl_1" custom="readingOrder {index:0;}">
                <Coords points="791,1807 3252,1839 3167,1728 791,1690"/>
                <Baseline points="808,1796 853,1799 898,1799 943,1799 987,1799 1032,1799 1077,1799 1122,1799 1166,1799 1211,1799 1256,1802 1301,1802 1346,1802 1390,1802 1435,1802 1480,1802 1525,1805 1569,1802 1614,1808 1659,1805 1704,1805 1748,1805 1793,1808 1838,1808 1883,1805 1928,1805 1972,1802 2017,1805 2062,1805 2107,1805 2151,1808 2196,1808 2241,1808 2286,1808 2330,1808 2375,1808 2420,1808 2465,1808 2510,1808 2554,1808 2599,1808 2644,1808 2689,1808 2733,1808 2778,1808 2823,1808 2868,1811 2912,1811 2957,1811 3002,1808 3047,1808 3091,1808 3136,1808 3181,1808 3226,1808 3262,1808"/>
                <TextEquiv>
                    <Unicode>Sie wandte sich um und sah ihn mit grossen Augen an.</Unicode>
                </TextEquiv>
            </TextLine>
            <TextLine id="tr_2_tl_2" custom="readingOrder {index:1;}">
                <Coords points="813,1995 3186,1988 3151,1896 2239,1941 1845,1814 813,1858"/>
                <Baseline points="832,1957 877,1954 922,1954 966,1954 1011,1957 1056,1960 1101,1957 1146,1957 1190,1960 1235,1960 1280,1960 1325,1963 1369,1960 1414,1960 1459,1963 1504,1963 1548,1963 1593,1966 1638,1966 1683,1966 1728,1966 1772,1963 1817,1963 1862,1963 1907,1960 1951,1960 1996,1963 2041,1963 2086,1963 2130,1963 2175,1963 2220,1963 2265,1963 2310,1966 2354,1966 2399,1966 2444,1966 2489,1966 2533,1966 2578,1963 2623,1963 2668,1963 2712,1963 2757,1966 2802,1963 2847,1963 2892,1966 2936,1966 2981,1966 3026,1963 3071,1963 3115,1963 3160,1963 3193,1963"/>
                <TextEquiv>
                    <Unicode>"Bitt' Dich, Kathi, bleib' da. So darfst du nicht</Unicode>
                </TextEquiv>
            </TextLine>
            <TextLine id="tr_2_tl_3" custom="readingOrder {index:2;}">
                <Coords points="623,2138 2185,2131 2144,2077 1845,2074 1668,1979 1093,2030 623,1972"/>
                <Baseline points="641,2119 686,2116 731,2116 775,2116 820,2116 865,2116 910,2116 955,2119 999,2119 1044,2119 1089,2119 1134,2119 1178,2119 1223,2122 1268,2122 1313,2119 1357,2116 1402,2116 1447,2116 1492,2116 1537,2119 1581,2119 1626,2119 1671,2119 1716,2119 1760,2122 1805,2119 1850,2119 1895,2119 1939,2119 1984,2122 2029,2122 2074,2122 2119,2116 2163,2119 2193,2124"/>
                <TextEquiv>
                    <Unicode>ortgehn. Sag' mir wenigstens...</Unicode>
                </TextEquiv>
            </TextLine>
            <TextLine id="tr_2_tl_4" custom="readingOrder {index:3;}">
                <Coords points="819,2274 918,2315 975,2290 1086,2322 1150,2284 1324,2315 1324,2128 1270,2125 1213,2160 1143,2134 1105,2163 1013,2141 959,2163 912,2128 880,2150 819,2147"/>
                <Baseline points="838,2268 880,2265 925,2268 969,2268 1014,2271 1059,2271 1104,2268 1149,2271 1193,2271 1238,2268 1283,2268 1328,2265"/>
                <TextEquiv>
                    <Unicode>"Was denn?"</Unicode>
                </TextEquiv>
            </TextLine>
            <TextLine id="tr_2_tl_5" custom="readingOrder {index:4;}">
                <Coords points="800,2446 2757,2471 3021,2458 3021,2392 2531,2309 1661,2379 797,2309"/>
                <Baseline points="817,2435 862,2426 907,2426 952,2423 996,2426 1041,2426 1086,2426 1131,2426 1175,2429 1220,2429 1265,2429 1310,2429 1354,2429 1399,2432 1444,2429 1489,2429 1534,2429 1578,2432 1623,2432 1668,2432 1713,2435 1757,2432 1802,2432 1847,2432 1892,2432 1936,2432 1981,2429 2026,2429 2071,2432 2116,2432 2160,2432 2205,2432 2250,2432 2295,2432 2339,2432 2384,2435 2429,2435 2474,2432 2518,2435 2563,2432 2608,2432 2653,2432 2698,2435 2742,2435 2787,2432 2832,2432 2877,2435 2921,2438 2966,2441 3011,2447 3026,2450"/>
                <TextEquiv>
                    <Unicode>"Dass du mich noch gern hast... ich bitt' dich,</Unicode>
                </TextEquiv>
            </TextLine>
            <TextLine id="tr_2_tl_6" custom="readingOrder {index:5;}">
                <Coords points="623,2611 718,2643 740,2643 772,2617 829,2595 848,2611 877,2611 883,2484 835,2484 756,2528 737,2516 702,2516 645,2471 629,2471"/>
                <Baseline points="644,2581 665,2581 710,2581 755,2578 799,2578 844,2575 889,2575"/>
                <TextEquiv>
                    <Unicode>athi!"</Unicode>
                </TextEquiv>
            </TextLine>
            <TextLine id="tr_2_tl_7" custom="readingOrder {index:6;}">
                <Coords points="810,2760 3256,2798 3252,2554 2630,2639 807,2620"/>
                <Baseline points="826,2733 871,2736 916,2733 961,2733 1005,2736 1050,2736 1095,2739 1140,2739 1184,2739 1229,2739 1274,2739 1319,2739 1363,2739 1408,2739 1453,2736 1498,2736 1543,2736 1587,2739 1632,2739 1677,2739 1722,2739 1766,2739 1811,2742 1856,2739 1901,2739 1945,2739 1990,2739 2035,2739 2080,2739 2124,2739 2169,2739 2214,2742 2259,2742 2304,2745 2348,2745 2393,2745 2438,2745 2483,2742 2527,2742 2572,2742 2617,2742 2662,2745 2706,2742 2751,2742 2796,2742 2841,2742 2886,2742 2930,2742 2975,2742 3020,2742 3065,2742 3109,2745 3154,2745 3199,2748 3244,2751 3265,2754"/>
                <TextEquiv>
                    <Unicode>"O nein! da hab' ich eine viel zu grosse Hochachtung</Unicode>
                </TextEquiv>
            </TextLine>
            <TextLine id="tr_2_tl_8" custom="readingOrder {index:7;}">
                <Coords points="626,2944 3090,2913 3090,2827 2500,2862 2001,2763 626,2786"/>
                <Baseline points="644,2895 689,2895 734,2895 778,2895 823,2892 868,2895 913,2895 958,2895 1002,2895 1047,2897 1092,2895 1137,2897 1181,2897 1226,2897 1271,2897 1316,2897 1360,2897 1405,2895 1450,2897 1495,2897 1540,2897 1584,2897 1629,2897 1674,2897 1719,2897 1763,2897 1808,2897 1853,2895 1898,2895 1942,2895 1987,2895 2032,2895 2077,2895 2122,2895 2166,2897 2211,2897 2256,2897 2301,2900 2345,2897 2390,2900 2435,2900 2480,2900 2524,2897 2569,2897 2614,2897 2659,2903 2704,2903 2748,2906 2793,2903 2838,2900 2883,2900 2927,2903 2972,2897 3017,2897 3062,2897 3100,2897"/>
                <TextEquiv>
                    <Unicode>or'm Dienst.... Alsdann auf Wiedersehn - ich geh' in</Unicode>
                </TextEquiv>
            </TextLine>
            <TextLine id="tr_2_tl_9" custom="readingOrder {index:8;}">
                <Coords points="613,3068 645,3059 677,3087 727,3065 788,3084 810,3071 883,3100 927,3097 927,2929 886,2929 854,2951 756,2948 718,2970 667,2932 613,2925"/>
                <Baseline points="632,3044 677,3047 722,3047 767,3044 811,3044 856,3044 901,3047 931,3050"/>
                <TextEquiv>
                    <Unicode>rater!"</Unicode>
                </TextEquiv>
            </TextLine>
            <TextLine id="tr_2_tl_10" custom="readingOrder {index:9;}">
                <Coords points="800,3237 1204,3218 1321,3265 1801,3218 1884,3259 2093,3221 2093,3052 1941,3100 1785,3040 1617,3094 1093,3113 800,3071"/>
                <Baseline points="817,3199 862,3205 907,3202 952,3205 996,3205 1041,3205 1086,3208 1131,3208 1175,3208 1220,3205 1265,3205 1310,3205 1354,3208 1399,3205 1444,3205 1489,3208 1534,3205 1578,3205 1623,3205 1668,3205 1713,3205 1757,3208 1802,3208 1847,3205 1892,3205 1936,3202 1981,3202 2026,3202 2071,3202 2101,3199"/>
                <TextEquiv>
                    <Unicode>"Kathi, ist das dein Ernst?"</Unicode>
                </TextEquiv>
            </TextLine>
            <TextLine id="tr_2_tl_11" custom="readingOrder {index:10;}">
                <Coords points="804,3414 3062,3367 3237,3437 3259,3230 800,3237"/>
                <Baseline points="817,3348 859,3354 904,3357 949,3357 993,3357 1038,3360 1083,3360 1128,3357 1172,3357 1217,3357 1262,3360 1307,3360 1352,3360 1396,3360 1441,3360 1486,3360 1531,3360 1575,3360 1620,3360 1665,3360 1710,3360 1754,3363 1799,3360 1844,3360 1889,3360 1933,3360 1978,3360 2023,3360 2068,3360 2113,3360 2157,3360 2202,3360 2247,3363 2292,3363 2336,3363 2381,3363 2426,3366 2471,3366 2515,3363 2560,3363 2605,3363 2650,3363 2695,3363 2739,3363 2784,3363 2829,3363 2874,3363 2918,3366 2963,3363 3008,3363 3053,3363 3097,3366 3142,3366 3187,3363 3232,3363 3268,3360"/>
                <TextEquiv>
                    <Unicode>"Ich werd" mir doch nicht erlauben, mit einem Sicher-</Unicode>
                </TextEquiv>
            </TextLine>
            <TextLine id="tr_2_tl_12" custom="readingOrder {index:11;}">
                <Coords points="626,3630 966,3542 1166,3637 1515,3551 3179,3567 3179,3449 3075,3440 1842,3478 626,3367"/>
                <Baseline points="644,3518 689,3521 734,3521 778,3521 823,3521 868,3521 913,3521 958,3521 1002,3524 1047,3524 1092,3524 1137,3524 1181,3524 1226,3524 1271,3524 1316,3524 1360,3524 1405,3521 1450,3524 1495,3524 1540,3521 1584,3524 1629,3524 1674,3524 1719,3524 1763,3524 1808,3524 1853,3524 1898,3524 1942,3524 1987,3524 2032,3524 2077,3521 2122,3521 2166,3521 2211,3521 2256,3521 2301,3521 2345,3521 2390,3521 2435,3524 2480,3524 2524,3524 2569,3524 2614,3524 2659,3524 2704,3524 2748,3524 2793,3524 2838,3524 2883,3524 2927,3524 2972,3524 3017,3524 3062,3524 3106,3521 3151,3524 3184,3527"/>
                <TextEquiv>
                    <Unicode>sitswachmann im Dienst zu spassen! Freilich is es mein</Unicode>
                </TextEquiv>
            </TextLine>
        </TextRegion>
    </Page>
</PcGts>
