3496 4184
2873 366 3055 515 25.
528 594 3091 884 Sann, der bisher über Engelbert Friedmaier lastete, ge-
531 785 3015 1039 schwunden ist. Die bösen Triebe rings um ihn sind er-
538 950 3187 1164 wacht; vorbei ist es in seiner Nähe mit Ordnung und Sitt-
541 1102 3002 1329 lichkeit, tagtäglich eskortirt er Uebeltäter auf die
551 1240 3144 1458 Wachstube, und seine Kameraden sehen bewundernd zu ihm
544 1425 3035 1653 auf. Sie erkennen ihn kaum wieder. Er ist ein harter,
548 1554 3088 1798 grimmiger Mann geworden, und alle Schwüre unbescholte-
557 1735 3032 1940 ner Leute gelten als verruchte Lügen vor der dunklen
557 1897 3150 2105 Macht seines Diensteides, dem sich Kommissäre und Rich-
574 2128 1122 2276 ter beugen.
