3640 4136
3056 248 3226 441 22.
902 526 3275 742 "Hat sich Bemerkungen über die Arretierung der jun-
762 703 1540 912 en Dame erlaubt."
892 853 3298 1115 Schön, schön. Da können wir hier weiter nichts ma-
742 997 3167 1226 shen. Das gehört xxx vor's Bezirksgericht. Danke sehr
749 1154 3171 1373 wandte er sich zu den beiden Häftlingen. “Sie werden
739 1340 2347 1540 seinerzeit die Vorladung bekommen.“
899 1520 3337 1670 "So können wir gehen? fragte der junge Mann, und En-
722 1615 2975 1824 gelbert sah, bei diesem "Wir" rot vor den Augen.
912 1795 3210 1987 "Bitte sehr, wohin Sie wollen", sagte der freund-
722 1948 1507 2164 liche Kommissär.
902 2076 3223 2350 Kathi warf auf Engelbert einen Blick, als wenn er
735 2285 3239 2452 ihr ein Fremder wäre. Der junge Mann öffnete die Türe
726 2448 3197 2605 und entfernte sich mit dem Mädchen. Engelbert wollte
732 2573 3360 2788 ihnen folgen; da rief ihn der Kommissär an: “Sie, Fried-
735 2778 1066 2955 maier!"
948 2880 1713 3109 “Herr Kommissär?“
935 3024 3360 3216 "Ich gratulier' Ihnen. Zeit war's schon. Im übrigen,
762 3226 3315 3400 wie is denn das Mädel dazugekommen, Sie einen Affen zu
758 3393 1124 3625 nennen?
