3368 4088
2801 378 2981 599 17.
450 603 2990 870 wird man Ihnen lernen, Fräulein, dass ein Sicherheits-
453 805 1557 994 wachmann kein Aff' id###
629 961 2906 1091 Andere Spaziergänger blieben stehen. Einer hatte
443 1108 2997 1257 Engelberts Worte gehört und teilte sie den Umstehenden
440 1251 2560 1410 mit; das Staunen in der Runde war grenzenlos.
642 1437 3003 1599 "Keine Ansammlung!" sagte Engelbert, indem er sich
443 1593 2886 1713 hoheitsvoll an die Umstehenden wandte. “Ich ersuche,
443 1736 2912 1886 sich sofort zu zerstreuen. Bitte mir zu folgen, mein
446 1886 906 2029 Fräulein!“
638 2062 3111 2212 Katti starrte ihn an... sie wusste noch immer nicht,
450 2199 1121 2349 woran sie war.
681 2316 3026 2482 Na wird’s, Fräulein?” sagte Engelbert. “Vorwärts!“
450 2531 3043 2707 Mit einer Handbewegung, gegen die es keinen Widerspruch
446 2671 3069 2828 gab, befahl er ihr zu gehen. Die anderen Leute waren ab-
446 2805 3052 2968 seits getreten und betrachteten die Arretirung des hüb-
450 2964 2704 3160 schen Mädchens von fern mit ehrerbietiger Scheu.
635 3143 3059 3313 "Warum arretieren Sie diese Dame?“ fragte plötzlich
459 3261 1599 3466 Jemand hinter Engelbert.
