3544 4088
3136 374 3243 585 4.
615 568 3260 782 von dem Parlamentastanden, als
662 752 3320 926 Sozialistenhorden johlend vorbeizogen, und angestrengt
588 920 3260 1137 hatte er gelauscht, ob nicht Einer xxx einen hech-
605 1080 3294 1237 verräterischen Ruf oder gar eine Beschimpfung des allver-
612 1230 3103 1388 ehrten Bürgermeisters auszustossen wagte... In seiner
588 1378 3100 1558 Nähe verstummten Alle, wie von einem guten oder bösen
585 1511 3143 1719 Geist gewarnt. - Ein anderes Mal stand er auf dem Ring
592 1705 3053 1849 unter denen, die beim Einzug eines gekrönten Hauptes
602 1862 3009 2016 Spalier bildeten. Er musste es mitansehen, wie zehn
585 2033 3243 2160 Schritte weit von ihm ein jüngerer Kollege einen harmlo-
595 2150 3136 2324 sen Spaziergänger, der taub war und keine Ahnung hatte
595 2337 3183 2488 was man von ihm wollte, wegen Widersetzlichkeit verhaf-
588 2491 3177 2682 tete; - und hinter Engelbert standen die Leute stunden-
585 2652 3223 2839 lang wie eine Mauer, drängten nicht und keiner brach aus
585 2779 1073 2996 der Reihe.
813 2906 3227 3120 Aber das Schlimmste geschah ihm einmal, als er sich
578 3106 2033 3277 seinem Ziele nahe glaubte; den
3093 3096 3213 3290 a
2100 3080 2872 3317 ̃ ̃
592 3243 1361 3461 „
2993 3277 3297 3447 welt.
2846 3297 2942 3454 2
1812 3250 1929 3441 9
582 3441 3253 3625 Es war ein schöner Nachmittag gewesen, wie heute, und En-
