3512 4104
3022 305 3135 432 3.
531 517 3245 702 Die unruhigsten Traber verfielen in einen sanften Schritt,
538 678 3162 836 die berüchtigsten Strizzis gingen friedlich ihres Weges
541 798 3056 987 und die wildesten Radfahrer, die Engelbert klopfenden
531 970 3132 1175 Herzens von ferne der verbotenen Strasse zustürzen sah,
538 1117 3231 1323 stiegen besonnen ab und führten ihr Rad bis zu der nächs-
545 1302 3142 1470 ten Ecke. Engelbert musste stumm zusehen, wie alle Ver-
541 1425 3145 1610 ordnungen unverletzt und die gesammte Sicherheit unge-
534 1590 3193 1789 fährdet blieb. Auch andere, kleine Genugtuungen, wie sie
545 1761 3101 1943 seine Kollegen manchmal erlebten, waren ihm stets ver-
545 1902 3190 2076 sagt geblieben. Nie hatte er an einem Fenster eine junge
541 2073 3193 2251 Dame in allzu morgendlicher Toilette erspäht, nie kam es
541 2261 3166 2402 einer Freudenbummerin der Strasse in den Sinn, sich in
538 2388 3193 2549 seiner Nähe ungebürlich zu benehmen, nie fuhr ein Piaker
534 2532 3087 2703 mit verdächtig geschlossenen Jalousienn an ihm vorbei,
531 2700 3066 2851 nie war es ihm beschieden, nachts auf einem Streifzug
534 2861 3077 3022 durch öffentliche Garten ein allzu verliebtes Paar zu
541 2991 3152 3156 überraschen. Und auch die grossen Anlässe, bei denen so
558 3128 3152 3327 viele seiner Kameraden unvergangliche Lorbeeren pflück-
545 3279 3303 3505 ten, gingen für ihn klanglos vorüber. Er war einer von den
