3544 4104
3027 341 3201 575 10.
615 551 3211 795 ihnen sieht man doch gleich an, dass Sie noch Keinem was
381 575 531 779 bre
598 779 1133 966 tan hab'n."
327 738 525 956 tient
758 905 3081 1099 Um Engelberts Mundwinkel zitterte es leicht. Was
301 946 518 1139 1879
601 1106 3208 1256 wollte sie von ihm? War sie nur hergekommen, um ihn wie-
2178 1200 2583 1300 Elekbrische
601 1250 3121 1437 der zu quälen? - Eben fuhr eine xxx vorbei, der
307 1220 525 1417 G.H.P.
591 1383 3278 1587 kraue junge Herr stieg nicht ein, Aber er hatte vielleicht
601 1544 2042 1744 in der anderen Richtung zu tun.
284 1537 404 1724 V.H.F.P
792 1691 3248 1871 "Warum reden Sie denn nicht, Herr Kommissär?" fragte
344 1764 501 1905 a le
588 1868 3111 2015 Katharina weiter.“ Sind Sie nicht laut Instruktion ver-
361 1921 508 2042 de la
585 1991 3107 2225 pflichtet, den Parteien auf ihre Anfragen in höflicher
588 2172 1831 2356 Form Auskunft zu erteilen?"
381 2212 471 2379 et
792 2346 3178 2469 "Katti, ich bitt' dich, frozzel' mich nicht! Schau,
591 2489 1617 2676 Ich halt's nimmer aus!
792 2610 3188 2810 "Ja," sagte Katharina, indem sie sich auf die Fuss-
598 2770 3211 2944 spitzen stellte und gleich wieder fallen liess, “so muss
608 2967 3264 3131 ch halt einen Andern fragen. Ich hab' die Ehre, Herr...
792 3117 1149 3281 "Kathi!
805 3244 3201 3445 Was is denn? Schau'n S' mich doch nicht so bös an,
598 3425 2339 3612 sonst krieg' ich wirklich eine Angst."
