3512 4136
3060 351 3169 552 6.
518 593 3087 848 er sich den Weg durch die angestaute Menge... Aber was
528 797 3138 968 sollte er hier erblicken? Die Leute, die er erschüttert
532 968 3193 1128 zu finden dachte, lachten, der elegante Herr sagte: “Ich
542 1094 3114 1288 erlaube mir, die Herrschaften zu meinem heute Abend in
532 1274 3060 1445 den Blumensälen stattfindenden Debut einzuladen," und
532 1394 3183 1642 auf dem Boden - lag eine hölzerne Ruppe. Noch wollte En-
535 1591 3111 1765 gelbert die Sache nicht verloren geben: es konnte sich
545 1731 3155 1901 vielleicht um ein besonders raffinirtes Verbrechen han-
545 1895 3172 2055 deln, indem der Mörder das tote Kind als Ruppe und sich
545 2024 3176 2218 als Bauchredner ausgab. Aber als Engelbert sich auf ein
549 2188 3281 2375 Knie niederliess und einem hölzernen Kind in die glasernen
562 2358 3128 2545 Augen starrte, stieg die Heiterkeit aufs Höchste. Noch
569 2528 3176 2671 winkte die Möglichkeit, dem Bauchredner wegen öffentli-
552 2668 3281 2845 chen Mutwillens aufs Kommissariat zu bringen, aber in die-
569 2835 3166 3036 sem Augenblick waren zwei Kavallerieoffiziere herbeige-
576 2975 3142 3145 treten und liessen sich wolgelaunt mit dem Artisten in
572 3131 3244 3298 eine Unterhaltung ein. - Engelbert erkannte in dem einen
2583 3210 3302 3442 Erzherzog, fühl
572 3295 2160 3503 der Offiziere mit Schrecken einen
576 3465 2961 3605 te, dass hier nichts mehr für ihn zu holen war und
