3560 4104
3091 383 3216 545 9.
592 622 3222 807 und sagte, immer mit dem gleichen Lächeln: "Herr Sicher-
155 575 545 841 décembre des
595 767 3219 989 heitswachmann, ich bitt' recht schön, wo ist denn da der
128 794 531 1002 .aaeftne
589 962 935 1107 Prater?“
101 945 545 1123 zweifen
821 1080 3233 1275 "Katti," rief er aus, "Kathi, kommat du wirklich zu
111 1123 360 1285 G.C.H.F.H:F.P:H:D:H
589 1224 824 1433 air?”
158 1245 511 1450 . Tiefes
824 1393 3118 1551 Aber was fallt Ihnen denn ein, Herr Sicherheits-
91 1426 437 1628 xx 'L&W i
582 1564 3051 1726 wachmann... das wär' doch nicht erlaubt! Sie sind ja
98 1584 498 1790 Die Lzubre
582 1736 3027 1894 jetzt im Dienst! Ich komm' nur fragen, wo man da am
84 1695 528 1887 no8 asjo2
585 1867 1981 2059 schnellsten in ‘Prater kommt.“
104 1887 525 2075 De Kedler
804 2022 3091 2193 Der junge Herr mit dem grauen Anzug und dem Spa-
104 2032 521 2237 ! Ja nefso
592 2139 3243 2358 zierstock war auf dem gegenüberliegenden Prottoir stehen
91 2223 515 2388 bri us aussi
579 2345 3239 2540 geblieben. Es war auch möglich, dass er auf eine Tramway
151 2351 518 2523 wenedet.
589 2503 992 2718 wartete.
94 2496 505 2704 mais ils
827 2593 3253 2815 "Katti," sagte Engelbert, "schau, es ist ja so lieb
138 2654 491 2879 est indo
589 2809 1110 2990 van dir..“
81 2849 353 3027 kle.8
841 2960 3239 3135 "Was ist denn lieb von mir? Ich hätt' auch ein' An-
141 3004 491 3172 menouw
599 3105 3273 3296 dern fragen können, aber weil ich zufällig da vorübergeh'
94 3135 491 3370 de même.
605 3273 3303 3502 und weil ich sonst vor den Wachleuten so viel Respekt habe
161 3276 306 3512 G.
605 3451 3246 3680 und weil Sie gar so freundlich ausseh'n... Ja wirklich,
104 3468 478 3646 la esrerie,
