2984 4088
2485 300 2651 567 16.
104 548 2635 812 an. Er var nicht mehr Engelbert, der Liebhaber. Er war
104 763 2717 959 in Wachmann im Dienst, und vor ihm stand nicht mehr sei-
117 897 2691 1115 e angebetete Braut, sondern eine Frauensperson, die ihn
95 1066 2511 1304 eleidigt hatte. Ein irres, aber bedeutendes Lächeln
91 1236 2573 1415 litt über seine Züge, und mit einer ganz veränderten,
88 1380 2596 1556 festen, lauten Stimme, wie sie nie Jemand von ihm ver-
88 1513 2700 1715 kommen, sprach er, indem er dem Mädchen die Hand auf die
82 1702 2704 1895 Schulter legte: “Sie sind verhaftet im Namen des Gesetz-
85 1888 271 2045 es!“
284 1980 2726 2179 Katti sah ihn gross an und wusste anfangs nicht, ob
85 2152 2681 2325 sie lachen oder sich ärgern sollte; aber sein Blick und
82 2299 2671 2518 der Klang seiner Rede war so bestimmt, dass sie an sei-
82 2527 1601 2674 nem Ernst nicht zweifeln durfte.
320 2651 1428 2828 "Engelbert, bist du...
355 2782 2691 2978 'Es giebt kein' Engelbert mehr... ich bin der Herr
88 2974 1076 3150 Sicherheitswachmann! "
316 3124 2231 3287 Einige Passanten waren stehen geblieben.
355 3203 2841 3437 "Engelbert," sagte Kathi leise und sah ihn flehend m.
362 3372 2762 3630 Fräulein folgen mir sofort aufs Kommissariat, dort
