3528 4104
2958 367 3145 598 10.
496 622 3152 812 Ihnen sieht man doch gleich an, dass Sie noch Keinem was
506 798 1046 982 'tan hab'n.'
713 931 3009 1145 Um Engelberts Mundwinkel zitterte es leicht. Was
492 1138 3138 1291 wollte sie von ihm? War sie nur hergekommen, um ihn wie-
496 1284 3046 1457 der zu quälen? - Eben fuhr eine Pferdebahn vorbei, der
479 1406 3209 1569 graue junge Herr stieg nicht ein. Aber er hatte vielleicht
492 1572 1960 1759 in der anderen Richtung zu tun.
720 1715 3179 1932 "Warum reden Sie denn nicht. Herr Kommissär?“ fragte
492 1895 3043 2058 Katharina weiter.“ Sind Sie nicht laut Instruktion ver-
482 2021 3043 2211 pflichtet, den Parteien auf ihre Anfragen in höflicher
475 2191 1746 2371 Form Auskunft zu erteilen?"
744 2350 3108 2506 "Katti, ich bitt' dich, frozzel' mich nicht! Schau,
482 2489 1542 2656 ich halt's nimmer aus!
730 2625 3121 2812 "Ja," sagte Katharina, indem sie sich auf die Fuss-
486 2799 3138 2979 spitzen stellte und gleich wieder fallen liess, "so muss
472 2962 3175 3114 ich halt einen Andern fragen. Ich hab' die Ehre, Herr...
720 3131 1094 3288 "Kathi!"
747 3226 3121 3464 Was is denn? Schau'n S' mich doch nicht so bös an,
475 3440 2255 3658 sonst krieg' ich wirklich eine Angst."
