3448 4184
2820 331 3003 533 19.
428 614 2932 884 sich zu zerstreuen", wandte er sich an die Menge, die
432 796 2837 1019 wieder nähergekommen war. "Hier ist ja kein Teater!
665 975 3127 1154 Er ging in der Mitte der Fahrstrasse, rechts von ihm
435 1127 3144 1336 Kathi, links der junge Herr.... Ja, nun war es geschehen.
442 1211 3138 1474 Nun musste es vorbei seinmit dem Spott der Kameraden, mit
442 1447 2949 1606 dem Misstrauen der Vorgesetzten, mit dem Hohn der Ge-
449 1582 3009 1768 liebten... ja, auch damit! auch damit! Es war wol auch
442 1714 2993 1937 mit allem Andern Vorbei.... Aber das war gleichgiltig,
459 1906 2996 2095 das ging ihn nichts an, das durfte ihre nichte angehen.
702 2065 3026 2260 Die zwei Verhafteten neben ihm hatten zu sprechen
479 2217 2989 2463 begonnen; er versuchte nicht darauf zu hören, aber es
472 2368 3040 2601 gelang ihm nicht. Der junge Mann sagte: "Fräulein, ich
482 2534 3131 2726 bedauere wirklich sehr, dass Ihr Spaziergang eine so un-
479 2702 2217 2922 liebsame Unterbrechung erfahren hat.'
729 2817 2993 3067 Katti antwortete: "O bitte sehr, mir is so leid,
499 2982 3195 3181 dass Sie wegen meiner, wegen einer ganz fremden Person.
766 3124 3026 3347 "Ich bitte Fräulein, selbst wennn ich Ihretwegen
516 3286 3161 3512 viele Jahre schweren Kerker bekommen sollte, es wäre mir
513 3549 1427 3748 nur ein Vergnügen."
