3512 4136
2961 303 3080 571 7.
486 683 1183 874 schlich davon.
734 816 3050 979 Von diesem Tage an zweifelte Engelbert Friedmaier
500 969 3138 1146 nicht mehr, dass ihn ein tückisches Verhängnis verfolge.
507 1129 3111 1336 Nicht ohne Neid sah er auf manche seiner Kameraden, die
510 1278 3206 1465 strenger waren als die Verordnungen und empfindlicher als
510 1408 3046 1605 die Gesetze, und dumpfe Verlockungen erwachten in ihm,
517 1598 3060 1778 diesen Ernsthaftstrebenden nachzueifern. Immer stärker
517 1734 2978 1948 empfand er die beispiellose Ordnung und Sittlichkeit
513 1914 3155 2071 ringe um sich, wie einen gegen ihn persönlich ge-
527 2084 3121 2227 richteten Hohn und die ganze Menschheit seines Bezirkes
534 2213 3091 2397 erschien ihm als eine Bande von Verschworenen, die mit
534 2349 3142 2567 ihrer Anständigkeit nichts andres bezweckten als ihn zu
537 2560 1404 2734 Grunde zu richten.
775 2642 3057 2859 So stand er auch heute auf seinem Posten mit dem
544 2822 3094 3087 gramvollen Bewusstsein seiner Ueberflüssigkeit und La-
554 2951 3230 3162 cherlichkeit. - Der-Abend nahte, verspatete Spaziergänger
551 3145 3261 3332 nahmen den Weg zum Prater, aus dem verworren der Sonntags-
547 3305 3281 3482 lärm zu ihm herüberdrang. Engelbert schritt auf und ab, an
