3528 4184
3008 405 3136 570 9.
496 600 3140 897 und sagte, immer mit dem gleichen Lächeln: "Herr Sicher-
492 796 3153 1059 heitswachmann, ich bitt' recht schön, wo ist denn da der
492 1032 873 1224 Prater?"
749 1140 3170 1339 "Katti," rief er aus, "Kathi, kommst du wirklich zu
499 1319 749 1474 mir7.
762 1433 3072 1632 "Aber was fallt Ihnen denn ein, Herr Sicherheits-
513 1599 2998 1781 wachmann... das wär' doch nicht erlaubt! Sie sind ja
526 1740 2958 1939 jetzt im Dienst! Ich komm. nur fragen, wo man da am
523 1926 1922 2094 schnellsten in “Prater kommt.'
749 2067 3042 2236 Der junge Herr mit dem grauen Anzug und dem Spa¬
519 2236 3190 2388 zierstock war auf dem gegenüberliegenden Prottoir stehen
523 2364 3190 2539 geblieben. Es war auch möglich, dass er auf eine Tramway
529 2570 934 2738 wartete.
796 2701 3211 2870 "Katti," sagte Engelbert, "schau, es ist ja so lieb
546 2870 1039 3062 van dir...
803 2954 3197 3160 "Was ist denn lieb von mir? Ich hätt' auch ein' An-
540 3136 3221 3325 dern fragen können, aber weil ich zufällig da vorübergeh
550 3305 3254 3477 und weil ich sonst vor den Wachleuten so viel Respekt hab
546 3423 3201 3696 und weil Sie gar so freundlich ausseh'n... Ja wirklich,
