3512 4056
3077 235 3228 521 11.
817 535 3191 773 Eine Trambahn fuhr vorbei - in der entgegengesetz-
639 726 3215 898 ten Richtung; der junge Herr stieg nicht ein. Wie fest-
639 857 3161 1116 gewurzelt stand er drüben und drehte den Spazierstock.
851 1056 2347 1224 "Katti, es geht dir Einer nach!“
868 1214 3221 1321 „Is „a wahr?“ Sie wandte den Kopf nach der anderen
636 1352 3201 1537 Seite und betrachtete den jungen Herrn mit einem durch-
632 1516 3181 1668 aus nicht unfreundlichen Blick. Der junge Herr schaute
639 1685 3305 1849 offenbar irgend einen Gegenstand nach, der eben durch die
639 1833 3178 1994 Luft langsam zum Himmel emporflog; vielleicht war es w
656 1977 3147 2132 eine Schwalbe, vielleicht eine Fliege, vieleicht  ein
632 2159 3147 2310 Luftballon.... jedenfalls konnte Engelbert nichts von
642 2313 1278 2475 alldem sehen.
881 2438 3262 2606 "Arretiren S' ihn doch, Herr Sicherheitswachmann...
646 2549 3225 2801 wegen... Warten S', wenn wir mehr Praxis hätten, wüss-
656 2754 3359 2959 ten wir bald, wegen was... Halt, ich hab’s schon!... me
656 2909 3208 3097 gen boshafter Beschädigung fremden Eigentums!... Also
669 3030 3329 3258 gehorsamster Diener, Herr Kommissär, ich werd' schon sel-
659 3231 1718 3420 ber in' Prater finden!
901 3399 1264 3571 "Käthi!"
