3512 4152
2953 397 3086 605 8.
494 631 3019 838 auf und ab. Manchmal blieb er stehen, sah die Strassen
481 805 3016 982 entlang, liess seine Blicke zum Nordwestbahnhof... zum
478 965 3073 1129 Praterstern schweifen - und dann ging er wieder auf und
484 1119 3110 1286 ab, auf und ab. Mit einem Male gewahrte er eine bekannte
491 1252 3176 1450 Gestalt, die von der Taborstrasse aus immer näher schritt.
491 1463 3056 1590 Es war Katharina, in einem blauen, weiss-getupften Fou-
498 1583 3033 1754 lardkleid mit einem kleinen weissen Strohhut und einem
498 1717 3026 1947 roten Sonnenschirm: immer näher kam sie heran, und En-
511 1904 2993 2064 gelbert sah sie lächeln. Sie wusste, dass er hier auf
511 2044 2953 2224 'osten stand... wollte sie ihn besuchen? Er wagte es
518 2198 3200 2408 taum zu hoffen, denn sie war in der letzten Zeit gar nicht
528 2355 3120 2535 liebenswürdig, machte sich sogar häufig über ihn lustig.
521 2512 3146 2692 Sie kam auf ihn zu. Jetzt merkte er auch, dass etwa zehn
538 2672 3163 2832 Schritte hinter ihr ein junger Mann in einem lichtgrauen
541 2809 2969 2983 anzug, eineansagrette im Mund und einen Spazierstock
554 2933 3153 3170 wischen den Fingern drehend, einherspazirt kam, was üb-
571 3133 2164 3320 igens auch ein Zufall sein konnte.
731 3270 3066 3494 Engelbert, der eben mitten auf der Strasse stand,
564 3454 3213 3634 äherte sich dem Trottoir, Katharina blieb vor ihm stehen
