3512 4088
3051 336 3216 560 15.
828 573 3112 773 "Lass" mich!“ sagte Kathi. “Gleich lasst d' mich
666 747 3174 948 als! So was is mir mein Lebtag noch nicht vorgekommen!“
793 938 3222 1113 Er liess ihren Arm los. “Ich bitt“ dich ein letztes
666 1100 974 1265 al...“
809 1216 3021 1398 "Ob is d' an' Ruh' giebst? Aus is, ich geh' in'
641 1398 970 1621 rater!"
828 1546 1216 1711 "Käthi!"
828 1685 1737 1873 Du bist ein Aff' :“
851 1870 2232 2012 ’Katti... was hast d’ g’sagt?“
812 2002 3203 2161 Sie sah ihn frech an und wiederholte: “Dass du ein
660 2184 1113 2349 ff' bist!"
806 2281 3086 2488 Engelbert starrte auf die halbgeöffneten Lippen,
657 2494 3064 2637 enen diese Worte entflohen waren. Einen Augenblick
657 2633 3102 2798 ar er daran, ihr zu erwidern, die Finger zuckten ihm
644 2772 3238 2934 und alles schwamm ihm vor den Augen, so dass die Gestalt
637 2950 3193 3099 Kathis sich wie in xxxn Nebel auflöste und
647 3093 3064 3251 der junge Herr in der Luft zu tanzen schien. Doch im
631 3229 3119 3442 nächsten Augenblick sah er völlig klar, klarer als je
637 3381 3238 3594 vorher, und eine ihm selbst unbegreifliche Ruhe kam über
