3480 4104
2842 409 3035 628 17.
494 595 3044 804 wird man Ihnen lernen, Fräulein, dass ein Sicherheits-
490 808 1609 984 wachmann kein Aff’ istÄ
670 922 2950 1141 Andere Spaziergänger blieben stehen. Einer hatte
477 1063 3044 1301 Engelberts Worte gehört und teilte sie den Umstehenden
487 1301 2613 1419 mit; das Staunen in der Runde war grenzenlos.
697 1380 3041 1589 "Keine Ansammlung!" sagte Engelbert, indem er sich
477 1599 2927 1730 hoheitsvoll an die Umstehenden wandte. "Ich ersuche,
490 1687 2950 1942 sich sofort zu zerstreuen. Bitte xxx zu folgen, mein
490 1893 955 2096 Fräulein!"
664 2031 3146 2230 Katti starrte ihn an... sie wusste noch immer nicht,
490 2217 1161 2384 Woran sie war.
700 2361 3051 2515 "Na wird’s, Fräulein?“ sagte Engelbert. “Vorwärts!“
481 2528 3087 2659 Mit einer Handbewegung, gegen die es keinen Widerspruch
490 2691 3113 2832 gab, befahl er ihr zu gehen. Die anderen Leute waren ab-
490 2832 3074 2979 seits getreten und betrachteten die Arretirung des hüb-
481 2969 2753 3201 schen Mädchens von fern mit ehrerbietiger Scheu.
710 3103 3097 3299 "Warum arretieren Sie diese Dame?“ fragte plötzlich
487 3313 1635 3509 Jemand hinter Engelbert.
