3464 4136
2928 405 3079 536 14
499 576 3092 781 schon alles erlauben, wenn sie wüssten, dass der Engel-
502 737 3162 961 bert Friedmaier dienstfrei is... Grüss dich Gott, Engel-
506 884 3089 1089 bert. Im Nachhausgehen schau' ich wieder vorüber, viel-
506 1049 2988 1253 leicht bist du unterdessen befördert worden. Servus!"
757 1172 3156 1457 eräthi, du gehst nicht in' Prater oder es g'schieht
516 1400 1116 1574 ein Unglück!"
757 1524 1913 1685 "So lass' mich doch aus!"
757 1672 3116 1879 „Kathi)“ sagte er ganz heiser, “wenn du in' Prater
519 1789 2151 2033 gehst, is' es aus- verstehst mich.'
811 1976 3142 2161 Is. a wahr, versprichst mir das? Nachher geh' ich
526 2121 3176 2342 aber gleich!“ Sie ging. Engelbert blieb einen Augenblick
533 2291 3176 2519 wie gelähmt stehen. Jetzt sah er, wie der junge Herr ge-
533 2372 3233 2667 genüber aus seinen Träumen erwachte und, ganz harmlos mit
543 2580 3132 2834 dem Spazierstock schlänkernd, die gleiche Richtung ein-
536 2747 3149 2968 schlug wie Kathi. In der nächsten Sekunde war Engelbert
556 2908 3189 3112 wieder bei Kathi und fasste ihren Arm... Sie schrie lei-
553 3062 3209 3286 se auf. "Ja, aber sag' mir einmal, hast d' was 'trunken?"
804 3223 3169 3461 "Da bleibst!" Er sprach es ganz tonlos, das Weisse
556 3407 1665 3598 seiner Augen wurde rot.
