3416 4120
683 597 2960 822 Engelbert sah sich, aufs Höchste überrascht, um.
505 799 3132 987 Der diese Worte gesprochen, war natürlich der junge Herr
505 957 1254 1142 im grauen Anzug.
690 1119 2986 1290 "Was?" fragte Engelbert in einem Ton, der berech-
512 1274 3069 1439 tigte Zweifel an dem Verstande des Angeredeten verriet.
693 1406 3052 1571 "Warum Sie diese Dame arretieren,“ wiederholte der
508 1594 3155 1746 junge Herr, indem er Engelbert unsäglich frech anschaute.
495 1749 3010 1907 In Kathis Antlitz drückte sich mindestens eine gewisse
495 1904 2950 2079 Dankbarkeit aus. Engelbert fühlte, dass er nicht auf
495 2049 2109 2218 halbem Wege stehen bleiben konnte.
696 2191 2996 2366 "Sie kommen auch mit!" rief er aus. “Ich verhafte
495 2360 1766 2518 Sie im Namen des Gesetzes.“
716 2482 2907 2693 'Ich komme sehr gern mit, lieber Herr Wachmann"
452 2647 1868 2848 sagte der junge Herr lächelnd.
710 2825 3069 2986 "Ich bin nicht Ihr lieber Herr Wachmann! Vorwärts!
710 2996 3016 3132 "Entschuldigen schon,“ sagte der junge Herr, “das
512 3102 3016 3320 können Sie nicht entscheiden; ich finde, dass Sie ein
495 3287 1766 3468 lieber Herr Wachmann sind.“
713 3439 3029 3577 "Schweigen Sie und folgen Sie mir! Ich bitte doch
