3528 4104
2959 314 3090 557 8.
452 614 3009 864 auf und ab. Manchmal blieb er stehen, sah die Strassen
455 810 3020 1019 entlang, liess seine Blicke zum Nordwestbahnhof... zum
459 935 3063 1083 Praterstern schweifen - und dann ging er wieder auf und
459 1120 3100 1269 ab, auf und ab. Mit einem Male gewahrte er eine bekannte
462 1272 3168 1437 Gestalt, die von der Taborstrasse aus immer näher schritt.
455 1447 3053 1555 Es war Katharina, in einem blauen, weiss-getupften Fou-
462 1609 3016 1737 lardkleid mit einem kleinen weissen Strohhut und einem
459 1741 3013 1893 roten Sonnenschirm; immer näher kam sie heran, und En-
462 1896 2966 2048 gelbert sah sie lächeln. Sie wusste, dass er hier auf
459 2034 2925 2190 Posten stand... wollte sie ihn besuchen? Er wagte es
469 2203 3178 2352 kaum zu hoffen, denn sie war in der letzten Zeit gar nicht
462 2352 3094 2493 liebenswürdig, machte sich sogar häufig über ihn lustig.
455 2483 3114 2645 Sie kam auf ihn zu. Jetzt merkte er auch, dass etwa zehn
462 2696 3114 2834 Schritte hinter ihr ein junger Mann in einem lichtgrauen
469 2824 2928 2969 Anzug, eine Digarette im Mund und einen Spazierstock
462 2932 3121 3151 zwischen den Fingern drehend, einherspazirt kam, was üb-
466 3134 2139 3273 rigens auch ein Zufall sein konnte.
702 3256 3020 3448 Engelbert, der eben mitten auf der Strasse stand,
469 3458 3171 3613 näherte sich dem Trottoir, Katharina blieb vor ihm stehen
