3400 4200
2705 377 2883 641 24.
360 717 2982 893 neswürde und Pflichtreue des Wachmannes, der durch keine
354 850 2814 1055 Art von persönlichen Beziehungen sich hatte abhalten
350 972 2976 1203 lassen, der Gerechtigkeit ihren Lauf zu lassen. Der Ver-
354 1200 2860 1375 teidiger brandmarkte den empörenden Versuch, eine Ge-
350 1336 2817 1521 liebte, deren man überdrüssig geworden war, sich auf
350 1458 2982 1647 amtlichem Wege vom Hals zu schaffen und sprach die Hoff-
354 1640 2910 1822 nung aus, dass sich ein derartiger Machiavellismus un-
367 1812 2959 1980 ter den braven Sicherheitswachleuten der Hauptstadt nur
374 1944 2913 2152 vereinzelt vorfinden dürfte. Der staatsanwaltschaftli-
380 2086 2923 2308 che Funktiona unbeirrt, behauptete in seiner Replik,
377 2235 3032 2437 dass die Fundamente des Staates zu wanken begannen, wenn
380 2423 3035 2605 hier nicht ein Exempel statuirt wurde. Und so geschah es
384 2552 2906 2774 auch. Kathi wurde zu fünfundzwanzög Gulden Geldstrafe
397 2714 2976 2926 verurteilt, der Mediziner Albert Meierding zu zehn Gul-
403 2853 2999 3078 den; er erlegte die Summer für Beide. Es war ein schö-
400 2989 3025 3247 ner Julitag; am selben Abend führen wieder Beide in den
410 3313 764 3432 Prater.
589 3372 2870 3567 Merkwürdig aber ist, dass von diesem Tage an der
