3528 4168
2984 345 3153 554 16.
544 644 3123 846 ihn. Er war nicht mehr Engelbert, der Liebhaber. Erwar
544 780 3213 986 ein Wachmann im Dienst, und vor ihm stand nicht mehr sei-
544 896 3193 1145 ne angebetete Braut, sondern eine Frauensperson, die ihn
544 1089 3010 1284 beleidigt hatte. Ein irres, aber bedeutendes Lächeln
551 1248 3086 1503 glitt über seine Züge, und mit einer ganz veränderten.
551 1397 3086 1616 festen, lauten Stimme, wie sie nie Jemand von ihm ver-
561 1563 3199 1769 nommen, sprach er, indem er dem Mädchen die Hand auf die
564 1696 3216 1898 Schulter legte: "Sie sind verhaftet im Namen des Gesetz-
574 1965 753 2114 es!
796 2044 3226 2253 Katti sah ihn gross an und wusste anfangs nicht, ob
584 2177 3186 2413 sie lachen oder sich ärgern sollte; aber sein Blick und
594 2313 3183 2549 der Klang seiner Rede war so bestimmt, dass sie an sei-
584 2516 2097 2715 nem Ernst nicht zweifeln durfte.
856 2682 1928 2851 "Engelbert, bist du...
860 2814 3206 3013 "Es giebt kein' Engelbert mehr... ich bin der Herr
607 2994 1576 3183 Sicherheitswachmann!
843 3153 2738 3339 Einige Passanten waren stehen geblieben.
876 3266 3362 3485 "Engelbert," sagte Kathi leise und sah ihn flehend an.
876 3359 3279 3627 "Fräulein folgen mir sofort aufs Kommissariat, dort
