3528 4104
2988 400 3173 568 11.
756 581 3121 776 Eine Trambahn fuhr vorbei - in der entgegengesetz-
540 824 3138 937 ten Richtung; der junge Herr stieg nicht ein. Wie fest-
526 906 3080 1135 gewurzelt stand er drüben und drehte den Spazierstock.
790 1073 2273 1275 “Katti, es geht dir Einer nach!“
786 1241 3152 1405 "Ia's wahr?" Sie wandte den Kopf nach der anderen
533 1422 3132 1600 Seite und betrachtete den jungen Herrn mit einem durch-
533 1569 3108 1699 aus nicht unfreundlichen Blick. Der junge Herr schaute
550 1706 3234 1877 offenbar irgend einen Gegenstand nach, der eben durch die
537 1863 3111 2051 Luft langsam zum Himmel emporflog; vielleicht war es
547 2017 3067 2195 eine Schwalbe, vielleicht eine Fliege, viellleicht sein
544 2147 3060 2338 Luftballon.... jedenfalls konnte Engelbert nichts von
544 2366 1183 2513 alldem sehen.
800 2441 3176 2639 "Arretiren S' ihn doch, Herr Sicherheitswachmann...
554 2643 3159 2814 wegen... Warten S', wenn wir mehr Praxis hütten, wüss-
561 2807 3313 2974 ten wir bald, wegen was... Halt, ich hab’s schon!.... we-
557 2988 3125 3132 gen boshafter Beschädigung fremden Eigentums!... Also
550 3118 3238 3306 gehorsamster Diener, Herr Kommissär, ich werd' schon sel-
561 3289 1638 3504 ber in' Prater finden!"
820 3456 1183 3627 "Kathi!"
