3000 4120
2376 341 2553 653 23.
231 637 2575 993 "Herr Kommissär, gehorsamet zu melden, es ist näm-
113 865 900 1061 ich meine Braut."
199 932 2472 1202 Der Kommissär erhob sich von seinem Sitz. "Wie?“
100 1132 2414 1366 kann sah er Engelbert lang an, klopfte ihm auf die
103 1286 2135 1521 Schulter. "Brav! das lass' ich'mir gefallen.
231 1411 2578 1688 Oder vielmehr: es war meine Braut, Herr Kommissär'
100 1649 2469 1923 sagte Engelbert, indem ihm die Tränen aus den Augen
80 1823 514 2029 stürzten.
231 1881 2643 2160 Der Kommissär betrachtete ihn gütig. Dann sagte er:
103 2064 2665 2312 "Also jetzt gehen Sie zurück auf Ihren Posten. Ich wer-
80 2212 2665 2427 de Sie übrigens zu einer besonderen Belobung empfehlen.
248 2373 2530 2595 Engelbert eilte auf die Strasse. Er kam eben zu
90 2527 2498 2746 recht, um Kathi und den jungen Mann an der nächsten
93 2681 2549 2932 Ecke in einen Fiaker steigen zu sehen und den jungen
103 2832 2672 3099 Mann dem Kutscher zurufen zu hören: “In’ Prater, Haupt-
100 3074 424 3257 allee."
283 3167 2652 3411 Die Verhandlung fand ein paar Wochen später statt.
106 3328 2691 3565 Der staatsanwaltschaftliche Funktionär feierte die Man-
