3464 4152
2920 394 3082 560 12.
719 641 1211 817 „Was denn?"
710 771 1745 983 Du willst fortgeh'n?'
713 928 2959 1097 "Ja, meinen Sie, ich komm' da her, um Sie in der
465 1129 2910 1315 Wachsamkeit zu stören? Das ging' Ihnen grad noch ab!
456 1286 788 1481 Adieu!“
693 1377 3069 1595 Sie entfernte sich von ihm. Er folgte ihr. "Kathi!
462 1549 2047 1764 rief er, "du bleibst! du blei bst!"
700 1751 3157 1891 Sie wandte sich um und sah ihn mit grossen Augen an.
723 1894 3073 2041 'Bitt' Dich, Kathi, bleib' da. So darfst du nicht
472 2021 2090 2204 fortgehn. Sag' mir wenigstens....
719 2207 1221 2379 "Was denn?"
732 2363 2933 2539 "Dass du mich noch gern hast... ich bitt' dich,
488 2558 784 2689 Kathi!
755 2584 3180 2816 '0 nein! da hab' ich eine viel zu grosse Hochachtung
485 2812 3008 2978 vor’m Dienst.... Alsdann auf Wiedersehn - ich geh’ in’
488 3021 830 3164 Prater!
739 3066 2041 3284 „Katti, ist das dein Ernst?“
749 3281 3206 3431 "Ich werd' mir doch nicht erlauben, mit einem Sichen-
505 3395 3118 3597 heitswachmann im Dienst zu spassen! Freilich is es mein
