3544 4088
613 600 3168 787 er sich den Weg durch die angestaute Menge... Aber was
617 780 3212 930 sollte er xxx erblicken? Die Leute, die er erschüttert
606 875 3260 1110 zu finden dachte, lachten, der elegante Herr sagte: "Ich
627 1097 3164 1247 erlaube mir, die Herrschaften zu meinem heute Abend in
613 1247 3134 1420 den Blumensälen stattfindenden Debut einzuladen," und
610 1380 3229 1557 auf dem Boden - lag eine hölzerne Puppe. Noch wollte En-
613 1550 3161 1734 gelbert die Sache nicht verloren geben: es konnte sich
606 1679 3195 1860 vielleicht um ein besonders raffinirtes Verbrechen han-
620 1860 3229 2034 deln, indem der Mörder das tote Kind als Puppe und sich
627 2010 3219 2217 als Bauchredner ausgab. Aber als Engelbert sich auf ein
613 2180 3342 2344 Knie niederliess und einem hölzernen Kind in die gläsernen
620 2326 3185 2487 Augen starrte, stieg die Heiterkeit aufs Höchste. Noch
623 2490 3222 2643 winkte die Möglichkeit, dem Bauchredner wegen öffentli-
627 2609 3324 2807 chen Mutwillena aufs Kommissariat zu bringen, aber in die-
613 2766 3222 2957 sem Augenblick waren zwei Kavallerieoffiziere herbeige-
627 2963 3185 3137 treten und liessen sich wolgelaunt mit dem Artisten in
453 2926 552 3106 eb
623 3089 3287 3267 eine Unterhaltung ein. - Engelbert erkannte in dem einen
327 3110 528 3324 G.H.
620 3260 3362 3454 der Offiziere mit Schrecken einen xxx Erzherzog, fühl-
225 3301 511 3457 N.O.M. d
627 3389 3015 3611 te, dass hier nichts mehr für ihn zu holen war und
272 3437 443 3652 geb.
