3416 4088
2958 313 3134 493 21.
555 535 2622 754 digung und Einmischung in eine Amtshandlung.
735 715 3023 898 Der Kommissar sah auf. Als er Engelbert gewahrte,
549 878 3082 1042 zeigte sich ein leichtes Erstaunen auf seinem Gesicht.
545 1074 2223 1215 Dann sagte er freundlich: "Na also!"
725 1156 3121 1384 Engelbert wusste, dass das schon eine Art von Ener-
542 1345 3112 1538 kennung bedeutete, aber er fühlte nichts von dem Glück,
542 1528 3170 1662 das er sich seinerzeit bei dem ersten Zeichen einer sol-
542 1701 3053 1838 chen Zufriedenheit erwartet hatte. Der Kommissär nahm
542 1802 2370 1962 das Nationale auf. "Bitte, Fräulein...“
568 1969 2991 2142 Katharina Wessely, Greislerstochter, zweiundzwanzig
542 2112 1202 2276 Jahre alt... "
744 2302 1211 2445 Und Sie?"
764 2416 2132 2576 „Albert Meierling, Mediziner.“
771 2605 3174 2743 Also - Wachebeleidigung... Worin hat diese Wachege-
526 2749 1544 2916 leidigung bestanden?"
767 2899 3010 3089 „Herr Kommissär,“ antwortete der Sicherheitswach-
529 3066 2873 3209 mann, "das Fräulein hat mich einen Affen genannt."
771 3196 3128 3405 Schön, schön“, sagte der Kommissär. “Und der junge
532 3389 836 3575 Mann?”
