3560 4088
3021 400 3198 548 19.
870 580 3117 793 zu zerstreuen“, wandte er sich an die Menge, die
787 780 3046 948 der nähergekommen war. "Hier ist ja kein Teater!"
832 977 3311 1103 Er ging in der Mitte der Fahrstrasse, rechts von ihm
770 1083 3317 1264 hi, links der junge Herr..... Ja, nun war es geschehen.
812 1222 3295 1438 musste es vorbei sein mit dem Spott der Kameraden, mit
787 1438 3121 1573 Misstrauen der Vorgesetzten, mit dem Hohn der Ge-
774 1567 3159 1721 bten... ja, auch damit! auch dmit! Es war wol auch
764 1754 3253 1918 allem Andern vorbei... Aber das war gleichgiltig, d
790 1873 3146 2028 ging ihn nichts an, das durfte ihnn nicht angehen.
838 2028 3156 2186 Die zwei Verhafteten neben ihm hatten zu sprechen
725 2153 3114 2357 gonnen; er versuchte nicht darauf zu hören, aber es
738 2347 3162 2486 lang ihm nicht. Der junge Mann sagte: "Fräulein, ich
767 2489 3237 2676 auere wirklich sehr, dass Ihr Spaziergang eine so un-
725 2679 2337 2824 absame Unterbrechung erfahren hat.“
845 2818 3101 2966 Katti antwortete: "O bitte sehr, mir is so leid,
725 2953 3317 3130 ss Sie wegen meiner, wegen einer ganz fremden Person..
880 3095 3124 3282 "Ich bitte Fräulein, selbst wennn ich Ihretwegen
703 3304 3269 3511 ele Jahre schweren Kerker bekommen sollte, es wäre mir
719 3478 1493 3662 er ein Vergnügen.“
