3528 4104
2949 348 3131 546 12.
745 598 1245 816 'Was denn?“
754 771 1795 946 Du willst fortgeh'n?'
751 956 2994 1092 'Ja, meinen Sie, ich komm' da her, um Sie in der
488 1053 2942 1300 Wachsamkeit zu stören? Das ging' Ihren grad noch ab!
497 1287 806 1427 Adieu!
715 1395 3095 1561 Sie entfernte sich von ihm. Er folgte ihr. "Kathi!
491 1574 2084 1717 rief ker, "du bleibst! du blei bst!"
741 1691 3167 1882 Sie wandte sich um und sah ihn mit grossen Augen an.
771 1902 3098 2029 “Bitt’ Dich, Kathi, bleib' da. So darfst du nicht
507 2045 2113 2260 fortgehn. Sag' mir wenigstens
761 2208 1245 2373 'Was denn?"
754 2351 2952 2507 'Dass du mich noch gern hast... ich bitt' dich,
527 2539 819 2673 “athi!"
745 2666 3193 2803 *0 nein! da hab' ich eine viel zu grosse Hochachtung
514 2780 3033 2972 Vor'm Dienst.... Alsdann auf Wiedersehn - ich geh' in'
514 3007 855 3137 Prater!
767 3053 2032 3303 „Kathi, ist das dein Ernst?"
758 3196 3212 3466 "Ich werd" mir doch nicht erlauben, mit einem Sicher-
504 3450 3118 3609 heitswachmann im Dienst zu spassen! Freilich is es mein
