3496 4136
3036 304 3158 446 2.
527 423 3138 707 ziger Erfolg geblüht hatte. Ein solcher Fall hatte sich
514 632 3084 859 nicht ereignet, seit eine Sicherheitswache in Wien be-
541 801 3050 1025 stand. Engelberts Vorgesetzte hegten Misstrauen gegen
521 950 3134 1153 seinen guten Willen, die Kameraden hatten keine Achtung
531 1099 3185 1312 mehr vor ihm, und Kathi, die früher sein Trost in trüben
531 1275 3070 1467 Stunden gewesen war, begann ihn aufs bitterste zu ver-
541 1410 3131 1582 spotten. Dabei fühlte er sich frei von Schuld. Er hatte
541 1593 3212 1809 kein Glück. Auf tausend Schritt in seinem Umkreis schwie-
541 1748 3101 1900 gen alle bösen Triebe. Auf belebten Strassenkreuzungen
555 1900 3148 2049 war er gestanden, wo sonst Dutzende von Kutschern wegen
541 2032 3175 2221 Schnellfährens, ja günstigenfalls selbst wegen Ueberfah-
541 2201 3168 2333 rens angehalten wurden; er hatte in Feiertagsnächten in
555 2350 3219 2499 der Vorstadt vor verrufenen Lokalen Dienst getan, aus de-
551 2509 3141 2712 ren Türe schon Manche mit dem Ruf herausgestürzt waren:
582 2661 3155 2854 ’Ich bin gestochen!“... ja, er war sogar einmal in eine
548 2817 3121 2986 Strasse versetzt worden, wo das Radfahren verboten und
555 2948 3236 3148 wo es seinem Vorgänger gelungen war, an einem berühmt ge-
558 3121 3165 3324 wordenen Tage siebenundsechzig Cyclisten aufs Kommissa-
555 3303 3151 3503 riat zu führen - - sobald Engelbert Friedmaier den ver-
558 3425 3273 3625 antwortungsvollen Posten bezog, war alles anders geworden.
