3432 4104
1176 345 2101 603 Ein Erfolg.
2876 311 3188 689 1900
1508 577 1713 769 Von
1196 765 2061 1070 Arthur Schnitzler.
729 1110 3191 1395 Engelbert Friedmaier, der Sicherheitswachmann Numero
557 1395 3052 1577 siebzehntausendneunhundertzwölf stand auf Posten zwi-
557 1548 3191 1697 schen der Kaiser Josef- und Taborstrasse und dachte über
553 1667 3185 1846 sein verfehltes Leben nach. Drei Jahre waren verflossen,
563 1866 3165 2011 seit er als Feldwebel seinen Abschied vom Militär genom-
557 2038 3078 2167 men und in das Corps der Sicherheitswache eingetreten
560 2154 3204 2313 war, voll der edelsten Begeisterung für seinen neuen Be-
563 2300 3201 2465 ruf -von glühendem Eifer erfüllt-für die Ordnung und Si-
567 2482 3231 2621 cherheit in der Stadt zu sorgen; ein geliebtes Mädchen, die
563 2621 3171 2787 Tochter des Greisslers Anton Wessely harrte darauf, von
567 2757 3218 2943 ihm als Gattin heingeführt zu werden; aber Engelberts Aus-
567 2926 3214 3112 sichten auf Beförderung waren trüb, ja verzweifelt. Denn
563 3092 3198 3257 diese drei Jahre waren vergangen, ohne dass ihm ein-
