3432 4152
2851 279 3019 519 20.
621 608 3052 828 Engelbert musste dies alles hören und schweigend in
460 802 3032 1002 ihrer Mitte gehen. Ohne die Gefangenen anzusehen, fühl-
466 992 2911 1137 te er, dass die Blicke der Beiden einander noch mehr
463 1133 3091 1307 sagten als ihre Worte; fühlte, wie sich zwischen den Bei-
473 1304 3081 1495 den, die ein gemeinsames Scheigsal aneinanderschmiedete,
480 1452 3098 1616 immer stärkere Beziehungen knüpften, gegen die er macht-
476 1590 2989 1774 los war. Kathi ging so nah neben ihm, dass ihr Kleid
493 1754 3029 1928 ihn streifte. Sie nahten sich dem Kommissariat. Als er
486 1899 2989 2109 das wolbekannte Haus von ferne sah, fuhr ihm ein ver-
489 2047 3048 2250 führerischerGedanke durch den Sinn. Wenn er der ganzen
489 2198 3131 2395 Sache ein Ende machte? Wenn er die Beiden freiliesse und
496 2345 3124 2598 Katti um Verzeihung bäte...? Aber er wies diese unwürdi-
506 2510 3144 2736 ge Versuchung gleich wieder von sich, und festen Schrit-
509 2602 3094 2897 tes trat er mit den beiden Verhafteten über die Schwel-
526 2901 1626 3062 le des Polizeigebäudes.
716 2901 3154 3249 Der Kommissär fragte,ohne aufzublicken: "Um was han-
532 3223 1186 3393 delt es sich?"
756 3190 3104 3531 "Herr Kommissär", sagte Engelbert, "um Wachebelei-
