3448 4088
2988 278 3159 548 11.
761 558 3132 795 Eine Trambahn fuhr vorbei - in der entgegengesetz-
552 785 3132 946 ten Richtung; der junge Herr stieg nicht ein. Wie fest-
555 935 3077 1120 gewurzelt stand er drüben und drehte den Spazierstock.
781 1076 2272 1271 “Katti, es geht dir Einer nach!“
795 1261 3138 1394 Is ’s wahr?“ Sie wandte den Kopf nach der anderen
534 1422 3138 1566 Seite und betrachtete den jungen Herrn mit einem durch-
531 1583 3097 1720 aus nicht unfreundlichen Blick. Der junge Herr schaute
538 1754 3224 1860 offenbar irgend einen Gegenstand nach, der eben durch die
531 1878 3114 2052 Luft langsam zum Himmel emporflog; vielleicht war es
545 2032 3053 2200 eine Schwalbe, vielleicht eine Fliege, viellleicht sein
534 2172 3053 2309 Luftballon.... jedenfalls konnte Engelbert nichts von
545 2350 1179 2529 alldem sehen.
815 2446 3166 2666 "Arretiren S' ihn doch, Herr Sicherheitswachmann...
541 2679 3135 2823 wegen... Warten S', wenn wir mehr Praxis hätten, wüss-
548 2799 3299 2960 ten wir bald, wegen was.... Halt, ich hab's schon!.... me-
552 2988 3104 3125 gen boshafter Beschädigung fremden Eigentums!... Also
545 3080 3238 3286 gehorsamster Diener, Herr Kommissär, ich werd' schon sel-
548 3275 1648 3447 ber in' Prater finden!"
812 3440 1165 3635 "Kathi!"
