3608 4104
3103 292 3235 506 21.
777 525 2779 748 gung und Einmischung in eine Amtshandlung.“
849 710 3175 846 Der Kommissär sah auf. Als er Engelbert gewahrte,
789 871 3229 1028 digte sich ein leichtes Erstaunen auf seinem Gesicht.
773 984 2364 1201 kann sagte er freundlich: “Na also!"
858 1182 3263 1352 Engelbert wusste, dass d### schon eine Art von Ener-
777 1283 3266 1496 nnung bedeutete, aber er fühlte nichts von dem Glück,
773 1484 3298 1638 Is er sich seinerzeit bei dem ersten Zeichen einer sol-
754 1603 3185 1823 hen Zufriedenheit erwartet hatte. Der Kommissär nahm
742 1817 2518 1959 as Nationale auf. “Bitte, Fräulein...“
764 1908 3141 2125 Katharina Wessely, Greislerstochter, zweiundzwanzig
777 2141 1327 2314 “ihre alt...“
893 2260 1349 2446 “Und Sie?“
899 2408 2279 2597 „Albert Meiending, Mediziner.“
896 2524 3332 2789 "Also - Wachebeleidigung... Worin hat diese Wochebe-
726 2732 1669 2905 eidigung bestanden?"
912 2892 3169 3068 "Herr Kommissär,“ antwortete der Sicherheitswach-
739 3049 3049 3213 mann, "das Fräulein hat mich einen Affen genannt."
902 3159 3292 3405 "Schön, schön", sagte der Kommissär. “Und der junge
739 3370 965 3568 Wann?“
