3512 4104
516 597 3148 793 Auserwählten gewesen, die vor dem Parlament standen, als
516 756 3225 975 die Sozialistenhorden johlend vorbeizogen, und angestrengt
509 968 3144 1107 hatte er gelauscht, ob nicht Einer von ihnen einen hoch-
523 1117 3195 1265 verräterischen Ruf oder gar eine Beschimpfung des allver-
530 1245 3026 1420 ehrten Bürgermeisters auszustossen wagte... In seiner
520 1403 3036 1582 Nähe verstummten Alle, wie von einem guten oder bösen
520 1576 3077 1717 Geist gewarnt. - Ein anderes Mal stand er auf dem Ring
516 1734 2989 1883 unter denen, die beim Einzug eines gekronten Hauptes
523 1862 2952 2024 Spalier bildeten. Er musste es mitansehen, wie zehn
520 2028 3165 2166 Schritte weit von ihm ein jüngerer Kollege einen harmlo-
523 2210 3094 2352 sen Spaziergänger, der taub war und keine Ahnung hatte
533 2298 3121 2510 was man von ihm wollte, wegen Widersetzlichkeit verhaf-
533 2524 3124 2679 tete; - und hinter Engelbert standen die Leute stunden-
523 2632 3171 2804 lang wie eine Mauer, drängten nicht und keiner brach aus
533 2837 1026 2986 der Reihe.
766 2918 3198 3127 Aber das Schlimmste geschah ihm einmal, als er sich
543 3117 3192 3276 seinem Ziele nahe glaubte; denn gerade da hatte sich der
540 3296 3249 3431 erträumte Erfolg in die bitterste Enttäuschung verwandelt.
526 3448 3202 3640 Es war ein schöner Nachmittag gewesen, wie heute, und En-
