3560 4136
2976 326 3137 582 14
558 504 3134 733 schon alles erlauben, wenn sie wüssten, dass der Engel-
568 753 3241 888 bert Friedmaier dienstfrei is.... Grüss dich Gott, Engel-
562 884 3154 1026 bert. Im Nachhausgehen schau' ich wieder vorüber, viel-
568 1036 3046 1190 leicht bist du unterdessen befördert worden. Servus!
810 1187 3208 1365 *räthi, du gehst nicht in' Prater oder es g'schieht
575 1395 1184 1516 ein Unglück!"
834 1540 1964 1668 So lass' mich doch aus!
834 1624 3171 1866 „Kathi!“ sagte er ganz heiser, “wenn du in' Prater
578 1789 2209 2004 gehat, is' es aus- verstehst mich'
844 1957 3194 2132 'Is' a wahr, versprichst mir das? Nachher geh' ich
585 2095 3225 2273 aber gleich!“ Sie ging. Engelbert blieb einen Augenblick
588 2253 3235 2438 wie gelähmt stehen. Jetzt sah er, wie der junge Herr ge-
582 2418 3278 2609 genüber aus seinen Träumen erwachte und, ganz harmlos mit
592 2589 3188 2754 dem Spazierstock schlänkernd, die gleiche Richtung ein-
602 2730 3201 2898 schlug wie Kathi. In der nächsten Sekunde war Engelbert
609 2929 3235 3067 wieder bei Kathi und fasste ihren Arm... Sie schrie lei-
602 3057 3248 3211 se auf. “Ja, aber sag’ mir einmal, hast d' was 'trunken?
874 3215 3211 3430 "Da bleibst!" Er sprach es ganz tonlos, das Weisse
605 3420 1718 3611 seiner Augen wurde rot.
