3464 4104
2916 319 3080 503 22.
753 480 3126 710 "Hat sich Bemerkungen über die Arretierung der jun-
542 720 1391 904 gen Dame erlaubt.“
736 845 3136 1003 "Schön, schön. Da können wir hier weiter nichts ma-
552 1032 3064 1193 chen. Das gehört ja vor’s Bezirksgericht. Danke sehr“,
549 1193 3015 1335 wandte er sich zu den beiden Haftlingen. "Sie werden
549 1358 2186 1571 seinerzeit die Vorladung bekommen."
750 1509 3189 1690 "So können wir gehen? fragte der junge Mann, und En¬
536 1663 2821 1798 gelbert sah bei diesem "Wir" rot vor den Augen.
750 1821 3051 1966 "Bitte sehr, wohin Sie wollen", sagte der freund-
542 1979 1315 2143 liche Kommissär.
730 2107 3054 2272 Kathi warf auf Engelbert einen Blick, als wenn er
556 2282 3071 2443 ihr ein Fremder wäre. Der junge Mann öffnete die Türe
556 2423 3021 2584 und entfernte sich mit dem Mädchen. Engelbert wollte
559 2610 3195 2765 ihnen folgen; da rief ihn der Kommissär an: “Sie, Fried-
556 2765 884 2919 maier!"
766 2880 1555 3090 "Herr Kommissär?"
766 3018 3205 3202 "Ich gratulier' Ihnen. Zeit war's schon. Im übrigen,
562 3166 3136 3396 wie is denn das Mädel dazugekommen, Sie einen Affen zu
565 3412 957 3580 nennen?“
