3016 4088
2409 318 2575 490 25.
110 587 2636 778 ann, der bisher über Engelbert Friedmaier lastete, ge-
110 765 2555 950 chwunden ist. Die bösen Triebe rings um ihn sind er-
101 924 2704 1096 macht; vorbei ist es in seiner Nähe mit Ordnung und Sitt-
97 1073 2523 1255 Aichkeit, tagtäglich eskortirt er Uebeltäter auf die
91 1209 2678 1459 Wachstube, und seine Kameraden sehen bewundernd zu ihm
81 1362 2575 1621 auf. Sie erkennen ihn kaum wieder. Er ist ein harter,
84 1521 2613 1741 grimmiger Mann geworden, und alle Schwüre unbeschelte-
91 1683 2555 1887 ner Leute gelten als verruchte Lügen vor der dunklen
94 1826 2678 2104 Macht seines Diensteides, dem sich Kommissäre und Rich-
104 2062 648 2228 ter beugen.
723 2461 1595 2685 gelesen 2/4 2 &
