3480 4136
2952 396 3077 559 5.
447 654 3040 868 gelbert stand auf Posten in der Rothenthurmstrasse, als
441 800 3091 1057 er von weitem einen eleganten Herrn herankommen sah, der
451 945 3138 1169 ein kleines Mädchen an der Hand führte. Die Kleine schien
441 1118 3155 1295 müde zu sein, der elegante Herr schleppte sie weiter. Sie
457 1234 3013 1437 stürzte zusammen; der elegante Herr riss sie vom Boden
451 1437 3175 1603 auf; die Kleine weinte, schrie, der elegante Herr schimpf-
451 1596 3023 1762 te so laut, dass Engelbert die Worte verstand, die von
461 1759 3063 1918 vielversprechender Unflätigkeit waren. Das Mädchen jam-
461 1888 3060 2067 merte:“ Mein lieber guter Papa, ich bin ja so müd!" und
457 2043 3158 2220 sank in die Kniee; der elegante Herr hob seinen Stock und
464 2189 3189 2372 schlug das Mädchen auf den Kopf, dass es wie tot zusammen-
478 2382 3036 2514 sank. Leute liefen herbei, Engelbert eilte strahlenden
471 2528 2985 2681 Auges herzu. Der Fall war besonders glücklich: es war
129 2603 288 2714 G.H.F.P
488 2650 3165 2813 eben die Zeit, da Kindermisshandlungen im Vordergrund des
478 2789 3094 2996 Interesses standen; mit einem Schlage konnte e r jetzt
491 2965 3128 3165 der Mann des Tages werden. Was gingen ihn Taxüberschrei-
488 3124 3185 3368 tungen, kleine Stichverletzungen an? Hier war hoffentlich
491 3284 3097 3518 ein Mord an einem wehrlosen Kinde geschehen, und er war
495 3389 3213 3667 in der Lage einzuschreiten. Mit gewalttätiger Würde bahnte
