3464 4168
2828 349 2999 543 24.
481 639 3098 873 neswürde und Pflichtreue des Wachmannes, der durch keine
487 800 2934 1057 Art von persönlichen Beziehungen sich hatte abhalten
481 942 3092 1139 lassen, der Gerechtigkeit ihren Lauf zu lassen. Der Ver-
497 1087 2980 1304 teidiger brandmarkte den empörenden Versuch, eine Ge-
497 1264 2957 1462 liebte, deren man überdrüssig geworden war, sich auf
491 1370 3105 1603 amtlichem Wege vom Hals zu schaffen und sprach die Hoff-
504 1577 3039 1755 nung aus, dass sich ein derartiger Machiavellismus un-
520 1729 3088 1926 ter den braven Sicherheitswachleuten der Hauptstadt nur
520 1860 3039 2107 vereinzelt vorfinden dürfte. Der staatsanwaltschaftli-
517 2038 3055 2278 che Funktionam, unbeirrt, behauptete in seiner Replik,
533 2176 3171 2404 dass die Fundamente des Staates zu wanken begännen, wenn
533 2354 3181 2552 hier nicht ein Exempel statuirt würde. Und so geschah es
540 2519 3046 2710 auch. Kathi wurde zu fünfundzwanzig Gulden Geldstrafe
556 2664 3121 2858 verurteilt, der Mediziner Albert Meierding zu zehn Gul-
556 2832 3144 3019 den; er erlegte die Summer für Beide. Es war ein schö-
563 2927 3167 3177 ner Julitag; am selben Abend führen wieder Beide in den
579 3243 919 3372 Prater.
767 3269 3036 3516 Merkwürdig aber ist, dass von diesem Tage an der
