3528 4216
2919 285 3047 499 3.
450 591 3167 846 Die unruhigsten Traber verfielen in einen sanften Schritt,
457 763 3067 987 die berüchtigsten Strizzis gingen friedlich ihres Weges
468 873 3002 1155 und die wildesten Radfahrer, die Engelbert klopfenden
461 1094 3060 1300 Herzens von ferne der verbotenen Strasse zustürzen sah,
481 1231 3160 1458 stiegen besonnen ab und führten ihr Rad bis zu der nächs-
495 1303 3095 1599 ten Ecke. Engelbert musste stumm zusehen, wie alle Ver-
502 1558 3095 1774 ordnungen unverletzt, und die gesammte Sicherheit unge-
502 1671 3167 1912 fährdet blieb. Auch andere, kleine Genugtuungen, wie sie
516 1847 3074 2070 seine Kollegen manchmal erlebten, waren ihm stets ver-
516 1967 3167 2232 sagt geblieben. Nie hatte er an einem Fenster eine junge
526 2170 3188 2393 Dame in allzu morgendlicher Toilette erspaht, nie kam es
536 2273 3153 2558 einer Freudenbumlerin der Strasse in den Sinn, sich in
543 2421 3191 2706 seiner Nähe ungebürlich zu benehmen, nie fuhr ein Piaker
540 2562 3102 2837 mit verdächtig geschlossenen Jalousiean an ihm vorbei,
550 2744 3074 3005 nie war es ihm beschieden, nachts auf einem Streifzug
557 2899 3088 3177 durch öffentliche Gärten ein allzu verliebtes Paar zu
561 2992 3198 3298 überraschen. Und auch die grossen Anlässe, bei denen so
567 3171 3184 3473 viele seiner Kameraden unvergängliche Lorbeeren pflück-
581 3339 3349 3614 ten, gingen für ihn klanglos vorüber. Er war einer von dem
