3560 4136
2998 349 3179 573 15.
803 612 3054 839 "Lass' mich!“ sagte Kathi. “Gleich laast d’ mich
550 780 3120 971 aus! So was is mir mein Lebtag noch nicht vorgekommen!“
773 915 3206 1159 Er liess ihren Arm los. "Ich bitt' dich ein letztes
560 1132 928 1307 Mal....'
826 1244 2985 1448 'Ob is d' an' Ruh' giebst? Aus is, ich geh' in'
563 1474 931 1623 Prater!"
800 1586 1165 1767 "Kathi!"
816 1754 1715 1916 - Du bist ein Aff'!“
856 1876 2199 2077 Katti... was hast d' g’sagt?
810 2008 3196 2231 Sie sah ihn frech an und wiederholte: „Dass du ein
583 2238 1129 2403 Aff' bist!"
813 2333 3081 2515 Engelbert starrte auf die halbgeöffneten Lippen,
586 2521 3058 2705 denen diese Worte entflohen waren. Einen Augenblick
602 2663 3114 2840 war er daran, ihr zu erwidern, die Finger zuckten ihm
602 2758 3248 3031 und alles schwamm ihm vor den Augen, so dass die Gestalt
606 2962 3206 3137 Kathis sich wie in einen sonderbaren Nebel auflöste und
609 3110 3081 3304 der junge Herr in der Luft zu tanzen schien. Doch im
615 3265 3117 3453 nächsten Augenblick san er völlig klar, klarer als je
625 3387 3268 3640 vorher, und eine ihm selbst unbegreifliche Ruhe kam über
