3512 4072
3022 332 3164 513 14
674 543 3190 766 chon alles erlauben, wenn sie wüssten, dass der Engel-
654 750 3249 908 Dort Friedmaier dienstfrei is... Gruss dich Gott, Engel-
654 885 3170 1066 dert. Im Nachhausgehen schau' ich wieder vorüber, viel-
654 1062 3059 1233 nicht bist du unterdessen befördert worden. Servus!
852 1194 3226 1411 "Kathi, du gehst nicht in" Prater oder es g'schieht
645 1332 1210 1562 in Unglück!"
842 1523 1990 1697 "So lass" mich doch aus!"
852 1661 3197 1819 “Kathi“ sagte er ganz heiser, “wenn du in' Prater
645 1809 2220 2019 cehst, is' es aus- verstehst mich?"
848 1980 3197 2167 'Is' a wahr, versprichst mir das? Nachher geh' ich
645 2151 3239 2319 ber gleich!" Sie ging. Engelbert blieb einen Augenblick
625 2309 3226 2473 wie gelähmt stehen. Jetzt sah er, wie der junge Herr ge-
635 2430 3282 2631 genüber aus seinen Träumen erwachte und, ganz harmlos mit
622 2611 3184 2789 dem Spazierstock schlänkernd, die gleiche Richtung ein-
622 2763 3187 2943 schlug wie Kathi. In der nächsten Sekunde war Engelbert
612 2937 3226 3091 wieder bei Kathi und fasste ihren Arm... Sie schrie lei-
605 3078 3239 3233 se auf. "Ja, aber sag' mir einmal, hast d' was 'trunken?"
852 3236 3193 3417 "Da bleibst!" Er sprach es ganz tonlos, das Weisse
612 3407 1687 3595 seiner Augen wurde rot.
