3387 4504
2500 741 2676 927 141
1028 922 1962 1121 duvers.. Wapain.
538 1043 977 1209 Friedhof
1015 1093 1334 1201 Nacht.
1065 1214 2935 1367 Treibt’s mich zu dir - Schwester, liebe,
545 1244 975 1372 Medardus.
977 1359 2867 1558 liebe Schwester? Zürnst du mir, dass ich
965 1568 2801 1691 meinen Schwur nicht habe halten können?
972 1651 2955 1814 dass du ungesühnt im Grabe liegst? Ja, ich
965 1832 2897 1967 habe eine grosse Schuld auf mich geladen.
972 1987 2972 2151 Wie hab' ich mich vermessen! Ich habe stra-
965 2146 2734 2306 fen wollen, aber ich war zu klein, zu
962 2304 2945 2447 schlecht, zu schwach. Ich hätte mich drein
970 2407 2920 2600 geben müssen. Ich war nicht wahrhaftig ge-
962 2626 2945 2754 gen mich. Während ich mir vorgespielt habe
970 2734 2927 2922 dass ich räche, habe ich nur an meine Von-
960 2935 1497 3088 ne gedacht.
960 3058 2917 3216 Aber nun ist das eine abgetane Sache. Nun
965 3251 2940 3384 hab' ich meinen Sinn auf Höheres gewendet.
972 3414 2992 3545 In wenig Tagen werd' ich was Grosses verübt
962 3512 2894 3703 haben. Was mit mir geschieht, ist gleich-
965 3668 2950 3857 giltig, aber mein Name wird gross sein, ob
972 3837 2206 4020 es mir gelangt oder nicht.
