3384 4152
2762 370 2892 510 64
1172 494 2940 686 aufgeregt auf einen Grabstein; zu dem
1172 716 3029 832 Mädchen, das ihn führt: Amalie Zitter¬
1180 864 2989 983 bart, geboren zwölften August siebzehn-
1177 1026 2959 1196 hundertachtzig, gestorben zwölften Au-
1188 1204 2822 1366 gust siebzehnhundertneunundachtzig.
1185 1355 2967 1442 Sixt es? brauchst Dir nix einzubilden!
1185 1493 2932 1606 Die is gar nur neun Jahr' alt worden
1191 1598 3046 1796 haha! Das kann an Jeden passieren - und
1193 1809 2962 1906 an ihren Geburtstag auch noch... Neun
1191 1949 2951 2074 Jahr'! Das is eine Red'! :Geht wohl
1199 2138 1823 2244 gelaunt fort:
780 2276 2919 2381 Einer: kommt rasch: Der eine Zug is schon
1199 2452 1925 2549 zum Tor herein.
796 2603 2257 2697 Irgendwer: Kommen s' zusammen?
778 2740 2954 2848 Ein junges Mädchen: Wie wird denn das eigent¬
1218 2894 2792 2997 lich sein, Herr Totengräber,- wie
1220 3064 2400 3216 wer' n s' denn das machen?
805 3205 2927 3318 Totengräber: Wird schon gehn – is noch immer
1269 3364 2948 3478 gangen... mir is noch Keiner auskom¬
1215 3559 1439 3637 men.
227 3548 332 3683 h
