3363 4632
2562 633 2752 845 155
539 813 3041 1060 Marschall: Herr Leutnant, melden Sie Seiner Majestät,
1243 979 2075 1109 hier gehört haben
966 1019 3032 1209 was Sie mir hier sagen. Ich erkläre Sie aufs
969 1165 3020 1334 Neue für verhaftet. Sie werden in einem Au¬
374 1137 835 1362 Ich gebe by
352 1287 810 1505 barlet
972 1303 3010 1508 genblick erfahren, was über Sie beschlossen
377 1380 760 1605 melde
991 1477 1514 1661 ist. ab
567 1596 2964 1817 Der Freund: Wie dumm! Hättest du nichts gesagt, so
1000 1764 2892 1935 wärst du vor Napoleon gestanden, hättest
2107 1870 2889 2054 prédice :... Gehée
439 1848 735 2138 pal
1003 1898 2007 2116 ihn umbringen können.
2434 1973 2948 2103 besi gelegenheiten
1000 2066 2113 2284 Jetzt erkenn' ich dich!
586 2150 891 2300 Mutter
913 2191 2995 2443 Mir ist wohler. Ich beginne, ein Mann zu wer¬
626 2318 851 2440 Med:
1013 2368 3007 2562 den. Was war das für ein Unsinn bisher. Un-
1028 2546 2960 2727 entschlossenheit. Man darf von einem Ziel
1038 2649 2929 2898 nicht abgehen. Nichts hätte mich beirren
1035 2854 2967 3060 dürfen. Mein Amt war es, ein guter Soldat
1031 3013 3010 3188 zu werden. Kümmerte mich nicht, um Agathe.
1044 3129 2973 3341 Dann die Rache. Dann Liebe zu der Gräfin.
1053 3300 2995 3524 Eins vergass ich über's Andere. Und jetzt
1066 3475 3129 3646 soll icheinem läppischen Zufall die Ehre ver
1109 3602 3073 3827 danken, Napoleon das Leben geretten zu ha¬
1088 3796 1334 3973 ben —
1116 3830 2967 4132 Dès volltest je veut! La vollle
1296 3995 3051 4204 de alles - he went
1377 4157 1926 4300 in both
