3400 4168
2530 439 2675 577 74.
2785 474 2967 586 décembre ae ce 1e
2767 550 3087 628 l'autre et très de sommes.
1134 596 2824 784 noch nicht einmal, wie das Fräulein
1148 770 2951 927 aussieht, wol aber weiss ich, dass sie
1155 888 2852 1097 von dem ganzen Geschlecht die Aller-
1166 1060 2919 1224 stolzeste ist. :Kniet nieder: Nun
1168 1233 2949 1385 leb’ wohl, süsse Schwester, leb' wohl!
1175 1352 2930 1541 Weh, über meinem Zorn hab' ich bis zu
1184 1529 3008 1709 diesem Augenblick der Tränen vergessen!
1178 1693 3027 1826 Nun kommen sie, nun komnen sie! :Sinkt
1196 1874 2056 2029 weinend aufs Grab:
