3320 4120
2697 423 2877 563 100
834 580 1942 748 Anna: Wie begreiflich!
825 762 1187 905 Mutter:
1253 748 2924 884 Es begreift sich somanches, was man
1265 879 3139 1054 doch lieber anders hätte. Ich will Ihnen
1267 1040 3114 1208 was vertrauen; mir ist’s garnicht recht,
1276 1199 2737 1346 dass er in Wien verblieben ist.
1311 1363 3090 1531 Wie können Sie das sagen, prau Berger!
844 1356 1232 1517 Thomas:
1159 1540 2980 1660 Es ist eher ein Glück, dass es sich so
839 1519 1113 1697 Anna:
1272 1695 1522 1821 traf.
1262 1802 3107 1980 Für dich vielleicht. Ich aber sagte ihm
837 1840 1180 1954 Mutter:
1262 1947 3071 2104 noch an dem Morgen - ja, an dem furcht-
1269 2139 3027 2300 baren, wo er sie mir brachte, mit dem
1260 2291 3111 2436 feuchten Haar... ah, es macht ja nichts
1265 2457 3027 2606 aus, ob die Haare feucht oder trocken
1265 2616 3029 2742 sind - tot ist tot! Kurz und gut, ich
1267 2730 3015 2891 sagte ihm: Fort, Bursch, Eschau, dass
1274 2910 2884 3062 du weiterkommst, wir brauchen dich
1260 3057 3020 3221 nicht hier. Du sollst heute Morgen in
1265 3200 2992 3345 Nussdorf stehen bei deinem Regiment -
1267 3345 3018 3506 das ist besser für dich... vielleicht
1279 3502 3032 3691 für Oesterreich auch.- Nein, nein, er
1246 3623 1566 3710 musste
1618 3618 2917 3705 bleiben! Wozul frag ich Sie.
1234 3679 3083 3815 Er starrt vor sich hin und red't nichts
1267 3766 2433 3936 - was soll's denn werden?
