3416 4168
2594 448 2760 583 80
713 553 2930 787 Med: Diese Bemerkung stand noch aus, Comtesse.
1150 784 2944 919 Nun weiss ich, wie sich das tapfere Ge-
1161 869 2941 1062 schlecht der... vor Gefahren schützt.
740 1032 2718 1282 Julia: Ah! warum kann ich nicht selbst...
746 1208 2834 1411 Med: Erschein' ich Ihnen eines ritterlichen
1172 1359 2938 1543 Austrags wert, so muss ich's Ihrem Va¬
1194 1521 1852 1698 ter auch sein.
1139 1662 3002 1854 Sie wagen zu glauben, dass man Ihre Dro-
762 1736 1065 1879 Julia:
1183 1808 2999 2033 hungen fürchtet? O dürft' ich einen De-
1202 1984 1739 2182 gen tragen!
773 2176 2815 2336 Med: Es scheint, Ihr Zorn verleiht mir mit
1202 2278 2570 2462 einem Mal die Ebenbürtigkeit.
787 2484 2724 2663 Julia: :fassungslos: Was soll ich tun?
784 2578 2925 2784 Med: Ich will es Ihnen leicht machen: Knieen
1227 2762 2930 2969 Sie nieder und bitten Sie meine tote
1219 2886 3013 3090 Schwester um Verzeihung. Dann soll das
1235 3101 2892 3241 törichte Geschwätz einem verzogenen
1235 3211 2330 3434 Fräulein vergeben sein.
