3384 4104
2372 432 2485 639 87.
1132 635 2790 835 setzen. Oder Napoleon rückt in Wien
1139 772 2827 960 ein, dann wird es dem Viconte leicht
1139 925 2883 1125 sein, Mittel und Wege zu finden, sich
1156 1067 2823 1288 in die Nähe Napoleons zu schleichen.
1137 1239 2960 1418 Er wird ihn ermorden und die Krone neh¬
1146 1365 2834 1604 men, die ihm gebührt. Und du, Julia,
1156 1560 2439 1755 bis Königin von Frankreich.
1165 1707 2846 1874 :der vielleicht diesem Gespräch bei-
749 1753 1086 1876 Jemand:
1167 1860 3002 2027 wohnte, eventuell der Arzt: So ist er
1181 1993 2864 2202 völlig wahnwitzig geworden! :Viel-
1165 2148 2278 2325 leicht auch die Gräfin:
1097 2241 2971 2499 ke pr af hals dieie Rede in seinen selbenen
1167 2432 2344 2602 Die Teil ist gekommen: die
1286 2546 2518 2716 Ich sehe es ischt mehr.
1211 2683 2778 2848 Rau, ich mich auf sie verlasse.
1186 2827 2744 3002 Wis sind es... die Bonitz in
1179 2971 1565 3146 peutot
916 2992 2537 3332 cive de au Paris onhout.
1160 3250 2688 3420 Chancen Nepoléon, schleit
1130 3399 2990 3583 Ininem so gut zu verloren.
958 3513 2099 3706 ure geht dort wäre.
