3384 4136
2439 501 2583 632 70
680 640 2847 870 Eine Frau: zu ihrer Tochter: Haft verstan¬
1105 836 2487 943 den, was er g'sagt hat, Resi?
1144 1011 2575 1127 Kondolenz hat er ihr erwiesen.
697 974 1079 1170 Tochter:
697 1113 2971 1277 Die Gräfin: Warum musstest du mir das auch noch
1122 1289 2796 1419 nehmen - warum? Ich finde nichts in
312 1388 671 1530 Vicunt von
1116 1402 2940 1583 mir, nicht einmal Andacht. Wie uns die¬
326 1490 714 1640 Lebelloy
289 1595 705 1748 serolleur
1133 1612 2824 1756 se Leute betrachten - welche Blicke!
280 1660 680 1918 Gillard
702 1753 2646 1898 Der Graf: Lass' es dich nicht anfechten.
705 1850 2980 2039 Die Gräfin: Wenn wir um eine Stunde früher oder
1139 2073 2215 2212 später gekommen wären -
1204 2212 2963 2345 Du vergisst: in dem zurückgelassenen
719 2187 1164 2444 Der Graf:
1136 2385 2963 2552 Brief hiess es ausdrücklich "im selben
1153 2518 2317 2680 Grab, zur selben Stunde",
722 2657 2937 2872 Die Gräfin: Man ist wie uter Fremden, wie un-
1161 2849 1745 2968 ter Feinden.
731 2963 2782 3147 Der Graf: Wir sind unter Fremden und unter
1153 3155 1552 3354 Fe inden.
751 3283 2960 3444 Die Gräfin: Der Jüngling dort ist wol der Bru-
1175 3487 1377 3600 der?
742 3634 1609 3855 Der Graf: Stille!
