3304 4104
2351 467 2464 604 98
727 729 2441 928 Im Hause der Bergers. Der selbe Tag.
724 909 1578 1085 Frau Berger, Anna,
727 1027 2409 1249 Frau Berger: Nein, lass' das, Kind.
733 1201 2018 1414 Anna: Ein Andenken doch!
1143 1365 2989 1506 Wozu? Das will nicht viel bedeuten. Hin
733 1391 1115 1566 Frau B:
1159 1518 2989 1698 ist hin, verloren ist verloren! Und die
1157 1664 2860 1863 Dinge, die sie getragen hat, als sie
1155 1798 2938 1976 noch lebendig war, sind heut nicht die
1168 1969 2807 2159 selben mehr, wie ihr Leib schon der
1166 2112 2156 2288 selbe nicht mehr ist.
1071 2270 2864 2441 Das Tuch, an dem sie gehäkelt an jenem
745 2300 986 2485 Anna:
1162 2457 2816 2624 letzten Abend.. ich bitte Sie, Frau
1155 2594 1513 2777 berger!
1166 2714 2219 2938 Weiss nicht, wo's ist,
745 2735 1090 2945 Frau B:
1087 2871 2950 3075 Ich will' s suchen. Hier liegt's ja noch,
747 2962 1000 3084 Anna;
1159 3096 2663 3237 hat ja keine Hand daran gerührt.
879 3214 2390 3383 his list froh, dep  bedarnde ist
882 3360 2608 3498 At we thought was the quart with
541 3468 1927 3670 Ia schschr. a.ch lisst fort
861 3591 1453 3776 male - ti
