3368 4136
2548 329 2726 524 117
764 555 2587 697 Dunkelheit. Es klopft an das Pförtchen.
794 689 3036 833 :Vielleicht wurde es vom Grafen oder vom Vicomte
758 831 2994 1012 gehört, und Julie oder das Kammerfräulein erklä¬
761 1017 1107 1140 ren es:
758 1121 2871 1305 Dann klopft es wieder. Endlich kommt Medardus
764 1263 2949 1447 über die Mauer geklettert, wankt und sinkt hin.
1229 1436 2902 1628 :kommt zurück: Der Unglückselige!
767 1466 1199 1600 Kammerfr:
1187 1578 2877 1748 Was fiel Ihnen ein? Sie können nicht
1174 1756 2905 1890 hierbleiben! - Er antwortet nicht!...
1171 1912 2687 2063 Er ist ohnmächtig — tot am Ende!
