3448 4168
2551 445 2692 566 76
1113 610 2980 814 Verstand. Er hat seines hohen Amtes ver¬
1120 756 2905 990 gessen. Er war geboren, um auf den Hö-
1111 932 2942 1090 hen des Daseins zu stehen, niederzuwer¬
1129 1074 2945 1273 fen, was sich ihm entgegendrängte, den
1134 1215 2931 1417 Degen zu tragen. Und seine Freude war,
1134 1401 2938 1574 Flöte zu spielen und abends spazieren.
1143 1542 2977 1709 zu wandeln im Mondschein unter Laubgän¬
2490 1656 2588 1727 en
1155 1697 2898 1869 gen. Ich dacht' ihn mir, wie mein Va-
1178 1836 3031 2024 ter war: Frauen verführen, lachen, wenn
1173 2010 2942 2156 sie ihm zu Füssen weinen; und er wird
1176 2143 3040 2328 närrisch über das erste hübsche Gesicht,
1185 2319 2942 2486 das ihm begegnet, will sich für ewige
1187 2474 2959 2660 Zeiten an die Eine binden, und statt
1201 2613 2945 2843 sie fahren zu lassen, da es Zeit war,
1208 2785 3017 2963 setzt er sich in den Kopf, so ein Ding
1208 2924 3035 3100 zu heiraten, will niedersteigen zu dem
1206 3102 2553 3274 pack - eine Familie gründen!
1298 3239 2671 3422 Gnädigste Comtesse, man sagt
800 3288 1261 3462 Kammerfr:
1180 3443 2045 3601 Nun, was sagt man?
805 3448 1115 3596 Julia:
1296 3550 3000 3717 Sie wäre in der Hoffnung von ihm ge¬
823 3606 1261 3780 Kammerfr:
1254 3754 1558 3909 wesen.
