3400 4152
2429 431 2610 562 114
769 548 3028 724 Der Graf und der Vicomte kommen herzu. Julie ist
766 692 2979 880 schon gesucht worden. Es ergiebt sich, dass die
766 905 2900 1027 Leute schon früher an ihr vorbeigegangen sind
772 1016 2942 1197 und sie hinter Bäumen auf einer Bank verborgen
775 1172 3013 1351 sich nicht meldete. Vielleicht tritt ein Courier
769 1353 2690 1518 auf, der die neuesten Nachrichten bringt.
1081 1481 2903 1663 Es handelt sich darum, was nun zu tun
777 1538 1010 1654 Graf:
292 1612 987 1776 Les Friez crivent
1195 1646 2872 1799 ist: ob es an der Zeit ist, Vicomte,
298 1737 860 1873 in die this
304 1825 956 1961 in dem Hove
1195 1799 2940 1972 dass Sie nach Frankreich zurückkehren
301 1932 846 2069 aushalten
1186 1978 2761 2134 und dort die notwendigen Anstäten
287 2017 939 2179 Speiter hérit
1203 2105 2789 2293 treffen, oder ob Sie hier bleiben.
309 2125 681 2264 the -
1237 2293 2826 2440 Entscheiden Sie selbst, Herr Graf.
772 2313 1152 2437 Vicomte.
284 2395 863 2551 Reussed
1189 2454 2960 2571 Nicht eine Schlacht ist verloren, son¬
301 2540 709 2721 Bertugin
1195 2610 3050 2738 dern vier: bei Arnhofen, bei Siegenberg,
1186 2761 2948 2863 bed Rohr und bei Landshut sind die Oe-
1195 2911 2999 3056 sterreicher geschlagen, nur bei Regens-
1195 3019 2942 3187 burg sind sie über die Donau und überg
1192 3195 2914 3408 Cham und Wildmünchen ins böhmi-
1195 3371 2242 3572 sche Gebirge gedrängt.
780 3530 3064 3652 Irgendwer: Es giebt keine Möglichkeit mehr, den
1189 3692 2435 3833 Feind von Wien abzuhalten.
