3368 4136
2443 402 2613 587 125
1107 562 2806 752 XXX Treppe, lache so laut, dass sie
1070 704 2935 894 Alle aufwachen, und schrei' dem Türhüter
1305 864 1621 959 Mensch
1129 869 2960 1048 zu: "Herr, sag' deinem Herrn, dass ich
1138 1059 2552 1191 eben von seiner Tochter komme!“
1129 1207 2720 1339 Mensch, man wird dich totschlagen.
713 1247 1062 1411 Freund:
727 1353 2745 1518 Med: Glaubst du, dass der Vicomte dann das
1146 1467 2960 1671 Fräulein noch heiratet? - Nein, o nein!
1157 1666 2921 1811 Da werden sie sie zur Türe hinausjagen,
1154 1817 2879 1954 und sie wird zu mir kommen und sagen:
1193 1976 2812 2119 "Behalt" mich, mach' mich zu deinem
1168 2141 1476 2278 Weib!“
1166 2314 1616 2454 Medardus!
757 2300 1087 2471 Freund:
1037 2401 2971 2594 Und ich werde sie dann anspucken, mit dem
760 2496 973 2683 Med:
1171 2560 3027 2764 Fuss treten und ihr sagen: "Geh auf den
1174 2700 2750 2901 Friedhof, knie' nieder auf meiner
1191 2795 2803 3088 Schwester Grab."brett ne in Vere duin
1207 3016 2915 3220 Ich fange an zu fassen, was deine Ab-
780 3102 1121 3231 Freund:
1207 3234 1683 3390 sicht ist,
844 3499 1982 3695 Wieder Leute, Bewegung:
808 3575 3058 3852 Freund: Und hast du kein Auge für alles, was da
