3368 4120
2571 355 2747 488 118
667 480 1711 667 Julia: : ist gekommen:
672 661 1666 817 Kammerfr: Er ist es!
675 806 2279 973 Medardus: schlägt die Augen auf:
681 917 2809 1104 Julia: Ich würde den Vicomte rufen, wenn ich
2162 1058 2548 1158 un tres
1101 1141 2883 1254 bestimmt wüsste, dass er abends besser
1112 1251 1952 1439 träfe als bei Tag.
672 1396 2330 1572 Med: Warum holen Sie nicht Andere?
684 1549 2940 1728 Julia: Gehen Sie - verstehen Sie mich? Und zwar
1104 1734 2820 1867 auf dem selben Weg, den Sie gekommen
1109 1881 1353 2037 sind!
982 2034 2897 2176 Gewiss will ich das tun. Aber da ich doch
678 2046 891 2199 Med:
1109 2185 2903 2352 herkam, um Ihnen für Ihre Teilnahme zu
1107 2361 2772 2488 danken, nehmen Sie erst meinen Dank
1115 2491 2855 2659 entgegen. Er neigt sich, küsst ihr
1118 2659 2897 2835 die Hand. Versucht wieder zu klettern:
695 2803 2159 3013 Julia: Sie fallen ja herunter.
692 2982 2906 3133 Kammerfr: Wenn wir jetzt den Schlüssel hätten.
741 3096 2063 3277 :Es wird nach Julia gerufen:
701 3257 2977 3442 Julia: Sie können hier nicht auf dem Ast sitzen
315 3408 996 3558 Nein, ich verberi
1118 3414 2846 3575 bleiben. Verbergen Sie sich. :Ruft
238 3530 1010 3675 Sie wird enfert wie
1586 3604 2069 3740 Ich komme!
1118 3584 1504 3740 hine in:
216 3638 979 3777 de traite ahefuhit
1019 3711 1388 3850 die wollen
210 3734 973 3893 dan thale ver leid
