3368 4120
2454 321 2708 498 X133
1151 418 2797 633 darf's ja doch nicht. Sprich's aus!
1109 600 2885 799 Ja, es scheint mir selbst an der Zeit.
739 647 1035 849 Julia:
1151 755 3043 954 Der Spass währt lange genug. Schafft ihn
1159 929 2329 1101 hinaus! :Man packt ihn:
730 1073 2744 1308 Med: :zieht den Degen. Er wird entwaffnet:
752 1259 2476 1477 Vicomte: Auf die Wache mit dem Kerl!
736 1386 1870 1574 Andere: Ins Narrenhaus!
739 1541 1325 1726 Med: Julia!
744 1685 2963 1842 Julia: Wohin? Ich denke, es ist sehr gleichgil-
1173 1856 2739 2003 tig. Fort mit ihm, das genügt mir.
1062 2011 2736 2216 Mein Degen! Man hat nicht das Recht
786 2025 999 2174 Med:
1173 2183 1881 2354 Ich bin Soldat!
736 2315 2824 2473 Ein Franzose: Den Degen benötigen Sie nicht
1159 2479 2432 2661 mehr. Wien hat kapituliert.
559 2603 2232 2880 Julie lasside harre beifen
772 2780 2373 2976 Ich hatt in uns. Ol er hare viel et
788 2927 2047 3112 senigè pei haute long.
877 3068 2194 3234 I am a be ihr... ich..., his..... 2
855 3203 2210 3364 2- - - kr i dlecht näs ich laut.
