<?xml version="1.0" encoding="UTF-8" standalone="yes"?>
<PcGts xmlns="http://schema.primaresearch.org/PAGE/gts/pagecontent/2013-07-15" xmlns:xsi="http://www.w3.org/2001/XMLSchema-instance" xsi:schemaLocation="http://schema.primaresearch.org/PAGE/gts/pagecontent/2013-07-15 http://schema.primaresearch.org/PAGE/gts/pagecontent/2013-07-15/pagecontent.xsd">
    <Metadata>
        <Creator>prov=READ-COOP:name=TrHtr:version=2.1.0:model_id=51170:date=25_07_2023_09:32</Creator>
        <Created>2023-05-10T12:21:12.705+02:00</Created>
        <LastChange>2023-07-25T09:32:14.435+02:00</LastChange>
        <TranskribusMetadata docId="1428193" pageId="55401774" pageNr="164" tsid="130593025" status="IN_PROGRESS" userId="64420" imgUrl="https://files.transkribus.eu/Get?id=PHHIDTPJWKBFVEQXBRNTPEVY&amp;fileType=view" xmlUrl="https://files.transkribus.eu/Get?id=QAUCBMTZWZAXXDDTJBEJLPPZ" imageId="44676596"/>
    </Metadata>
    <Page imageFilename="1428193_0164.jpg" imageWidth="3371" imageHeight="4632">
        <ReadingOrder>
            <OrderedGroup id="ro_1711797203965" caption="Regions reading order">
                <RegionRefIndexed index="0" regionRef="tr_2"/>
                <RegionRefIndexed index="1" regionRef="tr_1"/>
            </OrderedGroup>
        </ReadingOrder>
        <TextRegion id="tr_2" custom="readingOrder {index:0;}">
            <Coords points="477,830 2877,830 2877,1872 477,1872"/>
            <TextLine id="tr_2_tl_1" custom="readingOrder {index:0;}">
                <Coords points="2251,919 2282,919 2310,900 2332,904 2335,897 2350,907 2375,897 2391,910 2428,919 2422,764 2406,764 2382,782 2357,770 2310,776 2270,755 2245,761"/>
                <Baseline points="2265,880 2310,880 2354,880 2399,883 2435,886"/>
                <TextEquiv>
                    <Unicode>152</Unicode>
                </TextEquiv>
            </TextLine>
            <TextLine id="tr_2_tl_2" custom="readingOrder {index:1;}">
                <Coords points="677,1127 2524,1040 2723,1096 2869,1068 2872,950 2323,897 2062,966 680,987"/>
                <Baseline points="695,1104 728,1101 772,1101 817,1098 862,1095 907,1098 952,1098 996,1095 1041,1092 1086,1092 1131,1086 1175,1086 1220,1083 1265,1080 1310,1077 1354,1077 1399,1074 1444,1071 1489,1071 1534,1071 1578,1068 1623,1068 1668,1065 1713,1062 1757,1062 1802,1059 1847,1056 1892,1056 1936,1053 1981,1050 2026,1047 2071,1047 2116,1044 2160,1041 2205,1041 2250,1041 2295,1038 2339,1035 2384,1035 2429,1035 2474,1032 2518,1029 2563,1026 2608,1026 2653,1023 2698,1023 2742,1023 2787,1023 2832,1026 2877,1032"/>
                <TextEquiv>
                    <Unicode>Oder: Es ist wahr, alles ist mir gleichgiltig,</Unicode>
                </TextEquiv>
            </TextLine>
            <TextLine id="tr_2_tl_3" custom="readingOrder {index:2;}">
                <Coords points="860,1279 2406,1233 2726,1189 2732,1090 869,1108"/>
                <Baseline points="880,1250 898,1247 943,1244 987,1244 1032,1244 1077,1244 1122,1238 1166,1238 1211,1235 1256,1232 1301,1232 1346,1232 1390,1226 1435,1226 1480,1223 1525,1220 1569,1220 1614,1217 1659,1217 1704,1214 1748,1211 1793,1211 1838,1208 1883,1208 1928,1205 1972,1205 2017,1202 2062,1199 2107,1196 2151,1196 2196,1193 2241,1190 2286,1190 2330,1187 2375,1184 2420,1181 2465,1178 2509,1178 2554,1178 2599,1175 2644,1172 2689,1169 2733,1175"/>
                <TextEquiv>
                    <Unicode>mir liegt nichts an Napoleon und Oester-</Unicode>
                </TextEquiv>
            </TextLine>
            <TextLine id="tr_2_tl_4" custom="readingOrder {index:3;}">
                <Coords points="879,1410 2860,1354 2866,1226 2683,1276 2279,1195 882,1292"/>
                <Baseline points="895,1399 898,1399 943,1396 987,1396 1032,1393 1077,1393 1122,1390 1166,1390 1211,1390 1256,1390 1301,1387 1346,1381 1390,1378 1435,1375 1480,1372 1525,1372 1569,1369 1614,1366 1659,1366 1704,1369 1748,1363 1793,1363 1838,1360 1883,1360 1928,1357 1972,1354 2017,1354 2062,1351 2107,1349 2151,1349 2196,1346 2241,1343 2286,1343 2330,1340 2375,1340 2420,1337 2465,1340 2509,1337 2554,1334 2599,1331 2644,1328 2689,1325 2733,1322 2778,1322 2823,1319 2868,1325"/>
                <TextEquiv>
                    <Unicode>reich, ich dachte nur an das Leid, das sie</Unicode>
                </TextEquiv>
            </TextLine>
            <TextLine id="tr_2_tl_5" custom="readingOrder {index:4;}">
                <Coords points="882,1571 1068,1584 1220,1546 1366,1590 1472,1534 1615,1574 1714,1559 1748,1552 1757,1394 1407,1453 1167,1425 885,1466"/>
                <Baseline points="898,1554 907,1554 952,1551 996,1548 1041,1548 1086,1548 1131,1548 1175,1545 1220,1543 1265,1540 1310,1537 1354,1537 1399,1534 1444,1531 1489,1528 1534,1525 1578,1525 1623,1522 1668,1522 1713,1525 1757,1531"/>
                <TextEquiv>
                    <Unicode>체ber uns gebracht.</Unicode>
                </TextEquiv>
            </TextLine>
            <TextLine id="tr_2_tl_6" custom="readingOrder {index:5;}">
                <Coords points="885,1714 1208,1757 1882,1667 2748,1674 2819,1664 2826,1500 891,1574"/>
                <Baseline points="901,1710 946,1704 990,1704 1035,1701 1080,1701 1125,1701 1169,1698 1214,1695 1259,1692 1304,1692 1349,1692 1393,1692 1438,1689 1483,1683 1528,1680 1572,1680 1617,1677 1662,1674 1707,1671 1751,1671 1796,1668 1841,1668 1886,1665 1930,1662 1975,1662 2020,1659 2065,1659 2110,1659 2154,1656 2199,1653 2244,1650 2289,1647 2333,1644 2378,1644 2423,1641 2468,1641 2512,1638 2557,1635 2602,1632 2647,1632 2692,1632 2736,1632 2781,1635 2826,1641"/>
                <TextEquiv>
                    <Unicode>Mein Sohn, sie werden dir nichts anhaben,</Unicode>
                </TextEquiv>
            </TextLine>
            <TextLine id="tr_2_tl_7" custom="readingOrder {index:6;}">
                <Coords points="460,1729 500,1748 553,1751 584,1736 618,1757 633,1745 661,1757 817,1720 817,1639 779,1633 755,1652 686,1630 633,1652 565,1643 463,1658"/>
                <Baseline points="477,1725 507,1722 552,1722 596,1722 641,1719 686,1719 731,1716 775,1716 820,1713"/>
                <TextEquiv>
                    <Unicode>Mutter:</Unicode>
                </TextEquiv>
            </TextLine>
            <TextLine id="tr_2_tl_8" custom="readingOrder {index:7;}">
                <Coords points="894,1891 1230,1916 1357,1854 1910,1863 2052,1816 2273,1922 2279,1782 2031,1689 1680,1739 1615,1692 1143,1773 904,1711"/>
                <Baseline points="913,1862 940,1859 984,1856 1029,1856 1074,1856 1119,1853 1163,1850 1208,1847 1253,1847 1298,1847 1343,1844 1387,1844 1432,1841 1477,1838 1522,1835 1566,1832 1611,1832 1656,1829 1701,1829 1745,1826 1790,1823 1835,1823 1880,1820 1925,1820 1969,1820 2014,1817 2059,1811 2104,1811 2148,1808 2193,1808 2238,1808 2283,1811"/>
                <TextEquiv>
                    <Unicode>sie werden dich freisprechen.</Unicode>
                </TextEquiv>
            </TextLine>
        </TextRegion>
        <TextRegion id="tr_1" custom="readingOrder {index:1;}">
            <Coords points="504,2039 3011,2039 3011,4042 504,4042"/>
            <TextLine id="tr_1_tl_1" custom="readingOrder {index:0;}">
                <Coords points="484,2192 2748,2139 2826,2124 2832,1962 491,2059"/>
                <Baseline points="504,2181 549,2181 593,2178 638,2178 683,2175 728,2169 772,2169 817,2169 862,2166 907,2166 952,2163 996,2163 1041,2160 1086,2157 1131,2157 1175,2154 1220,2154 1265,2151 1310,2151 1354,2148 1399,2145 1444,2145 1489,2145 1534,2139 1578,2136 1623,2136 1668,2133 1713,2130 1757,2130 1802,2130 1847,2127 1892,2124 1936,2122 1981,2119 2026,2116 2071,2116 2116,2113 2160,2113 2205,2110 2250,2107 2295,2104 2339,2101 2384,2101 2429,2098 2474,2098 2518,2098 2563,2095 2608,2092 2653,2092 2698,2089 2742,2089 2787,2092 2832,2095"/>
                <TextEquiv>
                    <Unicode>Der Marschall wird gemeldet. Grosse Ueberraschung.</Unicode>
                </TextEquiv>
            </TextLine>
            <TextLine id="tr_1_tl_2" custom="readingOrder {index:1;}">
                <Coords points="487,2363 2478,2264 2937,2326 2984,2149 1012,2167 814,2267 494,2211"/>
                <Baseline points="507,2339 528,2336 573,2333 617,2330 662,2327 707,2327 752,2324 796,2324 841,2321 886,2321 931,2321 975,2318 1020,2318 1065,2316 1110,2313 1155,2310 1199,2307 1244,2307 1289,2304 1334,2301 1378,2298 1423,2298 1468,2295 1513,2292 1557,2292 1602,2289 1647,2289 1692,2289 1737,2286 1781,2286 1826,2283 1871,2277 1916,2277 1960,2274 2005,2274 2050,2271 2095,2268 2139,2268 2184,2268 2229,2265 2274,2259 2318,2259 2363,2259 2408,2256 2453,2259 2498,2256 2542,2253 2587,2250 2632,2250 2677,2247 2721,2244 2766,2241 2811,2241 2856,2235 2900,2235 2945,2232 2990,2229"/>
                <TextEquiv>
                    <Unicode>Marschall: Ich komme von Seiner Majest채t, er w체nscht</Unicode>
                </TextEquiv>
            </TextLine>
            <TextLine id="tr_1_tl_3" custom="readingOrder {index:2;}">
                <Coords points="916,2496 978,2478 1056,2531 1276,2478 1357,2506 1472,2468 1683,2465 1689,2338 1512,2310 1372,2363 1307,2347 1254,2382 1155,2360 922,2416"/>
                <Baseline points="937,2471 975,2468 1020,2468 1065,2468 1110,2468 1155,2468 1199,2465 1244,2465 1289,2459 1334,2459 1378,2456 1423,2453 1468,2450 1513,2447 1557,2447 1602,2444 1647,2444 1692,2450"/>
                <TextEquiv>
                    <Unicode>Sie zu sprechen.</Unicode>
                </TextEquiv>
            </TextLine>
            <TextLine id="tr_1_tl_4" custom="readingOrder {index:3;}">
                <Coords points="494,2695 1562,2633 1602,2618 1605,2500 1357,2481 1289,2527 1115,2506 997,2555 503,2534"/>
                <Baseline points="513,2647 537,2650 581,2644 626,2644 671,2641 716,2641 761,2641 805,2638 850,2632 895,2632 940,2629 984,2629 1029,2626 1074,2626 1119,2623 1163,2623 1208,2620 1253,2617 1298,2614 1343,2611 1387,2608 1432,2605 1477,2605 1522,2602 1566,2599 1611,2605"/>
                <TextEquiv>
                    <Unicode>Med: Mich? der Kaiser?</Unicode>
                </TextEquiv>
            </TextLine>
            <TextLine id="tr_1_tl_5" custom="readingOrder {index:4;}">
                <Coords points="515,2853 2822,2748 3003,2723 3009,2568 519,2732"/>
                <Baseline points="534,2805 549,2802 593,2802 638,2799 683,2796 728,2793 772,2793 817,2790 862,2790 907,2787 952,2787 996,2784 1041,2784 1086,2778 1131,2778 1175,2775 1220,2772 1265,2772 1310,2766 1354,2766 1399,2763 1444,2760 1489,2760 1534,2757 1578,2757 1623,2754 1668,2751 1713,2751 1757,2748 1802,2748 1847,2748 1892,2745 1936,2739 1981,2739 2026,2736 2071,2736 2116,2733 2160,2730 2205,2730 2250,2727 2295,2727 2339,2727 2384,2724 2429,2721 2474,2718 2518,2718 2563,2715 2608,2712 2653,2709 2698,2706 2742,2706 2787,2703 2832,2701 2877,2698 2921,2695 2966,2695 3011,2695"/>
                <TextEquiv>
                    <Unicode>Marschall: Sie werden nicht als Gefangener hinkommen</Unicode>
                </TextEquiv>
            </TextLine>
            <TextLine id="tr_1_tl_6" custom="readingOrder {index:5;}">
                <Coords points="938,2984 1071,2956 1195,2990 1307,2934 1388,2971 1484,2925 2037,2925 2077,2760 1521,2829 1264,2788 1205,2835 944,2847"/>
                <Baseline points="955,2939 961,2939 1005,2939 1050,2936 1095,2933 1140,2933 1184,2930 1229,2930 1274,2927 1319,2924 1363,2921 1408,2921 1453,2918 1498,2918 1543,2915 1587,2912 1632,2909 1677,2909 1722,2909 1766,2906 1811,2906 1856,2903 1901,2903 1945,2897 1990,2897 2035,2895 2080,2897"/>
                <TextEquiv>
                    <Unicode>sondern als freier Mann.</Unicode>
                </TextEquiv>
            </TextLine>
            <TextLine id="tr_1_tl_7" custom="readingOrder {index:6;}">
                <Coords points="519,3148 2087,3083 2096,2909 1099,2965 860,3046 525,3027"/>
                <Baseline points="537,3121 573,3118 617,3115 662,3112 707,3112 752,3112 796,3112 841,3109 886,3106 931,3106 975,3100 1020,3097 1065,3094 1110,3094 1155,3094 1199,3088 1244,3088 1289,3086 1334,3083 1378,3083 1423,3080 1468,3080 1513,3074 1557,3074 1602,3071 1647,3071 1692,3068 1737,3068 1781,3068 1826,3065 1871,3059 1916,3059 1960,3053 2005,3056 2050,3053 2095,3053"/>
                <TextEquiv>
                    <Unicode>Mutter: Hab ich's nicht gesagt?</Unicode>
                </TextEquiv>
            </TextLine>
            <TextLine id="tr_1_tl_8" custom="readingOrder {index:7;}">
                <Coords points="519,3322 2642,3183 2906,3245 2916,3009 525,3204"/>
                <Baseline points="540,3280 546,3277 590,3274 635,3268 680,3268 725,3268 770,3265 814,3265 859,3262 904,3259 949,3256 993,3253 1038,3250 1083,3247 1128,3244 1172,3244 1217,3241 1262,3241 1307,3238 1351,3235 1396,3232 1441,3232 1486,3232 1531,3226 1575,3226 1620,3223 1665,3220 1710,3220 1754,3217 1799,3217 1844,3217 1889,3214 1933,3211 1978,3208 2023,3205 2068,3205 2113,3202 2157,3199 2202,3199 2247,3199 2292,3199 2336,3199 2381,3196 2426,3190 2471,3187 2515,3184 2560,3184 2605,3178 2650,3178 2695,3175 2739,3172 2784,3172 2829,3169 2874,3169 2918,3172"/>
                <TextEquiv>
                    <Unicode>Eventuell Nachricht von der Verhaftung des Vicomte.</Unicode>
                </TextEquiv>
            </TextLine>
            <TextLine id="tr_1_tl_9" custom="readingOrder {index:8;}">
                <Coords points="546,3434 708,3468 826,3425 987,3459 1062,3409 1807,3397 1832,3270 1695,3322 1385,3257 1276,3301 1090,3279 820,3366 553,3316"/>
                <Baseline points="564,3426 579,3426 623,3423 668,3423 713,3420 758,3420 802,3417 847,3414 892,3411 937,3411 981,3408 1026,3405 1071,3405 1116,3402 1160,3399 1205,3399 1250,3396 1295,3393 1340,3390 1384,3387 1429,3387 1474,3387 1519,3384 1563,3381 1608,3381 1653,3375 1698,3375 1742,3372 1787,3372 1832,3375"/>
                <TextEquiv>
                    <Unicode>Vielleicht auch der Freund.</Unicode>
                </TextEquiv>
            </TextLine>
            <TextLine id="tr_1_tl_10" custom="readingOrder {index:9;}">
                <Coords points="537,3599 2881,3518 2993,3490 2999,3369 1832,3478 543,3462"/>
                <Baseline points="555,3584 587,3581 632,3581 677,3578 722,3578 767,3578 811,3578 856,3572 901,3569 946,3566 990,3563 1035,3563 1080,3563 1125,3560 1169,3554 1214,3554 1259,3551 1304,3548 1349,3545 1393,3542 1438,3542 1483,3539 1528,3536 1572,3536 1617,3533 1662,3530 1707,3530 1751,3527 1796,3524 1841,3521 1886,3518 1930,3515 1975,3515 2020,3515 2065,3515 2110,3515 2154,3512 2199,3509 2244,3506 2289,3506 2333,3503 2378,3500 2423,3500 2468,3497 2512,3497 2557,3491 2602,3491 2647,3488 2692,3482 2736,3482 2781,3479 2826,3476 2871,3474 2915,3471 2960,3471 3005,3468"/>
                <TextEquiv>
                    <Unicode>Med: Das geht nicht mit rechten Dingen zu. Darf man</Unicode>
                </TextEquiv>
            </TextLine>
            <TextLine id="tr_1_tl_11" custom="readingOrder {index:10;}">
                <Coords points="972,3726 1152,3742 1332,3701 1382,3729 1456,3710 1599,3732 1605,3586 1565,3596 1500,3558 1441,3592 1220,3568 1164,3611 978,3608"/>
                <Baseline points="990,3718 1029,3712 1074,3709 1119,3709 1163,3706 1208,3703 1253,3700 1298,3700 1343,3700 1387,3697 1432,3694 1477,3691 1522,3691 1566,3688 1611,3685"/>
                <TextEquiv>
                    <Unicode>wissen warum?</Unicode>
                </TextEquiv>
            </TextLine>
            <TextLine id="tr_1_tl_12" custom="readingOrder {index:11;}">
                <Coords points="556,3903 2767,3819 2922,3791 2931,3620 559,3791"/>
                <Baseline points="573,3894 605,3891 650,3888 695,3885 740,3882 784,3879 829,3879 874,3876 919,3876 964,3876 1008,3876 1053,3873 1098,3873 1143,3870 1187,3864 1232,3864 1277,3861 1322,3859 1366,3859 1411,3853 1456,3850 1501,3847 1545,3844 1590,3844 1635,3841 1680,3841 1725,3838 1769,3835 1814,3835 1859,3832 1904,3832 1948,3829 1993,3826 2038,3826 2083,3823 2127,3820 2172,3817 2217,3814 2262,3814 2307,3814 2351,3814 2396,3811 2441,3808 2486,3805 2530,3799 2575,3799 2620,3793 2665,3790 2709,3790 2754,3787 2799,3787 2844,3784 2889,3781 2933,3781"/>
                <TextEquiv>
                    <Unicode>Marschall: Ich glaube befugt zu sein, es Ihnen zu</Unicode>
                </TextEquiv>
            </TextLine>
            <TextLine id="tr_1_tl_13" custom="readingOrder {index:12;}">
                <Coords points="990,4049 2614,4002 2981,3959 2987,3860 2801,3801 997,3897"/>
                <Baseline points="1008,4032 1014,4032 1059,4029 1104,4029 1149,4032 1193,4032 1238,4026 1283,4026 1328,4023 1372,4020 1417,4017 1462,4014 1507,4014 1551,4008 1596,4005 1641,4002 1686,3999 1731,3999 1775,3996 1820,3996 1865,3993 1910,3990 1954,3987 1999,3987 2044,3984 2089,3981 2133,3978 2178,3975 2223,3975 2268,3975 2313,3969 2357,3969 2402,3966 2447,3960 2492,3960 2536,3957 2581,3954 2626,3951 2671,3948 2715,3945 2760,3945 2805,3942 2850,3939 2895,3936 2939,3933 2984,3939"/>
                <TextEquiv>
                    <Unicode>sagen. Sie haben Seiner Majest채t das Leben</Unicode>
                </TextEquiv>
            </TextLine>
        </TextRegion>
    </Page>
</PcGts>
