3379 4568
2348 718 2547 876 145
758 882 2783 1128 ist ein friedliches Glück. Ich lasse Sie al-
749 1013 2867 1274 lein. Machen Sie Toilette, der Wagen fährt in
758 1218 1895 1451 einer Stunde vor.
773 1407 1382 1590 de flete héon...
733 1488 2432 1817 :allein: Feigling! Ich verzweifle!
367 1625 680 1802 Jul ia:
376 1792 1090 1938 Der Graf kommt.
394 1910 929 2097 Graf: Nun?
391 1941 2898 2246 Julia: Vater, begraben wir unsere Hoffnungen. Er ist
826 2205 1454 2379 ein Feigling.
438 2358 1649 2575 Graf: Doch du, me in Kind?
426 2488 1665 2702 Julia: Wie meinst du das?
447 2556 2715 2864 Graf: Bist du meine Tochter nicht mehr, dass du
864 2749 2901 2960 nicht das eine Wort verstehst? Auch du hast
879 2914 2914 3122 einen Arm! Wenn du den Menschen tötest, ist
888 3053 2873 3296 ebensoviel getan. Du bist die Gattin eines
879 3203 2966 3439 Bourbonen und er wird das Köngtum aus deiner
895 3436 1637 3662 Hand empfangen.
513 3597 2929 3920 Vielleicht ist es Julie selbst, die diesen Gedanken
519 3880 2274 4122 fasst, nachdem der Fürst weggegangen.
