3416 4152
2566 476 2760 597 111
774 743 2732 914 Gräflicher Garten. Abend des selben Tages.
757 943 2867 1089 Eventuell eine Szene, den Vicomte betreffend.
765 1050 2974 1255 Eventuell eine Szene, die bevorstehende Belager
774 1232 1483 1427 ung betreffend.
774 1511 1812 1680 Julia, Kammerfräulein.
765 1680 2684 1832 Julia: ruhig: Er ist tot, nicht wahr?
760 1840 1542 2001 Kammerfr: Nein.
768 1992 2088 2164 Julia: Er liegt im Sterben.
760 2164 1531 2296 Kammerfr: Nein.
774 2296 2231 2468 Julia: Er ist nicht verwundet?
765 2462 1539 2617 Kammerfr: O ja.
768 2639 2093 2791 Julia: Du hast ihn gesehen?
760 2746 2988 2935 Kammerfr: Ja. Er liegt blass auf dem Divan und
1173 2926 2735 3067 hat einen Stich unter dem Herzen.
777 3087 2603 3196 Julia: So wird er heute Nacht sterben.
2043 3146 2822 3278 as inI uniee nor a
763 3250 3025 3405 Kammerfr: Das ist möglich, Aber in einer Stunde
1182 3371 2051 3557 wird er hier sein.
768 3495 2023 3723 Julia: Du bist wahnsinnig.
765 3697 2884 3844 Kammerfr: In einer Stunde wird er hier sein.
