3363 4536
2619 626 2807 794 144
2682 785 2859 970 wür¬
408 800 2649 1092 Julia: Wenn man an solche Möglichkeiten dächte,
818 988 2351 1250 de man keine grosse Tat begehen.
432 1174 1934 1384 Vic: Was wollen Sie eigentlich?
429 1271 2649 1545 Julia: Ich will Königin von Frankreich werden.
441 1505 1956 1682 Vic: Kommen Sie zu sich, Julia,
444 1633 1962 1794 Julia: Das sagen Sie mir heute?
465 1661 2917 1968 Vie: Ich habe Ihren Träumen geschmeichelt, weil ich
885 1889 2871 2089 Sie IX liebte, aber ich habe nie ernstlich
891 2062 2834 2226 an derlei Ansinn gedacht. Ich habe keine
900 2168 2780 2387 andere Sehnsucht, als mich mit Ihnen auf
903 2305 2923 2533 meine Güter nach Frankreich zurückzuziehen.
876 2512 2886 2752 Sie sind toll! Ihre Güter existieren nicht,
487 2524 803 2844 Julia:
934 2728 1889 2853 sie sind eingezogen.
791 2810 2941 3047 Der Kaiser ist mir mit grosser Gnade netgegen-
526 2895 733 3063 Vic:
949 2977 3035 3190 gekommen; heute bei der Cour gedenk' ich ihn
946 3114 3047 3382 zu bitten, dass er mir die Güter wiedergiebt.
964 3282 2962 3537 Ich zweifle nicht, dass er mich nach Frank-
970 3458 2837 3640 re ich zurückkehren lässt. Seien Sie ver-
1025 3555 3047 3850 nünftig, Julie, - ich bin nicht der Mensch,
979 3726 2932 4042 für den Sie mich hielten. Meine Sehnsucht
