<?xml version="1.0" encoding="UTF-8" standalone="yes"?>
<PcGts xmlns="http://schema.primaresearch.org/PAGE/gts/pagecontent/2013-07-15" xmlns:xsi="http://www.w3.org/2001/XMLSchema-instance" xsi:schemaLocation="http://schema.primaresearch.org/PAGE/gts/pagecontent/2013-07-15 http://schema.primaresearch.org/PAGE/gts/pagecontent/2013-07-15/pagecontent.xsd">
    <Metadata>
        <Creator>prov=READ-COOP:name=TrHtr:version=2.1.0:model_id=51170:date=25_07_2023_09:31</Creator>
        <Created>2023-05-10T12:20:50.751+02:00</Created>
        <LastChange>2023-07-25T09:31:41.253+02:00</LastChange>
        <TranskribusMetadata docId="1428193" pageId="55400971" pageNr="35" tsid="130592835" status="IN_PROGRESS" userId="64420" imgUrl="https://files.transkribus.eu/Get?id=QHKMIKLUSGFOIKQWHICXLXCA&amp;fileType=view" xmlUrl="https://files.transkribus.eu/Get?id=SJQDNHGHWCOHBEGCKNWSQGXA" imageId="44675794"/>
    </Metadata>
    <Page imageFilename="1428193_0035.jpg" imageWidth="3400" imageHeight="4104">
        <ReadingOrder>
            <OrderedGroup id="ro_1711797084069" caption="Regions reading order">
                <RegionRefIndexed index="0" regionRef="tr_1"/>
                <RegionRefIndexed index="1" regionRef="tr_2"/>
            </OrderedGroup>
        </ReadingOrder>
        <TextRegion id="tr_1" custom="readingOrder {index:0;}">
            <Coords points="776,481 2933,481 2933,1964 776,1964"/>
            <TextLine id="tr_1_tl_1" custom="readingOrder {index:0;}">
                <Coords points="2474,575 2490,570 2518,575 2537,556 2542,562 2560,564 2592,546 2612,549 2610,473 2594,473 2573,462 2560,465 2539,452 2526,465 2511,460 2503,468 2469,478"/>
                <Baseline points="2486,531 2531,531 2575,534 2617,537"/>
                <TextEquiv>
                    <Unicode>92</Unicode>
                </TextEquiv>
            </TextLine>
            <TextLine id="tr_1_tl_2" custom="readingOrder {index:1;}">
                <Coords points="1170,734 2908,737 2929,603 2231,556 1902,648 1170,630"/>
                <Baseline points="1184,713 1187,710 1232,710 1277,707 1322,707 1367,707 1411,707 1456,707 1501,704 1546,704 1590,704 1635,701 1680,701 1725,701 1769,701 1814,701 1859,704 1904,704 1949,701 1993,698 2038,698 2083,698 2128,701 2172,701 2217,698 2262,698 2307,695 2351,692 2396,692 2441,689 2486,689 2531,689 2575,689 2620,686 2665,686 2710,686 2754,686 2799,686 2844,683 2889,680 2933,683"/>
                <TextEquiv>
                    <Unicode>anders kommen.- Wie spät ist's an der</Unicode>
                </TextEquiv>
            </TextLine>
            <TextLine id="tr_1_tl_3" custom="readingOrder {index:2;}">
                <Coords points="1163,912 1197,904 1246,935 1306,914 1361,873 1411,883 1447,873 1450,773 1419,763 1403,776 1358,776 1335,755 1288,773 1251,776 1236,765 1163,797"/>
                <Baseline points="1178,862 1181,865 1226,862 1271,859 1316,859 1361,859 1405,859 1450,859"/>
                <TextEquiv>
                    <Unicode>Zeit?</Unicode>
                </TextEquiv>
            </TextLine>
            <TextLine id="tr_1_tl_4" custom="readingOrder {index:3;}">
                <Coords points="763,1048 1709,1040 1709,901 1630,886 1183,948 1040,927 974,959 909,912 763,896"/>
                <Baseline points="776,1020 820,1020 865,1020 910,1017 955,1017 999,1017 1044,1017 1089,1017 1134,1017 1178,1020 1223,1020 1268,1017 1313,1014 1358,1011 1402,1011 1447,1011 1492,1011 1537,1011 1581,1011 1626,1011 1671,1011 1716,1017"/>
                <TextEquiv>
                    <Unicode>Kammerfr: Drei Uhr.</Unicode>
                </TextEquiv>
            </TextLine>
            <TextLine id="tr_1_tl_5" custom="readingOrder {index:4;}">
                <Coords points="763,1194 2100,1189 2236,1170 2239,1055 765,1050"/>
                <Baseline points="776,1178 811,1175 856,1175 901,1175 946,1175 990,1175 1035,1175 1080,1175 1125,1172 1170,1170 1214,1170 1259,1170 1304,1170 1349,1170 1393,1172 1438,1167 1483,1167 1528,1164 1572,1164 1617,1164 1662,1164 1707,1164 1752,1164 1796,1164 1841,1164 1886,1164 1931,1161 1975,1161 2020,1161 2065,1161 2110,1158 2154,1158 2199,1161 2244,1164"/>
                <TextEquiv>
                    <Unicode>Julia: Lass' uns Ball spielen.</Unicode>
                </TextEquiv>
            </TextLine>
            <TextLine id="tr_1_tl_6" custom="readingOrder {index:5;}">
                <Coords points="763,1335 1570,1385 1701,1327 2328,1340 2330,1212 1912,1183 1646,1254 1494,1202 1398,1249 765,1251"/>
                <Baseline points="776,1331 811,1331 856,1328 901,1331 946,1331 990,1328 1035,1328 1080,1328 1125,1328 1170,1328 1214,1331 1259,1331 1304,1328 1349,1325 1393,1325 1438,1322 1483,1322 1528,1319 1572,1319 1617,1319 1662,1319 1707,1319 1752,1322 1796,1322 1841,1322 1886,1319 1931,1316 1975,1316 2020,1310 2065,1310 2110,1307 2154,1307 2199,1307 2244,1307 2289,1307 2334,1307"/>
                <TextEquiv>
                    <Unicode>Kammerfr: entsetzt:</Unicode>
                </TextEquiv>
            </TextLine>
            <TextLine id="tr_1_tl_7" custom="readingOrder {index:6;}">
                <Coords points="763,1520 2628,1497 2801,1476 2803,1332 765,1419"/>
                <Baseline points="779,1483 790,1483 835,1483 880,1486 925,1483 970,1483 1014,1486 1059,1486 1104,1483 1149,1483 1193,1480 1238,1480 1283,1483 1328,1483 1372,1486 1417,1480 1462,1480 1507,1477 1552,1477 1596,1474 1641,1474 1686,1471 1731,1471 1775,1471 1820,1471 1865,1468 1910,1471 1954,1468 1999,1465 2044,1465 2089,1465 2134,1465 2178,1462 2223,1462 2268,1462 2313,1462 2357,1462 2402,1462 2447,1459 2492,1459 2537,1456 2581,1456 2626,1453 2671,1453 2716,1450 2760,1450 2805,1453"/>
                <TextEquiv>
                    <Unicode>Julia: Nun ja, man muss doch irgendwie die</Unicode>
                </TextEquiv>
            </TextLine>
            <TextLine id="tr_1_tl_8" custom="readingOrder {index:7;}">
                <Coords points="1181,1669 2673,1654 2853,1628 2855,1528 2532,1471 2414,1520 2179,1481 1625,1539 1183,1497"/>
                <Baseline points="1196,1632 1202,1632 1247,1632 1292,1632 1337,1635 1381,1635 1426,1632 1471,1632 1516,1632 1561,1632 1605,1629 1650,1629 1695,1626 1740,1626 1784,1626 1829,1626 1874,1626 1919,1626 1963,1626 2008,1626 2053,1623 2098,1623 2143,1620 2187,1620 2232,1617 2277,1617 2322,1620 2366,1620 2411,1617 2456,1617 2501,1614 2545,1611 2590,1611 2635,1614 2680,1614 2725,1611 2769,1611 2814,1608 2859,1608"/>
                <TextEquiv>
                    <Unicode>Stunden hinbringen. Komm, lass' uns</Unicode>
                </TextEquiv>
            </TextLine>
            <TextLine id="tr_1_tl_9" custom="readingOrder {index:8;}">
                <Coords points="1176,1834 1437,1790 1539,1844 1625,1800 1821,1792 1884,1834 2017,1790 2552,1790 2552,1690 2508,1680 2260,1719 1949,1690 1878,1735 1453,1732 1392,1688 1178,1732"/>
                <Baseline points="1193,1790 1217,1790 1262,1790 1307,1790 1352,1790 1396,1790 1441,1787 1486,1787 1531,1784 1575,1784 1620,1784 1665,1784 1710,1784 1755,1787 1799,1787 1844,1787 1889,1787 1934,1787 1978,1781 2023,1781 2068,1778 2113,1778 2157,1775 2202,1775 2247,1775 2292,1772 2337,1775 2381,1772 2426,1772 2471,1772 2516,1772 2560,1775"/>
                <TextEquiv>
                    <Unicode>Ball spielen. I:Sie spieten:</Unicode>
                </TextEquiv>
            </TextLine>
            <TextLine id="tr_1_tl_10" custom="readingOrder {index:9;}">
                <Coords points="763,1972 1335,1952 1528,2022 1743,1941 2116,1938 2255,1993 2858,1946 2858,1857 2223,1821 1688,1894 1168,1834 765,1902"/>
                <Baseline points="776,1954 805,1954 850,1954 895,1954 940,1954 984,1954 1029,1954 1074,1952 1119,1952 1164,1952 1208,1952 1253,1952 1298,1954 1343,1954 1387,1954 1432,1952 1477,1949 1522,1949 1566,1946 1611,1943 1656,1943 1701,1940 1746,1940 1790,1940 1835,1943 1880,1940 1925,1940 1969,1937 2014,1937 2059,1937 2104,1934 2149,1934 2193,1934 2238,1934 2283,1934 2328,1931 2372,1928 2417,1928 2462,1925 2507,1925 2551,1925 2596,1925 2641,1925 2686,1925 2731,1922 2775,1922 2820,1922 2865,1922"/>
                <TextEquiv>
                    <Unicode>Die Gräfin: :kommt. Entsetzt: Weh mir, in</Unicode>
                </TextEquiv>
            </TextLine>
        </TextRegion>
        <TextRegion id="tr_2" custom="readingOrder {index:1;}">
            <Coords points="796,2021 3059,2021 3059,3358 796,3358"/>
            <TextLine id="tr_2_tl_1" custom="readingOrder {index:0;}">
                <Coords points="1197,2116 2649,2127 2822,2098 2824,2025 1489,2059 1332,2004 1197,2048"/>
                <Baseline points="1211,2098 1217,2098 1262,2101 1307,2104 1352,2104 1396,2104 1441,2101 1486,2101 1531,2101 1575,2101 1620,2098 1665,2098 1710,2095 1755,2095 1799,2095 1844,2095 1889,2092 1934,2089 1978,2089 2023,2089 2068,2089 2113,2089 2157,2086 2202,2086 2247,2086 2292,2083 2337,2083 2381,2083 2426,2080 2471,2080 2516,2080 2560,2080 2605,2077 2650,2077 2695,2077 2739,2074 2784,2071 2829,2077"/>
                <TextEquiv>
                    <Unicode>welcher Zeit leben wir! Heute Früh</Unicode>
                </TextEquiv>
            </TextLine>
            <TextLine id="tr_2_tl_2" custom="readingOrder {index:1;}">
                <Coords points="1191,2275 1706,2317 2009,2268 2785,2281 2785,2192 2571,2155 1194,2213"/>
                <Baseline points="1208,2262 1223,2262 1268,2262 1313,2262 1358,2265 1402,2262 1447,2262 1492,2259 1537,2259 1581,2256 1626,2256 1671,2256 1716,2253 1760,2253 1805,2253 1850,2253 1895,2253 1940,2250 1984,2253 2029,2250 2074,2250 2119,2247 2163,2247 2208,2244 2253,2244 2298,2244 2343,2241 2387,2241 2432,2241 2477,2238 2522,2238 2566,2238 2611,2238 2656,2238 2701,2238 2745,2235 2790,2238"/>
                <TextEquiv>
                    <Unicode>begruben sie deinen Bruder und du</Unicode>
                </TextEquiv>
            </TextLine>
            <TextLine id="tr_2_tl_3" custom="readingOrder {index:2;}">
                <Coords points="1194,2477 1262,2474 1283,2456 1338,2461 1413,2430 1429,2443 1481,2435 1520,2456 1554,2440 1596,2445 1599,2359 1518,2333 1463,2364 1424,2341 1387,2359 1348,2351 1301,2375 1278,2356 1197,2377"/>
                <Baseline points="1211,2417 1256,2420 1301,2423 1346,2420 1390,2417 1435,2417 1480,2414 1525,2414 1569,2414 1605,2417"/>
                <TextEquiv>
                    <Unicode>spielst!</Unicode>
                </TextEquiv>
            </TextLine>
            <TextLine id="tr_2_tl_4" custom="readingOrder {index:3;}">
                <Coords points="1147,2618 2923,2558 2923,2471 2751,2492 2594,2424 2390,2492 2265,2435 1150,2490"/>
                <Baseline points="1161,2584 1181,2584 1226,2578 1271,2578 1316,2575 1361,2575 1405,2572 1450,2569 1495,2569 1540,2566 1584,2569 1629,2569 1674,2569 1719,2566 1763,2563 1808,2560 1853,2560 1898,2560 1943,2560 1987,2557 2032,2560 2077,2557 2122,2557 2166,2557 2211,2554 2256,2551 2301,2551 2345,2548 2390,2548 2435,2545 2480,2545 2525,2545 2569,2542 2614,2542 2659,2542 2704,2542 2748,2540 2793,2540 2838,2540 2883,2540 2928,2540"/>
                <TextEquiv>
                    <Unicode>:spielend: Mutter, was bedeutet ein</Unicode>
                </TextEquiv>
            </TextLine>
            <TextLine id="tr_2_tl_5" custom="readingOrder {index:4;}">
                <Coords points="784,2599 836,2589 899,2615 956,2597 980,2610 1001,2599 1016,2605 1029,2592 1045,2605 1063,2599 1058,2479 969,2479 901,2524 870,2524 839,2505 828,2516 810,2505 781,2508"/>
                <Baseline points="796,2572 841,2575 886,2578 931,2581 976,2581 1020,2581 1065,2581 1071,2581"/>
                <TextEquiv>
                    <Unicode>Jul ia</Unicode>
                </TextEquiv>
            </TextLine>
            <TextLine id="tr_2_tl_6" custom="readingOrder {index:5;}">
                <Coords points="1194,2769 2328,2709 2490,2769 2652,2696 2822,2699 2824,2628 2048,2594 1197,2652"/>
                <Baseline points="1211,2725 1217,2725 1262,2725 1307,2725 1352,2725 1396,2722 1441,2722 1486,2719 1531,2716 1575,2716 1620,2716 1665,2713 1710,2716 1755,2716 1799,2713 1844,2716 1889,2713 1934,2713 1978,2713 2023,2710 2068,2710 2113,2710 2157,2710 2202,2707 2247,2704 2292,2704 2337,2704 2381,2701 2426,2698 2471,2695 2516,2698 2560,2695 2605,2698 2650,2695 2695,2695 2739,2692 2784,2692 2829,2692"/>
                <TextEquiv>
                    <Unicode>Menschenleben? Denke, dass auf den</Unicode>
                </TextEquiv>
            </TextLine>
            <TextLine id="tr_2_tl_7" custom="readingOrder {index:6;}">
                <Coords points="1202,2905 2751,2887 2944,2858 2947,2801 1685,2748 1204,2814"/>
                <Baseline points="1217,2883 1253,2880 1298,2877 1343,2877 1387,2877 1432,2874 1477,2874 1522,2874 1566,2874 1611,2874 1656,2874 1701,2871 1746,2871 1790,2868 1835,2868 1880,2865 1925,2865 1969,2865 2014,2862 2059,2862 2104,2862 2149,2862 2193,2862 2238,2859 2283,2859 2328,2856 2372,2856 2417,2853 2462,2850 2507,2853 2551,2850 2596,2850 2641,2850 2686,2850 2731,2847 2775,2847 2820,2847 2865,2844 2910,2844 2954,2847"/>
                <TextEquiv>
                    <Unicode>Schlachtfeldern von Challons und Tou¬</Unicode>
                </TextEquiv>
            </TextLine>
            <TextLine id="tr_2_tl_8" custom="readingOrder {index:7;}">
                <Coords points="1210,3057 2957,3030 3051,3012 3054,2918 1212,2965"/>
                <Baseline points="1226,3038 1268,3038 1313,3035 1358,3035 1402,3032 1447,3032 1492,3029 1537,3029 1581,3026 1626,3026 1671,3023 1716,3023 1760,3020 1805,3020 1850,3020 1895,3020 1940,3020 1984,3017 2029,3020 2074,3017 2119,3017 2163,3014 2208,3014 2253,3014 2298,3011 2343,3011 2387,3008 2432,3008 2477,3005 2522,3005 2566,3005 2611,3002 2656,3002 2701,3002 2745,2999 2790,3002 2835,3002 2880,3002 2925,2999 2969,2999 3014,2999 3059,2996"/>
                <TextEquiv>
                    <Unicode>louse unsere Vettern gefallen sind, und</Unicode>
                </TextEquiv>
            </TextLine>
            <TextLine id="tr_2_tl_9" custom="readingOrder {index:8;}">
                <Coords points="1223,3224 2892,3195 2939,3064 2667,3125 2435,3070 2134,3143 1810,3064 1698,3130 1225,3125"/>
                <Baseline points="1238,3190 1241,3190 1286,3187 1331,3187 1375,3187 1420,3187 1465,3184 1510,3181 1555,3181 1599,3181 1644,3178 1689,3178 1734,3178 1778,3175 1823,3175 1868,3172 1913,3172 1957,3172 2002,3169 2047,3169 2092,3169 2137,3169 2181,3166 2226,3166 2271,3163 2316,3163 2360,3163 2405,3160 2450,3160 2495,3160 2540,3160 2584,3157 2629,3157 2674,3154 2719,3151 2763,3151 2808,3151 2853,3151 2898,3151 2942,3157"/>
                <TextEquiv>
                    <Unicode>wir wussten’s nicht einmal und taten</Unicode>
                </TextEquiv>
            </TextLine>
            <TextLine id="tr_2_tl_10" custom="readingOrder {index:9;}">
                <Coords points="1204,3357 1944,3388 2461,3326 2829,3370 2832,3255 2343,3198 2061,3279 1207,3229"/>
                <Baseline points="1220,3345 1223,3348 1268,3345 1313,3345 1358,3345 1402,3345 1447,3345 1492,3339 1537,3342 1581,3339 1626,3339 1671,3336 1716,3336 1760,3333 1805,3330 1850,3330 1895,3330 1940,3327 1984,3327 2029,3327 2074,3324 2119,3324 2163,3324 2208,3324 2253,3324 2298,3322 2343,3322 2387,3322 2432,3322 2477,3322 2522,3319 2566,3316 2611,3316 2656,3313 2701,3313 2745,3313 2790,3313 2835,3319"/>
                <TextEquiv>
                    <Unicode>noch ganz Anderes als Ballspielen.</Unicode>
                </TextEquiv>
            </TextLine>
        </TextRegion>
    </Page>
</PcGts>
