3384 4104
2524 302 2707 455 136
791 435 3018 671 Med: Nein, nein, lüg' dir nichts vor, Medardus!
1195 621 2904 796 Rache - Vaterland - was kümmert dich
1212 777 2985 946 das alles? - Worte... Wortte... Du bist
1204 899 2993 1065 ihr verfallen, aber sie auch mir. Aber
1212 1085 2946 1257 sie kann sich nicht retten, sie weiss
1212 1218 3007 1376 sich nicht zu helfen. Und wenn ich drü¬
1215 1381 2707 1606 ber zugrunde gehe, ich muss hin!
846 1664 3079 1870 :Nachrichten, Bewegungen, Napoleon an der Donau,
821 1836 2865 2033 - Prater. Weit und breit kein Heer. Der alte
813 2047 1462 2255 Oberst weint:
