3384 4136
2268 419 2455 550 124
1159 553 2952 748 sie meine Geliebte geworden, wie meine
1164 746 2402 882 Schwester dem Franz seine.
1215 860 1664 1042 Medardus!
799 852 1139 1044 Freund:
748 997 2994 1187 Med: Du weisst doch, warum sie in den Tod ging?
1181 1162 3002 1366 Weil die Agathe denen da drin zu gering
1184 1290 2890 1502 war. Du weisst doch, was der Graf ge-
1190 1480 2887 1650 sagt hat? Wenn's noch einmal so weit
1190 1625 3024 1815 wäre, er sagte wiederum nein. Und darum
1176 1801 2899 1977 hab' ich mir vorgesetzt, sie sollten
1181 1972 2284 2120 mich bitten - bitten —
1215 2120 2332 2262 Ich versteh' dich nicht.
774 2131 1114 2298 Freund:
768 2262 2949 2441 Med; Nun, ist's heut nicht, so wird es morgen
1206 2463 1463 2594 se in.
787 2589 2281 2723 Freund: Was wird morgen se in?
790 2700 2918 2882 Med: Morgen?... Vielleicht noch später. Denn
1206 2840 3027 3038 das Leben ist kurz und ein tolles Ding,
1231 3035 2974 3181 - warum soll man sich nicht eine Zeit-
1204 3161 2929 3348 lang freueh können, insgeheim. Mag's
1218 3345 3061 3477 auch sein, dass ich noch zwei oder drei
1218 3477 3035 3664 Mal durch das Pförchten wieder ausgehe,
1218 3639 3027 3865 aber bald schreit' ich über die grosse
