3339 4632
2686 688 2861 844 149
477 908 2625 1076 Der Wagen mit dem Vicomte und Julie fährt vor.
501 1009 2827 1281 Julia: Es ist widerlich, wie das Gesindel drängt.
535 1177 2720 1455 Med: Das ist sie! :drängt sich vor: Einen
914 1351 1546 1556 Bl ick, Julia!
520 1485 2029 1702 Vic: Das ist ja - 4 - woll h.
523 1708 1155 1889 Julia: Fort!
513 1785 2974 2011 Med: Ich vergehe! Ein Blick von dir, und meine Hand
947 1977 1617 2170 wird sicherer!
538 2029 2708 2329 Julia: Man schaffe den frechen Burschen fort!
541 2277 1617 2540 Med: :erschiesst sie:
550 2570 1889 2790 Bewegung. Man verhaftet ihn.
559 2729 1797 2965 Der Wagen Napoleons kommt.
578 2937 1672 3120 Rufe: Es lebe Napeleon!
749 3059 1608 3316 napoler tauil
889 3218 2350 3557 meint Cins, dain, Parade.
