3384 4136
2606 423 2784 558 126
1145 567 2868 751 geschieht? vergisst du die Gefahr un¬
1145 777 1993 926 seres Vaterlandes?
728 854 3037 1047 Med: Hab' keine Zeit, daran zu denken. Kurt, der
1271 1012 1657 1110 Mevu
1150 1053 3006 1199 Hättest du doch gleich heute Morgen dei¬
733 1067 1070 1217 Freund:
1148 1234 2977 1352 nen Plan ausgeführt. Da wäre alles gut.
1150 1352 2957 1496 Aber mir scheint, du behagtest dich zu
1162 1539 2853 1642 woll in den Armen der schönen Gräfin.
1018 1685 2983 1826 Behagte mich? Meine Dirne war sie - ver¬
745 1711 946 1847 Med:
1165 1832 2870 1970 stehst du mich? Nicht besser als ein
1176 1953 2997 2114 Dutzend Andere. Sie ist auch nicht mehr
1174 2151 2905 2264 wert. Ein bisschen Frechheit, und sie
1179 2289 2876 2465 war genommen. Und Agathe war ihnen
1176 2384 2902 2609 zu gering! At wir wird alles jet...
1174 2577 2499 2758 Ne lorger ik versprech de
1237 2652 2845 2914 Nein – Thies ja nicht.... kein wel
1225 2885 1533 3023 wede
1243 2911 2548 3138 Ich habiger verspielen, nieder
1326 3101 1772 3265 Nittriver
1142 3219 1286 3374 be
932 3388 1875 3590 Le Thiers de Sène
1174 3431 2491 3664 seits, die die Fenster etc. wie
909 3552 2738 3788 En bekonnte i - bis dürf uns beschaffen.
