3432 4168
2631 468 2773 628 78
1162 626 2788 848 oder Sie zwingen mich, sie mit den
1157 780 2882 983 Füssen fortzuschleudern, denn ich be¬
1171 977 2776 1134 rühre diese nicht mit meiner Hand!
2002 1077 2188 1188 air.
1137 1131 3050 1302 :aufbrausend: Dass ich ein Mädchen bin!
763 1185 1060 1334 Julia:
760 1277 2985 1480 Med: Ich hoffe, es wird sich Einer finden, der
1185 1420 3036 1611 mir erwidert, wie Sie nicht können, und
1200 1591 3048 1757 der die Beleidigungen aufnimmt, die man
1205 1731 3062 1902 der Gräfin Julie ins Gesicht schleudert.
1214 1888 3085 2088 Ich für meinen Teil, wie Sie sich denken
1220 2039 3073 2219 können, heisse Medardus und bin der Bru¬
1220 2194 2725 2399 der dieser Toten.
386 2296 751 2442 de travail.
1222 2359 3030 2533 :zum Kammerfr: Wahrlich, ich vergass
814 2419 1111 2562 Julia:
1228 2516 3099 2673 mich. Seine Schwester war wol um Einiges
1251 2639 3088 2825 sanfter, wenn sie meinem Bruder so wohl-
1245 2791 3013 3013 gefiel. - Nimm du die Blumen auf; ich
1257 2942 2970 3156 will nicht, dass sie der Fuss dieses
2125 3068 2970 3299 in wll i and wch
1260 3133 2085 3325 Burschen berühre.
854 3245 3153 3476 Kammerfr:  :nimmt die Blumen: / : Sie wollen gehen
363 3413 583 3556 Tenl
848 3450 3028 3639 Med: Sie sind mir Antowrt schuldig, Comtesse.
877 3590 3045 3782 Julia: Sage diesem Menschen, dass die Tochter
