3347 4536
2597 584 2783 800 143
1840 946 2768 1125 Noch hl. deß. Geist;
441 988 1448 1183 Im Hause des Vicomte.
1803 1061 2771 1195 Vicrunt.. Herbsteplex.
444 1150 1496 1344 Julia und der Vicomte.
447 1286 2828 1487 Julia: Ist es nicht, als wenn das Schicksal selbst
876 1432 2655 1618 alles zu unseren Gunsten vorbereitete?
465 1572 2798 1813 Vicomte: Was für eine Toilette werden Sie nehmen?
459 1730 2907 1956 Julia: Das überlassen Sie mir. Is frage Sie nur, ob
879 1934 1946 2132 Sie entschlossen sind.
481 2059 1022 2278 Vie: Wozu?
471 2159 2920 2397 Julia: Wozu?... Wir sind zur Cour befohlen. Es komt
903 2360 2311 2552 keine solche Gelegenheit mehr.
499 2536 1962 2713 Vic: Keine solche Gelegenheit?
502 2755 1186 2910 Julia: Henri!
502 2789 2658 3035 Vie: Ich finde, die Gelegenheit ist verfrüht.
502 3047 1420 3187 Julia: Sie finden?
523 3129 2886 3327 Vie: Soll ich Ihnen sagen, wie die Sache ablaufen
946 3269 2932 3467 wird? Man wird mir in den Arm fallen im Au-
943 3443 2987 3634 genblick, da ich die Hand erhebe, wird mich
952 3546 2862 3792 gefangen setzen und wird mir den Kopf ab-
952 3844 1274 3975 hauen.
