3416 4104
2520 443 2651 585 90
714 599 2955 772 Kammerfr: Der Vicomte sieht immer prächtig aus.
716 733 2840 970 Julia: Das ist sehr natürlich. Er stammt aus
1146 898 2952 1076 einem uralten Geschlecht. Aber wie fan¬
1148 1034 2969 1226 dest du den Andern, den Unverschämten?
1232 1196 2294 1394 Er sah recht wild aus.
730 1249 1168 1413 Kammerfr:
1115 1369 3030 1550 Wahrhaftig - sehr wild - ritterlich wild!
730 1447 1043 1603 Julia:
1171 1519 2821 1709 Ich habe einen ähnlichen Kopf schon
1171 1709 2631 1859 einmal gesehen - wo war es nur?
1266 1798 2877 1996 Ich weiss wol. Auf dem letzten Hof-
755 1862 1187 2038 Kammerfr:
1179 2010 2007 2197 ball, der Oberst
1129 2132 3024 2322 Ei was! auf dem Hofball! So nahe ist das
769 2199 1070 2353 Julia:
1185 2266 2846 2467 nicht zu suchen.- O, ich hab's! Das
1190 2447 3027 2612 Marmorbildnis im Garten unseres Vetters
1207 2573 2955 2776 in Prag. Esestellt einen griechischen
1207 2776 2484 2941 Helden dar oder einen Gott.
1302 2938 2470 3072 Apollo - Herkules - Mars
783 2919 1226 3130 Kammerfr:
1174 3072 2879 3267 Antinus,- ja, der war's! dem sah er
797 3119 1112 3306 Julia:
1274 3194 2983 3415 ähnlich! Er hatte einen Blick... und
1232 3392 3063 3546 die Art, wie er an den Degen griff...er
1229 3526 3066 3710 muss es verstehen, die Waffe zu führen.
