3400 4152
2620 446 2753 571 73
808 579 2902 795 :Einiges über das Einrücken der Franzosen in
763 763 2602 909 Baiern. Der Bote von früher: Alle ab:
771 877 2910 1095 Medardus: Mutter! Mutter! hier ist dein Kind
1201 1074 2963 1244 begraben und Anderes drittagt in dein
446 1148 997 1310 foi de tein.
1257 1222 2939 1393 Ohr!Ueble Nachrichten - Krieg - tau¬
284 1276 1084 1440 Es wenn was gesetzet.
1212 1395 2958 1528 send Gefallene - das Vaterland in Ge¬
306 1414 981 1573 Biliot zu Heirah
1217 1520 3008 1685 fahr und Schand' - was geht's mich an!
306 1547 1039 1695 de - di komt ibi
343 1666 797 1799 noch werts!
1230 1658 2945 1850 Wie alles versunken ist, sinnlos wor¬
311 1749 967 1911 sast du lutte.
1225 1839 2921 2020 den nur ein Bild vor meinen Augen:
316 1892 933 2030 Secties... à 1 bas.
1238 1988 3083 2171 Agathe mit triefendem Haar, mit starrem
292 1969 965 2137 mich in die Stück
287 2083 978 2230 unter eine schreibe
1238 2158 2910 2304 Blick. Und warum? waru? Weil sie
290 2291 957 2445 Larine bleckt de
1262 2299 2899 2461 euch zu gering war für euern Sohn!
322 2418 670 2533 Resté.
1257 2450 2979 2615 Wohl euch, dass ihr fort seid! Fluch
345 2514 1047 2663 me - : - te han
1252 2607 3064 2764 über euch! Schande über euck! ich will
303 2668 654 2798 est bleu
1276 2751 2958 2934 es über euch bringen! Das erste Mal,
1270 2913 3091 3061 dass ich mich meiner Jugend freue. Sie-
1284 3045 3136 3242 ben Tage geb' ich mir Zeit, - und sollt
1289 3216 3064 3383 ich wie ein Dieb durch's Fenster stei¬
1294 3396 3120 3577 gen und Schlaftrunk und Dolch bedürfen.
1289 3556 3093 3739 Aber wahrlich, ich bin toll! Ich weiss
