3368 4120
2845 410 2973 510 94
805 573 2553 749 Julia, Kammerfräulein, Vicomte kommt.
816 740 1725 916 Julia: Er ist tot?
1254 858 2994 1064 Ein Anderer, der die Ehre hatte, den
828 946 1215 1083 Viconte:
1241 1013 2996 1206 gleichen Stich in die linke Seite von
1243 1173 3007 1359 mir zu erhalten, hat zehn Minuten dar-
2585 1273 2820 1368 net
1259 1322 3056 1521 auf nicht mehr geatmet. Ich hatte dies-
1261 1505 2903 1663 mal nicht Zeit, so lange zu warten.
1350 1623 3014 1829 Sagt' ich's nicht? - Aber sehen Sie
849 1704 1280 1857 Kammerfr:
1271 1778 2984 1983 doch, Comtesse, auch der Vicomte hat
1278 1927 3014 2131 eine Wunde! Sie bluten, Herr Vicomte!
1285 2163 1820 2303 Ihr Arm...
1322 2205 2991 2453 Es ist nicht viel, lassen Sie doch.
876 2342 1261 2488 Vicomte:
1259 2407 3007 2599 Trug man ihn fort? Liess man ihn dort
890 2497 1185 2623 Julia:
1301 2537 2966 2755 liegen? Ist nicht ein Arzt bei ihm?
1312 2764 2228 2898 Wohin trug man ihn?
1370 2882 3014 3058 Verzeihen Sie, Comtesse, es lag für
909 2956 1282 3096 Vicomte:
1326 3028 2996 3209 mich kein Anlass vor, mich darum zu
1324 3172 3142 3388 kümmern. Ich wollte Ihnen so rasch als
1336 3309 3163 3504 möglich Kunde bringen. Obzwar die Nach-
1345 3455 3211 3657 richt, die sich auf mich bezieht, älngst
1361 3640 3005 3863 nicht mehr die interessanteste ist.
