3368 4152
2518 361 2657 552 69
714 555 2919 757 Der alte Graf:.:geht auf die andere Seite hin¬
1095 785 1844 899 iiber. Bewegung:
777 896 2845 1070 Vorher etwa die Reue der Gräfin anzudeuten:
740 1010 2839 1203 Der Graf: Es geziemt sich, Madame, dass ich
1152 1206 2982 1346 mich Ihnen vorstelle. Ich bin der Graf
743 1388 2074 1542 Frau Berger: Ich kenne Sie.
751 1459 2851 1696 Der Graf: Madame Berger, ich beklage das un-
1175 1650 3030 1809 glückselige Schicksal der beiden Kinder.
1178 1826 2896 1997 Nicht nur das meines Sohns, auch das
1198 2023 1858 2148 Ihrer Tochter.
765 2117 2336 2293 Frau Berger: Sie beklagen es -?
1238 2319 1548 2455 Ruhig.
782 2341 1184 2467 Thomas:
1292 2467 2083 2609 :steht starr da:
782 2478 1215 2646 Medardus:
1283 2575 2839 2782 Misverstehen Sie mich nicht: ich
785 2671 1229 2794 Der Graf:
1218 2765 2947 2962 beklage, was geschehen,- aber ich be¬
1226 2947 1801 3081 reue nichts.
802 3050 2902 3255 Frau Berger: Wenn es so ist, Herr Graf, hab'
1240 3198 3087 3366 ich Ihnen nichts zu erwidern. Dass Gott
1249 3380 2839 3553 Ihnen verzeihe, wünsch' ich nicht.
822 3457 3110 3701 Der Graf:.:verbeugt sich und geht wieder auf die
1255 3730 1889 3886 andere Seite:
