3448 4152
2724 443 2913 553 112
773 548 3043 711 Julia: Du hast eine Leiche gesehen, und das hat
1307 700 1476 796 him
2066 692 2258 790 brach
1205 748 2430 903 dir den Verstand genommen.
773 909 3009 1050 Kammerfr: Ich bin wol äusser mir, aber ich bin
1216 1036 2244 1191 vollkommen vernünftig.
782 1188 2944 1355 Julia: So erzähl' doch endlich. Ob du vernünf
1205 1358 2721 1504 tig bist, werde ich entscheiden.
1293 1535 2975 1629 Wie ich schon sagte: er liegt toten
782 1521 1208 1654 Kammerfr:
1200 1660 3012 1801 blass auf dem Divan, Ich sah seine Mut
1211 1801 3074 1948 ter und andere Leute, die bei ihm waren,
1284 1970 2523 2108 lauter besorgte Gesichter
2504 2024 2766 2162 Buser
1157 2137 2995 2286 Willst du mir von der Familie erzählen?
785 2145 1087 2283 Julia:
1273 2286 2958 2433 Sie liessen mich mit ihm allein und
782 2298 1225 2439 Kammerfr:
1202 2433 2679 2583 da bestellte ich ihm den Gruss,
1154 2574 2933 2741 Einen Gruss -? Ich sagte ja, dass du
793 2597 1087 2741 Julia:
1211 2749 1696 2924 toll bist!
1296 2868 2933 3048 Nicht doch, es war kein Gruss. Ich
787 2893 1214 3045 Kammerfr:
1211 3054 2938 3204 fragte eben in Ihrem Namen, Comtesse.
1205 3189 2885 3347 Dann schien er lebhafter, wohler zu
1216 3373 3014 3531 werden. Er erhob sich ein wenig, seine
1197 3514 2916 3675 Augen glänzten und er dankte.. nein,
1205 3700 3085 3847 nein, er dankte nicht - das ist es eben:
