3400 4088
2430 417 2588 635 133
1114 612 2937 740 chen Nacht verschwand... Vielleicht ist
910 610 1016 734 G.C.F.P.
1103 750 2918 910 das Ganze eine dumme XI Liebesgeschich-
1116 883 2907 1032 te. Er wirft sich weg. Es sähe ihm ähn-
1121 1057 2852 1213 lich. Leichtfertig ist er seit seinen
1107 1178 2840 1341 Knabenjahren. Einesvergisst er über's
1110 1332 2953 1529 Andere. Alles füllt ihn ganz aus, nicht
1116 1490 2840 1696 führt er zu Ende. Sein Studium gab er
1110 1662 2921 1825 hin für's Militär, dann die Vaterlands-
1121 1804 2854 1969 begeisterung fort, weil die Schwester
1121 1956 2863 2123 starb oder dem Racheplan zuliebe. Und
1130 2153 2921 2329 jetzt alles das vergessen für ein Frau
1121 2315 1563 2451 enz immer!
1132 2414 2875 2572 Warum fühl' ich alles zugleich, warum
1132 2593 2868 2758 blutet mein Herz, wenn ich denke, was
1192 2730 2891 2895 unserm armen Oesterreich jetzt droht?
1194 2905 2772 3060 Ihr Oesterreich hat's nicht um Sie
722 2884 1103 3086 Thomas:
1146 3088 1582 3230 verdient.
1153 3193 2795 3377 Ich frage nicht danach. I: Ihr Mann
711 3164 1061 3386 Frau B;
1139 3342 2907 3526 hätte die Oberstenstelle bekommen kön-
1144 3498 2966 3686 nen, ein Adeliger wurde ihm vorgezogen.
