3416 4168
2536 397 2661 586 77
729 617 2971 801 Julia: Was weiter? es laufen mehr Kinder herum,
1151 757 2957 972 die ihren Vater nicht kennen und sind
1151 922 2994 1117 mehr Weiber allein ins Wasser gegangen.
1458 1033 2675 1139 ohne den Liebhebée uitriebue.
743 1111 2170 1299 Kammerfr: Er hat sie geliebt.
1938 1243 2402 1335 La id v.
743 1268 1899 1458 Julia: Das ist es eben.
2245 1301 2393 1424 in.
754 1377 2985 1600 Kammerfr: Gnädigstes Fräulein, die Gefühle ste-
2376 1477 2561 1597 G.C.F.P.
1170 1541 2460 1689 hen nicht in unserer Macht.
1310 1667 2460 1770 de di recht ue dar u redi.
1137 1717 2834 1893 Das mag sein - aber in unserer Macht
762 1689 1044 1868 Julia:
1176 1865 2954 2064 stehen die Taten. Doch nun ist es vor¬
1181 1988 2946 2209 bei. Still! weine nicht. Ich will ein
1195 2175 2985 2326 stummes Gebet verrichten.“ : Sie kniet
1184 2287 2966 2524 nieder, steht auf; dann nimmt sie Blu¬
1192 2471 2857 2689 men und legt sie auf's Grab:
1206 2639 2667 2823 wohl, lieber, törichter Bruder!
1293 2776 2851 2991 :der sich bisher verborgen hielt:
774 2840 1215 2954 Medardus:
1206 2946 3030 3144 Nehmen Sie diese Blumen fort, Comtesse,
1268 3077 2924 3295 Sie vergessen, dass hier nicht Ihr
1209 3231 2779 3449 Bruder allein liegt.
1187 3412 3052 3597 nach einem verachtungsvollen Blick wen-
799 3443 1106 3647 Julia:
1220 3577 1810 3798 det sich ab:
1315 3692 3052 3912 Nehmen Sie die Blumen fort, Comtesse,
807 3781 1240 3921 Medardus:
