3464 4168
2354 359 2498 523 82
1164 594 1667 724 zinger Au.
746 698 2284 910 Med: Ich werde zur Stelle sein.
777 885 2106 1080 Vicomte: Kommen Sie, Julia.
772 989 3047 1207 Julia: Töten Sie ihn, und ich bin in drei Tagen
1215 1179 1704 1379 Ihre Frau.
1114 1303 2931 1521 :allein: Es ist ein anderer Weg, als
749 1393 1012 1535 Med:
1224 1478 2934 1653 ich gehen wollte,- aber er führt ans
1232 1676 1959 1817 gleiche Ziel.
1224 1710 3064 1973 Nellei et Kont  er getet erst auf den Ciefels
1003 1908 2626 2142 sich durch die Verführen der Todte zu rechte
