3352 4136
2584 338 2767 484 119
711 502 2436 624 Kammerfr: Wo soll er sich verbergen?
708 602 2249 774 Julia: Führe ihn in dein Zimmer.
711 737 2508 898 Kammerfr: In me ins?
972 830 2571 970 (huit même halblode best de Augst.
716 914 2777 1110 Julia: Nun, in meines also. Und indes suche
1128 1068 2024 1260 nach dem Schlüssel
1192 1239 2051 1408 Wie kann ich denn
708 1274 1136 1406 Kammerfr:
1078 1401 2756 1554 Zieh' deine Schuhe aus und Strümpfe,
719 1432 1009 1575 Julia:
1128 1522 2957 1662 schürze dein Kleid - verstehst du? - er
1165 1681 2846 1855 muss gefunden werden... vor Sonnen¬
1134 1847 1519 2008 aufgang.
795 2230 2923 2370 :Vielleicht erfährt man in dieser Szene schon
772 2368 2878 2611 irgendwie von der Absicht Medardus' Julia zu
780 2569 1194 2711 verraten:
996 2709 1950 2875 We just. a
1007 2801 2674 3010 he in bevantel da... he is he
1216 3036 2439 3224 Sulei. In keil den Heer.
1118 3160 2399 3335 her to be sent. I can
1089 3348 1221 3467 n
1070 3353 2793 3570 Ist hat es i Hani gesandt... Er als.
1044 3578 2846 3736 I do I am rer not go we had a
