3320 4120
2539 333 2811 536 132
658 589 1250 778 Med: Julie!
667 667 2900 939 Graf: Ist der Mann verrückt, dass er dich immer
1086 889 2116 1092 be im Vornamen anredet?
933 1017 2858 1261 Sage, dass man dich gezwungen hat, Julia,
669 1058 892 1250 Med:
1097 1103 2697 1397 sag' es doch! Sage, dass diese Ehe
1097 1367 1683 1553 nichts gilt!
1158 1514 1411 1689 Kerl!
700 1533 1080 1703 Vicomte:
1075 1605 2922 1844 Lassen Sie doch, Sie hören ja, dass die-
711 1689 997 1850 Julia:
1128 1708 2866 2025 ser Mensch offenbar durch den Schmerz
1128 1869 2894 2175 über den Tod seiner Schwester den Ver-
1150 2122 2041 2314 stand verloren hat.
1014 2225 2986 2447 Julia, nein! du hast Angst vor diesen hier!
728 2289 936 2480 Med:
1150 2330 2983 2628 Ich schütze dich, sie werden dir nichts
1164 2583 2378 2716 anhaben. Folge mir gleich!
1072 2686 2991 2919 Warum lässt man diesen Tollen hier weiter
758 2741 1000 2966 Graf:
1172 2852 2883 3086 reden? Wo bin ich? giebt es hier ein
1172 3052 1708 3219 Schauspiel?
775 3116 2914 3375 Med: Nein, Herr Graf, nichts weniger als das.
1242 3264 2980 3475 - So sprich doch das Wort, das zu spre-
1219 3441 2864 3627 chen ist, Julia! Lass' es doch mich
1208 3619 2961 3839 nicht sagen - ich schäme mich ja. Ich
1230 3833 2211 3966 darf's ja doch nicht.
