3400 4136
2394 441 2577 632 109
1192 629 3039 801 lässt Sie - - Ah, ich glaube, sie tötet
1199 831 2200 971 Sie mit eigener Hand.
780 934 2813 1109 Med: Wir wollen es darauf ankommen lassen.
780 1160 2431 1271 Kammerfr: Die Tore sind versperrt.
786 1279 2911 1420 Med: Der Garten hat eine Mauer, und ich kann
1202 1462 1645 1576 klettern.
778 1592 2205 1730 Kammerfr: Man wird Sie sehen.
780 1749 2293 1905 Med: So giebt es ein Pförtchen.
786 1879 2537 2070 Kammerfr: Es ist immer verschlossen.
791 2054 2930 2221 Med: Heute Abend wird es offen sein. - Gehen
1226 2221 3004 2330 Sie, jehen Sie rasch, gehen Sie leise!
809 2370 1513 2526 Kammerfr: ab:
815 2473 2927 2680 Med: erhebt sich schwer: Dass nur Niemand
1226 2664 2813 2813 kommt! Ich will mich gleich davon¬
1226 2784 2943 2954 schleichen, sonst hab' ich keine Mög¬
1226 2946 3044 3094 lichkeit mehr zu fliehen. Die Wunde?...
1237 3131 2869 3251 Wenn ich auf der Strasse hinstürze,
1247 3275 3025 3431 verblute,- nun, so ist’s eben zu Ende.
1231 3437 3070 3585 Aber diese Gelegenheit kommt nicht wie-
1245 3567 3097 3723 der! Alles schien verloren - nun gewinn
1231 3702 3145 3904 ich mein Spiel auf einem andern Blatt. (ab
