3368 4104
2482 442 2606 636 85
672 611 1587 802 Der Graf und Julia:
672 793 2935 1024 Der Graf: Du warst auf dem Grdeedeines Bruders?
684 948 1230 1145 Julia: Ja.
678 1075 2940 1308 Der Graf: Bist du gefasst, um über ernste Dinge
1092 1283 1708 1429 zu sprechen?
689 1441 2749 1601 Julia: Es verlangt mich nach nichts Anderm.
1190 1581 2949 1747 Mein Kind, wir sind allein; ich weiss
689 1595 1126 1804 Der Graf:
1103 1728 2907 1866 man hält mich für einen Narren, es mag
1114 1868 2904 2043 sein, dass die Leute Recht haben; aber
1120 2020 2985 2203 gewiss weiss ich, dass ich heute siebzig
1123 2198 2870 2372 bin und mein Leben einer grossen Idee
1131 2352 1798 2504 gewidmet habe.
754 2485 2977 2707 :Seine Abstammung, seine Aspirationen auf einen
709 2693 965 2836 Tron:
1120 2780 2848 3005 Nun ist derjenige dahin, von dem ich
1134 2985 2983 3185 hoffte, dass er meine Pläne zur Tat wan-
1131 3109 2985 3267 deln würde.... noch immer hoffte, so we¬
1137 3256 2845 3441 nig Anlass mir Wesen und Führung des
1134 3407 2929 3618 Hingeschiedenen gab. Du weisst, Julie,
1151 3593 2746 3754 in unsern Adern rollt das Blut der
