3416 4136
2567 367 2743 528 106
1212 534 2823 762 fürchte sehr, dass ich toll werde.
1259 713 1709 901 :Er geht:
528 818 3002 1037 hält Der Freund: Ich will bei dir bleiben. Ich habe
1228 1021 2770 1203 oft Krankenwärterdienste gemacht.
796 1132 2915 1364 Med: Wozu? Du hast ja gehört: ich bedarf nur
1219 1323 1666 1499 der Ruhe.
805 1481 3063 1620 Frau B: Was für ein Arzt war das? Er war völlig
1225 1632 1663 1777 verrückt.
802 1762 2502 1940 Der Freund: Nein, das ist er nicht.
1228 1934 2918 2064 Du fühlst dich wirklich wohler? Soll
799 1934 1154 2116 Frau B:
1231 2119 2949 2286 ich nicht nach einem andern Arzt sen¬
1222 2271 1435 2379 den.
796 2345 2992 2536 Med: Wozu? Ich bin so wohl, dass ich gern ein
1228 2514 2320 2702 Blas Wein haben möchte.
793 2656 2943 2909 Anna: Ich will es holen, ich weiss ja, wo es
1215 2875 1910 3011 zu finden ist.
1228 2996 3048 3171 Was für unbegreifliche Dinge gehen vor!
805 3039 1148 3171 Frau B:
1219 3187 2928 3347 Die Welt liegt in einem bösen Traum.
1234 3326 2551 3538 Was ist geschehen, Medardus?
1268 3492 2502 3671 Lassen Sie ihn doch jetzt.
805 3526 1197 3646 Thomas:
796 3616 2881 3872 Frau B: Ich habe sonst in den Seelen meiner
