3432 4168
2694 463 2829 615 79
1116 578 2990 805 des Grafen... nicht die Gewohnheit hat,
1121 782 2953 972 mit jedem hergelaufenen Burschen zu re¬
1121 975 1331 1164 den.
710 1044 2840 1305 Med: Sagen Sie Ihrem Fräulein, dass der her¬
1136 1320 2809 1449 gelaufene Bursch in einer Stunde im
1136 1455 2941 1604 Palast des Grafen fragen wird, wer für
1141 1596 2984 1751 die Keckheiten seiner Tochter einzuste-
1653 1690 3108 1863 Sie hat er das in Roislegau
1141 1803 1616 1935 hen hat.
1690 1840 2202 1978 an Vetter...
1113 1941 3048 2073 Sag' ihm, dass man ihn mit Hunden von dem
733 1972 1035 2102 Julia:
1159 2093 2021 2220 Tor wegjagen wird.
739 2220 3050 2386 Med: So werd' ich vor dem Tore warten, bis Seine
1182 2421 2079 2550 Gnaden hervortritt.
1136 2441 3053 2697 Sie werden für den Grafen das selbe sein,
756 2521 1052 2720 Julia:
1184 2616 3045 2840 wie für alle Leute unseres Standes; ein
1173 2780 3022 2978 Bursch, den man keines Blickes würdigt.
753 2956 3002 3165 Med: Der Graf wird sich unwillkürlich nach mir
1187 3116 2875 3318 umwenden miissen, wenn er eine Hunds-
1196 3269 2438 3479 peitsche im Gesicht spürt.
1147 3444 2967 3631 Man wird dafür sorgen, Sie unschädlich
779 3508 1081 3660 Julia:
1205 3602 3004 3784 zu machen. Oesterreich hat Gefängnisse
1210 3832 1504 3965 genug.
