3320 4120
2463 411 2635 546 101
754 600 2897 712 Ein Bote kommt, vielleicht jetzt erst Thomann.
754 754 2936 946 ### Der Bote: Nun, ich bitte um Entschuldigung,
425 833 768 1056 Etrilt...
1182 895 2891 1036 haben Sie keine Angst - es wird so ge
1179 1081 2131 1191 fährlich nicht sein.
766 1239 1855 1346 Anna: Um Gotteswillen!
743 1391 2593 1498 „Frau Berger: Was giebt's, was giebte' s?
763 1534 3026 1644 Der Bote: Dass er nämlich nicht tot ist, ist so
1188 1655 2961 1790 gut wie sicher,- nur ausnehmend blass.
766 1869 2919 1942 Frau Berger: Wo ist er? was ist geschehen?...
1185 1968 2953 2162 Hat er sich selbst -? Wo ist er denn?
1270 2125 2922 2266 Man bringt ihn. O, kein Selbstmord
771 2117 1202 2289 Der Bote:
1188 2263 3020 2401 keineswegs! Am ehesten könnte man's mit
270 2260 386 2508 G.P.
346 2460 473 2657 défaut
1205 2463 2415 2629 “Unglücksfall“ bezeichnen.
211 2474 346 2640 déciter
