3432 4152
2369 389 2551 527 104
1139 576 2923 745 Nun aber, Herr Doktor, sollen wir ihn
750 623 1109 772 Frau B:
1177 780 2485 893 nicht doch ins Bett bringen?
756 899 2973 1075 Arzt: Nun ja, freilich, es giebt wol ein vakan-
1188 1075 2912 1202 tes in diesem Hause. Ich habe gehört
1183 1224 2920 1354 ein trauriger Fall!... Ich meinte nur
1183 1393 3011 1539 so. Denken Sie doch, Frau Berger, heute
1180 1547 3022 1679 Früh starb auch mein einziges Kind. Ab###
1186 1654 2995 1803 was hilft’s,- die Pflicht, diePflicht!
1180 1878 3000 1983 Daher finde ich: er liege, wo er liegt.
1183 2021 2923 2132 Jsceat ubi jacet. Haha! es klingt wie
1197 2156 2937 2275 ein Sprichwort, indess, ich erfand es
1186 2311 2741 2429 soeben, (:Er versinkt in Sinnen:
769 2493 2926 2598 Anna: Sie werden wol etwas aufschreiben, Herr
1186 2653 1541 2758 Doktor.
772 2782 2840 2920 Arzt: Quod scribendum scribam. Ein Papier -
1208 2956 2962 3069 vortrefflich! - ein Tintenzeug - kost-
1202 3088 2906 3196 bar! - eine Feder - o herrlich! Dies
1194 3243 2951 3342 hier, ein schmerzlinderndes, blutstil-
1205 3397 2871 3516 lendes - man nehme fünfzehn Tropfen
1202 3549 3050 3656 auf Zucker, dreimal vor dem Einschlafen
1211 3717 3058 3885 Ja, wenn man immer wüsste, wann man ein¬
