3400 4152
2752 421 2924 567 103
1169 581 2978 754 Dinge stehen, kann ich wol sagen... was
1180 756 2893 886 sag' ich sagen!... kann ich die Hand
1185 929 2851 1132 ins Feuer legen: mit Ruhe, Ruhe und
1183 1058 3020 1216 nochmals Ruhe ist die Sache in ein paar
1191 1233 1674 1380 Tagen gut.
754 1400 1868 1550 Med: Ist es auch wahr?
759 1544 2989 1682 Arzt: Ob es auch wahr ist?.. Er fragt mich, ob
1183 1716 2015 1843 es auch wahr ist!
768 1857 2944 2015 Der Bote: Nun ich sagte ja, Sie sollten nicht
1191 2012 1775 2154 erschrecken.
776 2131 2656 2317 Frau B: Medardus! Warum?... mit wem?...
773 2275 2975 2439 Der Freund: Frau Berger, fragen Sie ihn nicht.
773 2422 3017 2616 Frau B: Es kann doch nicht so eine dumme Schlä¬
1200 2642 2981 2797 gerei gewesen sein wie sonst manchmal.
773 2755 2918 2941 Med: Lass gut sein, Mutter, ich will dir zu
1211 2902 2495 3082 seiner Zeit alles erzählen.
776 3045 3020 3235 Frau B: Anna - Aennchen! - Ah, Sie sind so gut
1202 3206 2580 3387 gerade wollt' ich Sie bitten.
787 3384 3054 3537 Med:  : trinkt das Wasser, das ihm Anna gebracht:
785 3534 2501 3723 Arzt: I:sitzt mit dem Knopfstock da:
