3400 4136
2484 499 2660 620 102
734 575 2875 790 Medardus: tötenblass, von einem Arzt beglei-
745 770 2949 943 tet und von einem Freund: 1. (der später aufel
2306 830 3093 1017 1/2 P.D.
787 991 2371 1116 :Bestürzung; Bewegung. Begrüssung:
224 972 595 1156 Es der Worte
736 1153 2793 1289 Frau Berger: Was ist das um Himmelswillen?
742 1300 2917 1430 Arzt: Gott sei Dank, so viel nicht, als es im
1150 1430 2934 1598 Anfang aussah. Ein Stich etwas Blut¬
1175 1598 1555 1767 verlust.
745 1765 2529 1875 Med: setzt sich auf einen Lehnstuhl:
1173 1889 2739 2039 Guten Abend, Frau Berger. Sieh da,
748 1943 1079 2079 Freund:
1161 2017 3017 2181 Fräulein Anna! Es ist eine bewegte Zeit.
1175 2226 2436 2351 In mein Bett, in me in Bett!
748 2139 1085 2348 Frau B:
748 2357 3022 2476 Med: Ei wozu? Hier das Sophia, auf dem ich sonst
1175 2529 3005 2654 immer schlafe, ist wol gut genug. :Er
1178 2702 2340 2830 wird aufs Sopha gebettet:
1161 2776 2592 2940 Herr Doktor, wo ist die Wunde?
748 2787 1091 2960 Frau B:
756 2934 2977 3107 Arzt: Nah am Herzen, schauderhaft nah. Ja, das
1178 3138 3014 3260 ist wahr,- so nah, dass eine etwas grös¬
1190 3240 2929 3405 sere Nähe nicht mehr Hähe sondern das
1181 3424 2858 3586 Herz selber, somit Tod gewesen wäre.
1173 3606 2838 3750 Und wir glaubten es wahrhaftig, wir
1178 3764 3025 3883 Alle, die dabei waren. Aber wie nun die
