3416 4136
2470 530 2644 660 105
1130 681 2956 840 schläft! Man besorge es in der Apotheke
1127 813 2831 963 zur heiligen Dreifaltigkeit... Warum
1134 989 2780 1130 eben dort, meine Herrschaften? Weil
1134 1132 2841 1301 dieser Apotheker mir zu Weihnachten
1130 1269 2996 1442 zwölf Flaschen roten Wein geschickt hat.
1213 1449 2956 1616 Ja. nun der Puls ist gut. Man liege
1144 1597 2797 1750 still, man liege still.. Jaceat ubi
1160 1748 2829 1880 jacet - so entstehen Weltweisheiten.
1190 1933 2884 2044 :Der Frau Berger ins Ohr: Soll ich
602 1903 1023 2109 P. Beise Gott
674 2077 984 2213 helfe in
1195 2070 2882 2176 Ihnen etwas sagen?.. Es giebt keinen
1458 2158 2574 2252 il hab iciée du knécéfels - abe
676 2183 926 2310 exiter
1160 2222 2836 2364 Gott seit heute Früh weiss ich es.
1222 2391 2841 2491 Sie können von Glück sagen, junger
1151 2533 2982 2662 Herr. Ein Zöllchen höher, und übermorgen
1153 2709 2810 2834 giebt's wieder ein Begräbnis. - Ich
1153 2827 3005 2993 empfehle mich! Ich sehe wieder her. Ich
1148 2986 2815 3141 habe garnichts Anderes zu tun. Wenn
1155 3158 2993 3304 Sie wünschen, bleib' ich auch die ganze
1160 3271 2931 3429 Nacht hier... es war nämlich mein ein-
1158 3445 2905 3616 ziges Kind. Was hab' ich noch zuhause
1151 3579 2732 3799 zu tun? Ach, meine Verehrten, ich
