3432 4088
2497 427 2724 618 134
886 583 2861 774 :Neue Nachrichten, etwas von Berthier, der
837 717 2779 927 Brief, der an Maximilian geschickt wurde:
848 1009 2918 1255 Medardus, der Freund. I:Wahrsche inlich Jude:
851 1190 3044 1354 Der Freund: Nun, wie weit bist du? Ich erwarte
1272 1373 1906 1529 mit jedem Tag
851 1512 2631 1671 Med: Höre nur, ich muss Geduld haben!
853 1677 2494 1835 Freund: Hast du sie wiedergesehen?
856 1797 2544 1964 Med: Nicht wieder seit jener Nacht.
1310 1945 2981 2144 :Er ist vielleicht schon wieder Sol-
1277 2131 3044 2278 dat, der akademischen Legion beigetre-
1288 2308 1493 2462 ten:
1294 2396 3058 2587 Ich ging auf und ab, aber es war keine
1283 2576 3058 2730 Möglichkeit, hinüberzukommen. Der Gar-
610 2713 1195 2896 Au der hove
1299 2738 2984 2913 ten ist bewacht, wel aus Angst wegen
522 2844 1214 3022 sponere takore
1285 2918 2896 3058 der Franzosen Nähe. Aber ich weiss
588 2973 1042 3140 civial.
1310 3074 2954 3205 ich fühl’s, sie sehnt sich nach mir.
1299 3203 2379 3389 Was gedenkst du zu tun?
864 3236 1217 3394 Freund:
878 3342 3044 3525 Med: Ich warte. Was immer geschieht, für mich
1302 3525 2379 3700 steht alles aufs Beste.
