3371 4632
2437 718 2611 852 153
825 907 1286 1109 gerettet.
455 1060 2022 1280 Med: Es war nicht meine Absicht.
461 1185 2773 1432 Marschall: Immerhin - Sie waren ein Werkzeug der
892 1316 2782 1560 Vorsehung, Seine Majestät haben sich die
904 1438 2886 1738 Sache erzählen lassen. Man weiss, dass Sie
910 1646 2925 1887 suivate Gründe hatten, der Comtesse zu zür-
916 1793 2892 2058 nen,- aber man weiss auch, dass die Vicom-
944 1964 2898 2171 tesse mit der Ansicht nach Schönbrunnfuhr,
944 2168 1902 2354 den Kaiser zu töten.
1130 2333 1637 2489 Erstaunen.
534 2425 2855 2635 Marschall: Briefe, die der Arzt fand, als er sie
980 2516 2919 2797 untersuchte, beweisen es zur Genüge. Mein
1747 2709 1878 2803 - in
974 2712 3097 2932 Herr. Sie sind frei und Seine Majestät wünsch
947 2864 3078 3069 Sie kennen zu lernen, um Ihnen Zu danken, und
464 2871 861 3048 Er vll das
388 3014 608 3151 Richt
992 3005 3078 3237 Sie zu fragen, welche Gnade Sie sich von ihm
1008 3243 1496 3417 ausbitten.
1005 3417 1457 3576 Medardus!
589 3423 944 3585 Mutter:
605 3439 3063 3732 Med: Ich nehme meine Freiheit an, denn dass ich die-
1035 3646 3081 3903 ses Weib umgebracht habe, war gut. Aber ich
1044 3790 3002 4052 weiss nicht, ob ich die Freiheit lange be-
