3368 4136
2378 410 2562 544 123
731 547 2970 720 Med: Durchaus nicht.- Sieh, kennst du das hier?
726 751 2841 888 Freund: Wer kennt es nicht? Das gräflich...
1192 910 1823 1050 sche Schloss.
1197 1041 2992 1164 - Und dies hier ist ein verschwiegenes
726 1061 1161 1225 Med: Ja.
1156 1183 2959 1345 Pförtchen. Willst du wissen, woher ich
572 1234 1094 1371 hui de ses uts
382 1329 1077 1555 as well as dort
1150 1337 2867 1507 komme? Aus diesem Garten und aus dem
455 1457 935 1694 de Welt
1164 1513 2618 1669 Schlafgemach der jungen Gräfin.
1156 1633 2777 1812 Es steht bös mit ihm. Es ist das
740 1697 1075 1837 Freund:
1167 1781 2900 1951 Wundfieber. - Mein Lieber, Armer, was
1167 1946 2906 2113 hast du alles durchmachen müssen seit
1170 2110 2892 2266 wenigen Tagen! Lässt’s dich nicht ru¬
1164 2280 2867 2428 hen, dass du dem Vicomte nicht übler
1170 2456 2886 2579 mitgespielt? Komm zu dir, es ist nun
1181 2571 3017 2727 einmal geschehen. Deine Schwester steht
1181 2727 2200 2900 doch nicht wieder auf.
807 2911 2922 3059 :Dieser Freund hat vielleicht seine Schwester
770 3079 1664 3227 im Stillen geliebt:
759 3182 2889 3344 Med: Unmögliches wollt' ich nicht. Sieh mich
1183 3341 2928 3475 an: ich habe kein Fieber, Noch einmal
1192 3472 2995 3645 schwör' ich dir: aus der jungen Gräfin
1195 3657 2903 3832 Gemach komm' ich, Und heut Nacht ist
