3384 4152
2554 371 2705 556 71
698 559 2552 715 :Die Särge werden in die Gruft gesenkt:
655 689 2850 866 Eine Frau: Haben Sie schon so was erlebt? Von
1089 889 2885 1005 denen, die's am nächsten angeht, weint
1077 1017 2444 1211 Keiner. Viele schluchzen:
657 1202 2757 1344 Die Gräfin: Es zerreisst mir die Brust! Ich
1080 1361 2948 1497 möchte schreien; aber vor diesen Leuten
278 1523 727 1660 pas un se
1083 1483 1946 1689 erstickt's in mir.
226 1619 912 1767 renseren geschlecht.
1167 1683 2859 1839 Es wird die Zeit kommen, wo wir ihn
669 1654 1101 1833 Der Graf:
185 1758 872 1926 Du Graf Fursterei.
1098 1845 2604 1998 in die Familiengruft übertragen.
678 1952 2007 2137 Gräfin Gieb mir die Hand.
704 2088 2691 2276 :Die Särge sind unten, ScholUen aufs Grab:
672 2271 2905 2502 Die-Gräfin: schreit auf und wirft sich nieder
666 2439 2007 2615 Eine Frau: Jetzt weint sie!
666 2624 1865 2757 Andere: Jetzt weint sie!
686 2766 2236 2899 Wieder Andere: Zu spät! zu sp ät!
678 2847 2708 3038 Jemand: Hätten sie sich's früher überlegt.
672 3029 2656 3200 Eine Frau: Das weckt die Toten nicht auf.
681 3177 2187 3400 Der Graf: Steh’ auf, steh' auf!
2841 3322 2937 3397 me
672 3348 1773 3539 Die Gräfin: Mein Sohn!
675 3473 3006 3684 Frau Berger: ƒ:zu Thomann:    Warum sind sie nicht
1101 3664 2482 3858 einfach fort - auf und davon?
2485 3835 2583 3916 Le
