3355 4632
1377 759 2402 1001 Eur Verdunistalou
2494 768 2739 955 151
1613 900 2830 1154 Le très est verleflet, julie
438 979 1273 1215 Die Mutter kommt,
1912 1089 2408 1267 rouble.
441 1154 1092 1356 Med: Mutter!
857 1215 2754 1460 Was geht hier vor? Man kam mir mit der
450 1374 820 1512 Mutter:
884 1405 2809 1646 grössten Höflichkeit entgegen. Warum hast
894 1570 2430 1772 du das getan?
765 1726 2818 1958 Was ist dein Sohn für ein Mensch! Weisst du,
468 1766 688 1971 Med:
857 1903 2830 2084 warum ich in dem Schlosshof von Schönbrunn
909 2023 2852 2231 stand? Um Bonaparte zu töten und mich end-
921 2170 2797 2378 lich zu entsähnen durch eine grosse Tat.
927 2368 1545 2561 Me ine Ahnung!
499 2424 842 2567 Mutter:
502 2448 2965 2736 Med: Aber da kam sie, und alle meine Vorsätze waren
933 2619 2968 2849 hin. Ich redete mir ein, dass ich nur einen
939 2806 2987 2996 Blick von ihr brauchte, um zu meiner Tat fä-
979 2959 2980 3164 häg zu werden. Und sie verhöhnte mich und
970 3042 3029 3302 trieb mich fort. Da fiel mir ein, was aus mir
964 3265 2947 3467 geworden. Unsere Agathe tot durch sie, und
955 3397 2818 3614 mein Schwur, dass ich sie rächen werde
1040 3562 2879 3782 und wie's mir gelang, sie zu verführen
994 3690 2965 3926 und wie ich des Morgens aus dem Hause ging
998 3859 2665 4110 und aus Liebe zu ihr alles vergass
