3384 4136
2424 535 2606 663 115
711 688 2533 862 Die Gräfin: ist dabei, teilnahmslos:
750 873 2866 996 :Verschiedene Leute, die Nachrichten bringen:
719 1024 2648 1136 Jemand: Er ist auf dem Marsch nach Wien.
711 1145 2813 1293 Ein Anderer: Aber die Tiroler haben sich be-
1122 1329 2927 1427 freit, haben achttausend mit ihren Ge¬
1089 1483 2740 1587 neralen mit Geschütz und Gepäck auf
1136 1623 2133 1763 freiem Feld gefangen.
728 1769 2978 1906 Irgendwer: Das will jetzt nichts mehr bedeuten.
728 1934 2958 2054 Graf: Es ist anzunehmen, dass Napoleon in vier-
1128 2079 2656 2217 zehn Tagen vor Wien stehen wird.
770 2287 2455 2441 Sevolleux.. Verwült, Asseles
994 2435 1447 2569 dam -
1058 2566 1637 2754 Gedoguire
812 2782 1268 2955 Geher wir.
1002 2841 3093 3087 I do will not be in all present that
932 3023 1870 3235 Ia hre direct. dort 1
1998 3006 2877 3227 uf de Königin
1086 3199 1324 3322 Rein
828 3199 2785 3398 Renault. Le bleik his in Holm
921 3400 2690 3582 [illegible] hier! - & f. coute
910 3515 2172 3748 begleiche sie nach Paris.
