3371 4648
2331 784 2515 984 154
878 965 2941 1139 wahren werde, denn es geziemt sich, dass ich
915 1086 2835 1295 die Gnade Seiner Majestät mit einem frei-
915 1248 2241 1394 mitigen Geständnis erwidere.
504 1401 2624 1581 Mutter: Stille, Medardus! Was willst du tun?
504 1562 2624 1787 Med: Mutter, wolltest du, dass ich schweige?
510 1765 1289 1889 Mutter: Sprich!
529 1839 2985 2039 Med: Meine Absicht, als ich im Schlossh f von Schön-
940 1980 2920 2225 brunn stand, war es, Ihren Herrn zu töten.
261 2001 635 2225 geldert
433 2101 918 2281 will-to
526 2169 2216 2341 Marschall: Wie? Ich verstehe nicht.
529 2306 3032 2515 Med: Sie verstehen nicht? Ich habe die heilige Beich
965 2493 2979 2717 te darauf genommen. Man lese den Brief, der
971 2652 3000 2814 in me inem Pulte ist.) Ich wollte Napoleon um
971 2801 2951 3025 bringen. Sie begreifen, dass es mir ein we-
436 2733 825 2910 Eswand
423 2926 644 3103 2ab
980 2932 3025 3169 nig lächerlich vorkommt, als sein Lebensret-
993 3147 1647 3318 ter zu gelten.
563 3265 2985 3514 Marschal: Sie sind geistreich, Sie wollen mich ver-
2082 3442 2487 3601 will it.
996 3461 1376 3595 blüffen.
579 3551 2935 3738 Med: Nein, ich erkläre Ihnen, dass die Vicomtesse
993 3710 2972 3856 die Retterin Ihres Kaisers war. Wäre x sie
993 3810 3041 4090 mir nicht in den Weg gekommen, so hätte ich
1012 4043 1643 4224 ihn ermordet.
