3384 4104
2545 365 2674 506 86
1163 465 2926 682 schottischen Könige; die Beweise sind
1165 680 2878 855 in unsern Händen. Durch Jahrhunderte
1172 790 3023 996 sank unser Geschlecht nieder, erst dein
1181 950 3037 1158 Urgrossvater begann, es wieder zu Ehren
1174 1084 2905 1313 zu bringen. Dein Grossvater focht im
1188 1253 2970 1461 siebenjährigen Kriege auf österreichi-
1197 1472 2958 1606 scher Seite und kühner als die Andern
1204 1618 2924 1773 alle. Bald muss sich unser Los erfül-
1202 1706 2958 1914 len, nur müssen wir dem Schicksal die
1206 1865 2988 2122 Hand entgegenstrecken.) Ich hatte Gros¬
1223 2011 2933 2235 ses mit deinem Bruder vor. Es sollte
1232 2184 2894 2374 nicht gelingen, Nun bist du da. Der
1234 2388 2975 2552 Vicomte hat um deine Hand angehalten;
1250 2508 3058 2697 er stammt aus dem Geschlecht des hinge-
1250 2679 3005 2864 richteten Ludwig. Ich sehe weiter als
1250 2847 3060 3035 Andere; seine Chancen stehen günstiger
1264 2993 3046 3162 als je. Zwei Fälle sind möglich: Napo-
513 3067 904 3224 est un
1283 3127 3065 3337 Leon rückt als Sieger vor Wien oder er
499 3201 929 3331 Frenkery
455 3287 929 3428 in Rechts
1280 3300 2977 3478 wird geschlagen. Wird er gesenlagen,
1292 3407 3141 3707 dann hat der Vicomte nach Frankreich zu
1322 3631 3109 3825 eilen und sich die Krone aufs Haupt zu
