3384 4104
2246 365 2525 652 X131
635 675 2879 922 In dem Trubel, in der Eile in der Verwirrung ist
633 888 2246 1119 Medardus von vorn hereingedrungen.
658 1088 1566 1226 Graf: Wer ist das?
658 1172 2735 1406 Vicomte: Was wollen Sie? Sind Sie nicht der
644 1316 2910 1535 Med: Nicht zu den Andern hab' ich zu reden, nur
1077 1521 2218 1670 zu dieser hier. - Julia!
669 1676 1771 1875 Julia: Was wollen Sie?
658 1881 1257 2018 Med: Julia!
661 1931 2184 2196 Einer: Ein Verrückter offenbar,
675 2122 2145 2331 Anderer: Man werfe ihn hinaus!
683 2212 2898 2488 Dritter: Man müsste doch hören, was er von uns
1108 2446 1507 2617 wiinscht.
703 2561 2443 2778 Graf: Wer ist es? was geht hier vor?
1085 2690 2893 2904 Ich kenn' ihn - gewiss. Er ist der Bru-
706 2769 1015 2974 Jul ia:
1124 2834 2918 3109 der des jungen Mädchens, das mit Franz
1130 3084 1442 3236 starb
1189 3157 2941 3388 Was wollen Sie hier? Ich habe Ihnen
725 3258 1105 3438 Vicomte:
1150 3306 2918 3559 bereits die Ehre erwisen, mich mit Ih-
1155 3455 2910 3691 nen zu schlagen. Was wünschen Sie von
1155 3731 1380 3902 mir?
