3400 4120
2725 445 2847 614 91
1299 619 2891 766 Ich höre, dass die jungen Bürgers-
774 647 1216 804 Kammerfr:
1216 777 2952 920 söhne beim italienischen Fechtmeister
1199 915 2031 1089 Lektionen nehmen.
1164 1028 2869 1216 Lektionen - darauf kommt’s nicht an.
810 1050 1086 1260 Julia:
1216 1197 2551 1393 Aber Kraft, Gewandtheit, Mut
1307 1349 2988 1542 Aber der Vicomte führt die berühmte-
810 1371 1241 1578 Kammerfr:
1230 1517 2465 1694 ste Klinge von Frankreich.
807 1680 3024 1860 Julia: Gott sei Dank! - Aber auch die berühmte
1233 1832 2700 2026 sten Klingen versagen manchmal.
813 1993 2612 2172 Kammerfr: Wer muss an Solches denken?
821 2150 2708 2382 Julia: Man muss nicht, aber man könnte.
835 2308 3057 2479 Kammerfr: Nein, ich denke nicht daran. Ein sol-
1249 2438 3076 2628 cher Bursch und der Viconte -! Ein lä-
1260 2590 2949 2805 cherlicher Handel. Der Ausgang liegt
1255 2761 3001 2957 klar zutage. Dieser freche junge Herr
1263 2885 2971 3142 sieht in diesem Augenblick die Sonne
1266 3068 1788 3245 nicht mehr.
1219 3245 3037 3444 Du sprichst mir zu gefallen,- ich sehe,
848 3236 1144 3444 Julia;
1266 3369 2985 3543 Mädchen, mir zu gefallen. XX Aber es
1282 3518 2957 3737 kann auch anders kommen; wir wollen
1285 3662 3129 3891 nicht zu früh frohlocken - es kann auch
