4339 4519
2131 1073 2908 1237 BERLIN-CHARLOTTENBUR
2307 1196 2793 1340 Beriner Straße 166
2388 1279 2831 1443 20. Februar 19.
1202 1437 2356 1716 Ueber und verehrter Herr Schnitzler,
1372 1536 3278 1732 unter den Worten, mit denen man mich überrascht und erfreut
903 1649 3487 1867 hat, waren die Ihren mir eine besondere, eine ganz besondere Freude. Lassen Sie
906 1803 1793 1928 mich Ihnen herzlich danken!
1395 1787 3230 2044 Auch ich hoffe, Ihnen noch einmal wieder die "and drüchen
938 1964 1234 2131 zu aurfen.
1276 2015 2301 2217 undverbleibe in alter Gesinnung.
2333 2066 3191 2224 Ihr Ihnen freundschaftlich
2346 2208 2712 2333 ergebener
2597 2208 3448 2484 John Treusy Mackay
