5352 3912
1772 470 1933 613 34
1068 608 2308 755 Es mählich selber stumm und müde ward.
1085 719 2475 825 So dämmr' ich hin; — als aus des Gartens Stille
1080 789 2488 919 Verfänglich Rauschen an mein Ohr sich drängt.
1085 880 2482 989 An Busch und Zweigen streift ein Mantel hin —
1099 970 2386 1063 Und unter Flügelschritten knirscht der Kies.
1074 1038 2510 1136 Da schreck' ich auf. Wer kann es sein als du —?
1082 1142 2495 1250 Zum Fenster hin. Ein Leuchten fällt ins Dunkel
1761 1223 1910 1314 (leise)
1087 1300 2505 1410 Von meinem Leib. — Und fahl im Lichte steht
1085 1384 2488 1491 Ein Mann in meinem Blick, der du nicht bist.
1087 1467 2456 1555 Ich — und mir ist, als löscht' ich so mich aus —
1080 1538 2308 1665 Enteile rückwärts in der Wände Schatten,
1072 1625 1408 1714 Er aber —
1134 1703 1789 1816 ANDREA: Casanova?
1129 1787 1410 1884 ANINA:
1831 1795 2131 1893 Casanova.
1132 1869 2590 1986 ANDREA: Den du in deines Leibes fahlem Glanz
1066 1944 1348 2042 Erkannt?
1129 2018 2429 2133 ANINA: Er war’s. Und eh die Lippen mir
1063 2099 2284 2206 Zu einem Schrei sich auftun, hat er über
1068 2201 2588 2327 Die Brüstung ins Gemach sich frech geschwungen,
1063 2273 2190 2373 Ist mir so nah, daß über meine Lider
1066 2346 2261 2450 Sein Atem weht, daß seiner Pulse Beben
1068 2433 2488 2537 Den meinen sich gesellt; — in seinem Hauch —
1066 2508 2571 2637 Der kühl und heiß zugleich — kein Kuß, viel eher
1051 2607 2441 2714 Ein Flüstern ohne Wort, ein Flehn, ei Bann -
1057 2673 2437 2788 Doch endlich, ach, von meinem Mund ersehnt;
1063 2761 2412 2854 Zum Kusse wird — löst all mein Sein sich auf,
1049 2843 2325 2952 Und auf den Traumeswellen dieser Stunde,
1080 2918 2369 3024 Vergangner nicht, zukünft'ger nicht bewußt,
1066 3003 2333 3139 Treibt es, wie von sich selbst befreit, dahin.
1725 3088 1942 3220 (Pause.)
3781 555 3979 719 35
3077 644 4258 821 Als ich erwachte in des Morgens Graun
3082 785 4294 891 War ich allein und lag mit offnen Augen
3077 849 4379 959 Und wußte wohl: was diese Nacht geschah.
3082 927 4385 1051 Nicht andern nur, mir selbst, Andrea, wär’ es
3077 1012 4492 1119 Vor wenig Stunden noch wie schwerste Schuld
3082 1097 4490 1193 Und nicht nur wider dich als Schuld erschienen.
3073 1174 4451 1312 Und doch — war meine Seele leicht und froh.
3052 1248 4468 1372 Dies aber ließ mich staunen mehr als schauern.
3067 1338 4285 1442 So ganz in dir beschlossen gestern abend,
3052 1414 4253 1527 Daß der Gedanke nur, ein andrer Mann
3052 1502 4181 1636 Berührte meine Hand unlautern Sinns
3060 1578 4396 1710 Mit Ekel mich erfüllt, — und morgens drauf
3052 1674 4253 1776 Aus eines Fremden wildester Umarmung
3062 1763 4266 1861 So reulos wie aus Kinderschlaf erwacht?!
3062 1821 4379 1933 Unfaßbar gestern noch — und heut erlebt?!
3052 1899 4270 2033 Und fühle mich die gleiche, die ich war,
3046 1995 4094 2103 So unverwandelt und so vnverwirrt
3046 2069 4247 2201 Und deiner Zärtlichkeit so wert, Andrea,
3035 2148 4428 2284 Als müßte, was ich grausam dir an Schmerzen,
3043 2240 4285 2363 Was du an Zorn mir vielfach wiedergibst,
3041 2324 4211 2437 Vor dem geheimnislosen Wort verwehn,
3048 2393 4438 2539 Das dir bekennt, was man verschweigen konnte.
3099 2478 3860 2597 ANDREA (Geste des Hobns).
3090 2550 4568 2684 ANINA: Wie leicht ist Lüge, da sie doch willkommen.
3041 2641 4283 2746 Vergib, daß ich zu bieten sie verschmäht.
3088 2739 4570 2856 ANDREA: Nun hört’ ich dich. Und wieder frag ich
3043 2801 3835 2912 Warum verweilst du noch?
3101 2882 3394 2986 ANINA:
3854 2884 4490 3026 Weil nichts geschah.
3105 2961 4098 3094 ANDREA: Hohn zum Beschluß?
3101 3037 3384 3143 ANINA:
3896 3054 4568 3180 Nur dir gehör' ich an.
3101 3122 4035 3269 ANDREA: Doch warst du sein
