5304 3896
3605 316 3904 480 — 39 —
1653 390 1880 531 38
2983 473 4195 590 Besuch, indes sie nicht daheim, erwidere.
980 520 2279 630 Das, glaub' mir, fühl' ich tiefer noch als du.
2977 556 4293 666 Es kommt ein Augenblick, vielleicht, in dem
999 601 2252 719 Doch darfst du darum die gewesnen nicht,
2975 643 4269 745 Ihr meine Gegenwart nicht missen könntet.
980 681 2370 811 Die ew’gen Stunden unseres Glückes schmähn.
2983 722 4363 847 Getrost, ich lausche nicht, doch bleib' ich nah.
993 755 2268 887 Sie sind auch mein, ich wahre meinen Teil,
2977 794 4320 927 Und was sein Kommen auch bedeute, merke:
1008 828 2279 965 Und wär' es auch vor dir, so wie dein Bild.
2977 868 4322 983 Kein Bräutigam, nicht meiner Ehre Anwalt —
999 912 2285 1031 Du aber geh, und nimm dein Gold mit dir.
2971 961 4354 1089 Du bist ein fremder Mann für mich — wie er.
1053 968 2521 1131 ANDREA: Ich rühr's nicht an, dein ist es und nicht
2977 1053 4149 1167 Vergäßest du's, ich täte, was dich reut.
2290 1093 2510 1207 anders,
2971 1116 4490 1254 (Ab ins Zimmer links. Es klopft nochmals. Andrea stebt eine Weile
991 1120 2167 1307 Als hätt' er deine Gunst damit bezahlt.
3321 1207 4136 1354 unbeweglich, dann öffnet er rasch.)
1452 1239 2058 1381 (Er will geben, es klopft)
1052 1316 1710 1449 ANDREA: Wer ist's?
1070 1401 1850 1534 TITO (öffnet, stebt in der Tür).
1065 1509 2510 1643 ANDREA: Du Bursche — (schließt den Sekretär rasch).
1961 1572 2517 1679 Herr Andrea Bassi?
1065 1594 1282 1689 TITO:
1059 1634 2525 1808 ANDREA: Du weißt, ich heiße so. An mich ein
2245 1727 2504 1833 Auftrag?
1059 1780 2515 1940 TITO: Herr Casanova wünscht den Herrn zu sprechen.
1070 1906 1950 2041 ANDREA: Mich — Casanova?
1829 1940 2523 2088 Ja. Er wartet draußen.
1070 1990 1297 2099 TITO:
1065 2027 2515 2215 ANDREA: Mich? Du verstandest gut — Herrn Bassi
2186 2133 2525 2268 — Bursche?
1070 2188 2130 2358 TITO: Herrn Bassi, doch — allein.
2009 2300 2529 2440 Er möge kommen.
1069 2311 1418 2417 ANDREA:
1070 2392 1400 2500 TITO (ab).
1065 2425 1802 2597 ANDREA (sperrt rechts ab).
1076 2553 1396 2657 Was soll’s?
1076 2600 2529 2739 ANINA: Ich weiß es nicht. Jedoch, was immer —
1017 2708 2224 2810 Bedenke wohl, daß zwischen mir und dir
1010 2788 2457 2886 Das Band zerrissen ist. Weh, wenn du's wagtest,
1004 2884 2438 2992 Dich zu gebärden, als bestünd’ es noch. (Es klopft.)
1004 2969 2321 3104 Entschuld'gen wird Flaminia, wenn ich ihren
3705 2971 4028 3105 G.H.F.P.
3599 3058 4076 3183 Vous ne même
