2696 3944
953 435 1171 526 — 17
342 577 1770 646 Auch einmal schon bewohnt. Ja, ich erkenn' es.
345 639 1810 740 Drei Tage nur. Im Herbst. Wir mußten heizen.
345 716 1536 829 O, Kälte hass ich. Denken Sie, ich sah
342 805 1792 909 Den ersten Schnee als sechzehnjähriges Mädchen.
349 893 1613 988 Denn in Palermo schneit es nie. Bei Ihnen
345 984 723 1067 In Mantua -
398 1061 692 1143 ANINA:
789 1065 1114 1143 Ferrara
1123 1123 1717 1235 Kommt’s wohl vor?
396 1141 807 1224 FLAMINIA:
345 1213 1735 1315 Ja, ihr im Norden seid beinah' schon Deutsche.
919 1313 1282 1392 (Beim Fenster.)
332 1393 990 1483 Ein wunderbarer Tag.
393 1468 676 1547 ANINA:
993 1466 1527 1547 Zu schön beinah'
340 1563 1216 1629 Ob kein Gewitter kommt —?
1235 1633 1788 1728 Da fing das Pharo
402 1634 796 1709 FLAMINIA:
336 1706 1742 1797 Gleich nach der Tafel an. Gut für Herrn Bassi,
342 1793 1733 1890 Wenn er so glücklich spielt wie gestern abend.
396 1890 1220 1960 ANINA: Sie nahmen teil?
393 1965 825 2040 FLAMINIA:
1172 1945 1866 2076 Nein, Santis sagt' es mir.
393 2038 1207 2155 ANINA: Auch er gewann?
396 2117 802 2210 FLAMINIA:
970 2115 1872 2224 Man zwingt das Schicksal nicht.
340 2206 1744 2305 So gab er’s auf, kaum, daß das Spiel begonnen.
336 2277 1781 2378 Auch liebt er’s nicht, wenn wer am Tische sitzt,
332 2367 1739 2478 Der schuldig bleibt, und wenn der böse Zahler
327 2458 1350 2551 Zu allem Unglück Casanova heißt.
393 2538 1353 2635 ANINA: Ich glaubt’ ihn reich?
393 2617 804 2707 FLAMINIA:
1103 2613 1870 2738 Reich, der? An Worten, ja,
332 2690 1647 2807 An Lügen. Glauben Sie vielleicht die Fabel,
331 2781 1563 2893 Die er uns aufgetischt von seiner Flucht
332 2860 1554 2980 Aus dem Gefängnis, drein der Hohe Rat
345 2942 1558 3059 Venedigs ihn aus guten Gründen sperrte
332 3013 1795 3167 Dies Bohren, Sägen, Rutschen, Klettern, Schwimmen,
413 3110 851 3264 Die Schwestern.
