5304 3848
1602 402 1783 521 32 —
2152 453 2417 607 G.C.F.P.
915 525 2031 663 In solches Treiben tiefer einzublicken,
913 617 2060 759 Als der gewohnten Tage Lauf gewährt.
907 676 2156 838 Auch ging es leidlich aus. Sieh her. So viel
1416 774 1946 895 (öffnet den Schrank)
922 842 2196 982 Gewann ich. Gold genug, um noch ein Jahr
934 924 2275 1059 Und länger vornehm durch die Welt zu reisen.
913 1011 2338 1176 Doch wollen wir, ich schwör’s dir zu, uns künftig,
928 1091 2154 1232 Ob uns nun Deichsel oder Speiche bricht,
939 1185 2069 1305 Vor so bedenklicher Gesellschaft hüten.
915 1276 2171 1381 So ich wie du. Und jeglicher Versuchung
922 1333 2165 1458 Mit einer kühnen Wendung zu entgehen;
922 1433 2159 1556 Die Stätte drohender Wirrnis und Gefahr,
922 1502 2096 1623 Sie sei von dieser Stunde an gemieden
934 1577 2083 1700 Und mit der Eilpost fahren wir davon.
932 1681 1495 1806 March' dich bereit.
1512 1712 2448 1846 Ich bin’s. Doch zweifl' ich fast,
993 1766 1458 1889 ANINA:
934 1835 1965 1964 Ob unsere Wege miteinander gehn.
1003 1910 2452 2025 ANDREA: Was soll’s, Anina? Wenn ich deinen
934 1990 2453 2096 Den allzu bösen, dir so leicht verzieh, [Scherz,
951 2079 2365 2188 Was kommt dich an, mir weiter noch zu zürnen,
939 2136 2269 2267 Daß eine Nacht — die erste und die letzte —
951 2219 2317 2342 Ich dein vergaß mit Trunk- und Spielgenossen.
955 2317 2315 2428 Nicht mit Flaminia, die — du sahst es wohl —
957 2392 2219 2496 Vor dir aus der Gesellschaft sich entfernte.
1016 2476 2459 2586 ANINA: Willst du so gern mich mißverstehn, Andrea,
949 2540 2357 2661 Und magst an Groll, an Rache lieber glauben,
968 2640 2382 2742 Wovon mein Herz nichts weiß, als hinzunehmen,
972 2724 2181 2842 Womit so oft dein unfroh schwerer Sinn
980 2799 2177 2901 Umdunkelt unser junges Glück, und was
1011 2865 2386 2978 — O, faß es endlich, was ich selbst nicht fasse —
993 2970 2156 3084 Was Wirklichkeit geworden heute nacht.
3700 398 3925 513 33 —
3084 503 3794 632 ANDREA: Sprich’s aus.
3716 580 4204 720 Noch einmal — p
3084 611 3376 715 ANINA:
4160 671 4471 790 Casanova?
3084 694 3414 793 ANDREA:
3091 774 3378 874 ANINA:
3078 830 4542 947 ANDREA (zuerst starr, dann ziebt er den Degen; auf sie xu).
3091 922 4542 1055 ANINA: Stoß zu! Wär' ich auf solches Ende nicht
3030 1028 4311 1120 Gefaßt gewesen, hätt' ich denn gesprochen?
3097 1082 4565 1191 ADNREA: Er hat am Leben dichbedroht! Den Mund
3018 1180 4386 1270 Mit einem Knebel dir gestopft! — Er mengte
3013 1256 4188 1370 Bei Tisch ein Elixier dir in den Wein!
3024 1335 4425 1427 Du hast es nicht gemerkt. Dergleichen Künste
3013 1418 4548 1527 Sind ihm vertraut. — Kein Zaubrer — doch ein
4286 1497 4544 1600 Schurke.
3030 1577 4536 1677 Wer weiß es nicht —? Zu fliehn riet ihm dein Brief —
3013 1664 4538 1764 Er kann nicht weit sein. — O, mein Degen, glaubst du,
3030 1752 4306 1837 Der in Bologna sich mit edleren kreuzte —?!
3013 1835 4553 1933 Ihn schänd' ich nicht. (Er steckt den Degen ein.) Auf die
4077 1906 4542 2013 Galeeren soll er
3024 1960 4079 2098 Als ein Verbrecher — der er ist —!
4140 2054 4434 2186 Vielleicht.
3084 2071 3389 2183 ANINA:
3024 2156 4377 2263 Doch kommt es mir nicht zu, ihn anzuklagen.
3610 2234 3975 2369 (Große Pause.)
3082 2288 3600 2442 ANDREA (rubig):
3024 2384 4267 2519 Mitschuldig also — und du bist noch da?
3084 2476 4553 2586 ANINA: Ob wir uns trennen müssen, steht bei dir.
3043 2561 4553 2663 Verschweigen will ich nichts. Doch willst du hören?
3084 2649 4298 2755 ANDREA (nickt stumm, sinkt auf einen Stubl).
3091 2713 4542 2849 ANINA: Ich war allein. Es rückte Stund’ um Stunde,
3024 2807 4330 2924 Vergeblich harrt' ich, ohne Schlummer, dein.
3036 2884 4311 3007 Hinaus ins Dunkel lauschte hang mein Herz,
3030 2968 4261 3109 Bis angerührt vom Schweigen ringsumber
3109 3087 3545 3207 Die Schwestern
4492 3091 4974 3266 3. SEP. 1918
4721 3199 4959 3397 PZIG
4027 3241 4231 3404 die
3706 3353 4544 3501 Schnitzler, Drei Schwest
3132 3362 3522 3508 8. Fischer
3347 3458 4404 3629 Spamersche Buchdruckerei in Leipz
