5304 3880
1500 361 1791 474 — 42 —
1626 464 1814 629 Von
948 485 1267 614 ANDREA:
1860 547 2185 717 Von mir.
944 587 1451 688 CASAN OVA
942 642 1829 757 ANDREA: Sie machen Verse?
1607 700 2223 843 Nicht der Rede wert.
944 742 1376 851 CASAN OVA:
889 791 2181 933 Da plaudr' ich nun, dieweil mir unterm Fuß
891 914 2288 1044 Der Boden brennt. Zur Sache denn, Herr Bassi.
1529 979 1745 1082 (Rasch.)
879 1013 2240 1170 Ich reise ab. Ich muß. Aus trift'gen Gründen,
885 1135 2137 1258 Und zwar sofort. Und mir liegt viel daran,
879 1221 2169 1344 Herrn von Gudar, was ich ihm schuldig bin,
885 1303 2013 1403 Eh ich den Ort verlasse, rückzustatten.
873 1382 2263 1481 Er ist nicht reich. Sie sind's und hatten gestern
885 1456 2213 1569 Viel Glück im Spiel. Und also bitt' ich Sie —
891 1540 2152 1667 Ein Edelmann den andern —, mir zu leihn,
891 1634 2024 1734 Was ich an ihn, was er an Sie verlor —
885 1680 2211 1829 Und was ihm viel, was Ihnen nichts bedeutet.
944 1793 1508 1913 ANDREA (böbnisch):
891 1877 1647 2007 Ihr Ernst, Herr Casanova?
950 1955 1361 2062 CASAN OVA:
1684 1909 2078 2091 Meine Spâße
891 2045 1302 2146 Sind witz'ger.
944 2070 2395 2242 ANDREA (w. o.): Und Sie könnten glauben —
944 2200 1644 2316 CASANOVA: (sachlich) :
2144 2186 2393 2330 Tausend
858 2248 2066 2399 Dukaten rund. Es bleibt ein Überschuß,
873 2351 2060 2458 So wenig Sie auf solchen Bettel anstehn,
885 2441 2087 2538 Von fünfzig, den ich Ihnen bar bezahlte,
891 2513 2097 2645 Den Wechsel, fällig binnen dreißig Tagen,
873 2595 1821 2724 Hab’ ich schon ausgestellt. Hier
1783 2641 2121 2789 „Casanova“
872 2674 1594 2794 (auf die Unterschrift deutend):
891 2758 2179 2869 Mein Namenszug. Ich schwöre, daß er echt,
933 2834 2043 2968 ANDREA: Doch ausgestellt auf wen?
933 2922 1384 3052 CASANOVA:
1816 2880 2391 3071 Auf mich natürlich,
3664 298 3891 484 43 —
2966 417 4503 592 Wem trau' ich sonst? Obzwar — Lausin in Brüssel,
2989 535 4360 684 Auch Herr Raspetti, der Bankier in Mailand —
2983 636 4230 749 Von andern zu geschweigen — löst ihn ein.
2989 701 4503 831 Doch wünscht' ich’s nicht; — mir wär’ es eine Ehre,
2991 774 4098 923 Mit Zinseszins nach abgelaufner Frist
2983 854 4224 986 Persönlich Ihnen meine Schuld zu zahlen.
3062 950 3996 1099 ANDREA (den Wechsel betrachtend):
2995 1061 3607 1185 In dreißig Tagen...
3672 1080 4522 1235 Ja, hier steht's geschrieben,
3058 1130 3482 1246 CASAN OVA:
2997 1187 4415 1319 Doch schließ' ich zeitlichern Termin nicht aus.
3056 1254 4533 1435 ANDREA: Und wie — verzeihn Sie, ich bin nicht
4197 1357 4522 1472 vertraut —.
2997 1449 3673 1575 Mit Geldgeschäften —
3826 1502 4449 1644 Unter Ehrenmännern
3085 1537 3499 1651 CASAN OVA:
3022 1623 3752 1735 Genügte wohl das Wort.
3845 1609 4358 1789 Gewiß, Jedoch —
3069 1705 3406 1808 ANDREA:
3079 1726 4553 1913 CASANOVA: Sie wollen Sicherheit, Das muß ich
4342 1820 4535 1961 loben,
3010 1867 4161 2039 Ich gebe sie und zehnfach für einmal.
3027 1961 4469 2131 Der Wechsel wäre eins. Zum zweiten trag’ ich
3010 2076 4218 2217 Den Namen Casanova. Doch Sie fragen,
3022 2165 4237 2295 Wo nimmt so rasch er die Dukaten her?
3031 2251 4444 2380 Und noch geschwinder, als Sie sich’s erträumen
3033 2286 4572 2454 Vielleicht schon morgen ist das Geld geschafft.
3102 2395 4182 2532 ANDREA: Ihr Freund in Brüssel —)
3826 2433 4566 2597 Herr Lausin — vielleicht.
3102 2511 3519 2618 CASAN OVA:
3052 2557 4587 2703 Wenn nicht schon vorher die Gelegenheit — (lächelnd)
3052 2668 3704 2796 Ich reise mit Gudar —
3826 2680 4394 2840 Den Sie bezahlen.
3121 2760 3459 2861 ANDREA:
3123 2796 4585 2966 GASANOVA: Natürlich, Dies vor allem, Lad ihn
4405 2875 4589 3020 dann
