5208 4104
2928 1078 4430 1202 ANINA (allein. Sie blickt in den Park, schauert leicht un-
2882 1185 4415 1269 sammen. Vom Fenster fort an das Tischchen, beginnt zu schreiben.
2892 1250 4428 1336 Hält inne, überließt, schreibt wieder, rascher. Sie bört Schritte,
2894 1321 4404 1409 verbirgt den Brief in ihrem Busen, tritt ans Fenster.)
2947 1403 4428 1512 GUDAR (verabsebiedeter bolländischer Offizier, wollte draußen
2882 1481 3916 1584 am Fenster vorbeigeben, bleibt stehen, grüßt):
2892 1537 3954 1672 Ein schöner Morgen, gnäd'ge Frau.
3985 1554 4428 1743 Noch Morgen?
2957 1626 3478 1745 ANINA:
2899 1686 3660 1841 Ich denke Mittag schon!
3752 1707 4302 1915 So will’s die Sonne.
2970 1797 3459 1911 GUDAR:
2899 1873 4220 1993 Der aber fragt man hier zu Ort nicht nach,
2905 1961 4253 2070 Herr Bassi auch, ich wette, schlummert noch.
2959 2018 4449 2148 ANINA: Ich glaube nein. Vielmehr— er ging schon
4253 2110 4442 2223 aus —
3329 2123 4012 2232 (da Gudar befremdet scheint)
2924 2127 4220 2320 Nun ja, wie Sie, Herr von Gudar, der doch
2928 2271 4147 2381 Gewiß gleich ihm den Tag herangewacht
2983 2292 4459 2504 GUDAR: Uns Greisen frommt kein Schlaf. Zu tö-
4046 2425 4465 2521 richt wär' es,
2915 2477 4363 2655 Dem Wuchrer Tod, der bald des Daseins Schuld
2915 2573 4277 2735 Im ganzen holt, allnächtlich Vorschuß zahlen.
2978 2701 3498 2808 ANINA (lachelt):
2917 2678 4425 2867 Sie hatten wohl heut‘ nacht kein Glück im Spiel!
2982 2831 4470 2997 GUDAR: Dergleichen stört mir längst die Laune
4268 2903 4463 3029 nicht.
