5208 4040
1406 424 1686 540 — 26 —
2864 440 4389 591 Wie's an so heiterm Ort wohl Brauch, begehn. (Zu Santis)
1632 538 2184 645 Sie sahn uns nicht?
2862 542 4153 666 Daß hierfür vorgesorgt, verrät Ihr Blinzeln.
835 540 1247 666 FLAMINIA:
2873 616 4235 751 Wenn sich die Nacht senkt, werden schleierlos
2068 620 2283 728 Gewiß.
850 643 1179 744 ANDREA:
2875 695 4428 842 Von Busch zu Busch des Waldes Nymphen schweben
790 683 2273 804 Nur hielt ich dies für des Barons Gemach (zu Flaminia)
2875 790 4252 906 Und ihre Gunst an Sterbliche verschwenden —
776 782 2196 908 Da ich nur Sie- und nicht Anina sah — (beiläufig)
2875 877 4198 978 Weh dem, der sie am Morgen wieder kennt —
796 856 2045 982 Der ich den Morgenkuß noch schuldig bin.
2879 949 4355 1069 Und rat' ich recht? — anstatt des grünen Tuchs
1148 953 1952 1065 (Küßt sie flüchtig auf die Stirn.)
2885 1044 4147 1137 Wird uns ein leuchtend weißer Frauenleib —
796 1034 2171 1135 Den freundlichen Besuch heiß' ich willkommen.
2875 1121 4242 1255 Das Los entscheidet welcher Spieltisch sein,
796 1119 2296 1228 (Er küßt Flaminia die Hand und reicht dann seine Hand dem Baron.)
2893 1185 4149 1315 Darauf das Glück in goldnen Wellen rollt —
836 1204 2296 1309 SANTIS: Was bringen Sie von Ihrem Morgengang
2891 1264 4273 1400 Und wer verliert — der sei der Hauptgewinner.
790 1268 2080 1363 Uns mit, Andrea? Ein Sonett? Terzinen? -
2945 1373 4399 1485 SANTIS (Beifall nickend zu Flaminia): Mein Meister,
800 1363 1944 1454 Wie, oder ein System des Weltenbaus?
856 1450 2283 1559 ANDREA: Ob ich's verriete, wenn ich’s auch ent-
3156 1454 3671 1557 sagt' ich's nicht?
3658 1503 4364 1625 Baron, Sie schmeicheln.
1979 1510 2289 1646 deckt —!?
2953 1535 3295 1646 ANDREA:
796 1574 1958 1706 Und wie bekam der Morgenritt, Baron?
3468 1607 3849 1702 (in neuem Ton)
2893 1677 4198 1803 Doch daß man ja die Degen nicht vergesse!
856 1671 1679 1791 SANTIS: Ei, sahn Sie mich?
2899 1746 4320 1874 Und wohlgeschliffne! Denn man weiß zuweilen,
1530 1743 2302 1870 Wie man zuweilen manches
856 1764 1185 1865 ANDREA:
2916 1832 4378 1969 Wie solch ein Fest beginnt, nie; — wie es endet!
807 1830 2047 1950 Just mit dem Weißen seines Augs gewahrt.
790 1917 1998 2027 Doch sann ich keinem Weltenrätsel nach,
2964 1942 3660 2045 FLAMINIA: (zu Sanits):
2906 2006 4157 2130 Was blickt er denn so wild mit einemmal?
807 2020 2124 2097 Nicht einmal einem Vers. Des Gartens Duft,
790 2070 2256 2182 Des Himmels Blau, das Wehn der Frühlingswinde
2964 2099 3481 2223 ANDREA (leicht):
2916 2169 4169 2300 Und dies gilt leider nicht von Festen nur.
800 2172 2111 2283 War mir Gedicht genug; und das Geheimnis
790 2234 2184 2335 Rings um mich her nahm ich in Ehrfurcht hin.
2984 2273 3725 2378 SANTIS: (nach einer Pause):
850 2322 2300 2442 SANTIS: So trifft sich unser. Plan mit Ihrer Laune.
2910 2329 3998 2457 Blieb' es um Ihre Laune so bestellt,
813 2418 2018 2498 Denn eine heitre Fahrt im Frühlingswind
2922 2422 4008 2536 Sie wären ein verdrießlicher Genosse.
790 2488 2004 2581 Durch freie Aun nach einem Wiesenrund,
2916 2507 4149 2622 Doch wird, eh uns die Tafel neu vereint,
2916 2579 4204 2699 Die man im Schatten draußen uns bereitet,
807 2562 2225 2688 Von dunklem Waldlaub wunderbar umschattet;
2922 2641 4457 2804 (Man siebt, wie im Hintergrund auf der Wiese unter den Bäumen
811 2666 2159 2759 Und dort ein kleines Fest mit Tanz und Spiel,
3216 2724 4115 2844 von Kellnern die Tafel gedeckt wird.)
802 2728 2184 2835 So ward bestimmt, soll diesen Tag beschließen.
2928 2796 4200 2926 Die holde Frau, die Ihnen Gott bescherte,
862 2808 2308 2951 ANDREA: Ein Fest —?! Dies ist noch über meine
2093 2887 2300 3019 Laune.
2928 2904 4122 3073 Der Dichterstirne düstre Falten glätten.
802 2945 2062 3121 Doch wollen wir's mit allem Überschwang,
