5160 3880
1397 422 1689 543 — 14 —
776 539 1999 653 Vertraut’- ich einem Ehrenmann so wenig.
770 628 2078 734 Und füg' ich noch hinzu, daß nie ein Weib,
765 711 1947 823 Das er begehrt, ihm seine Huld versagt,
770 794 1788 898 So wissen Sie soviel wie alle Welt.
823 878 2300 971 ANINA: Wahrlich, ich hätte gern Sie jung gekannt.
824 955 1416 1063 GUDAR. Mich —?
824 1036 2258 1138 ANINA: Denn von keinem andern sprachen Sie.
824 1119 2155 1212 GUDAR: Von Casanova nur. Der freilich so
770 1204 1972 1306 Ins Leben sprang wie andre junge Leute
765 1281 2155 1398 Und einstmals, denk' ich, enden wird wie sie —
824 1360 2096 1468 ANINA (läcbelnd): So weise, meinen Sie —?
824 1445 1805 1554 GUDAR: Nein, so geschwätzig! -
1294 1541 1776 1632 (Er grüßt und gebt.)
830 1601 2281 1691 ANINA (eine Weile wie in Gedanken, nimmt ihren Brief wieder
753 1678 2283 1763 bervor, schreibt weiter, faltet den Brief zusammen, tut ihn in einen
759 1739 2288 1830 Umschlag, schreibt die Adresse, ergreift die kleine Glocke, die auf dem
759 1826 2288 1903 Tisch stebt, klingelt nicht, überlegt, öffnet die Tür rechts, späbt vor¬
751 1878 2292 1972 sichtig rechts und links auf den Gang, winkt; ein Kellner, jung, fast
753 1947 1946 2050 noch Knabe, 15 Jahre, Tito, sebr hübsch, tritt ein).
824 2030 1815 2125 TITO: Gnädige Frau? Befehlen?
813 2098 2281 2207 ANINA: Sag' mir — der Herr, der gestern mittag
1791 2182 2281 2306 ankam — (siockt)
799 2250 2283 2352 TITO: Welcher Herr? Es kamen einige Herren an...
788 2342 2269 2454 ANINA (rasch): Herr Casan »va wohnt nicht hier —
1959 2421 2281 2525 bei euch?
788 2487 2275 2612 TITO: Herr Casanova ist im Goldnen Löwen ab-
742 2599 2281 2695 gestiegen. Wir hatten kein Zimmer mehr frei. Davon
730 2676 2275 2760 lebt der Goldne Löwe. Was soll ich Herrn Casanova
742 2749 1439 2870 bestellen, gnädige Frau?
794 2834 1649 2945 ANINA (gibt ihm ein Goldstück):
730 2912 2184 3036 Bestellen... nichts. Bring' diesen Brief zu ihm.
807 2995 1618 3138 TITO: Sofort. (Will geben.)
2897 609 4419 786 ANINA: Noch einen Augenblick, ’s ist eine Wette,
2907 749 4340 876 Verstehst du? Also kommt's drauf an vor allem,
2897 836 4297 957 Daß es geheim bleibt. Drum verbirg den Brief.
2968 896 4413 1023 TITO: O, die gnädige Frau können völlig unbe¬
2891 988 4407 1106 sorgt sein. Und soll ich die Antwort hierher bringen?
2949 1094 4415 1214 ANINA: Nein, keine Antwort. Du entfernst dich
4192 1162 4423 1275 gleich.
2961 1212 4419 1354 TITO: Und wenn Herr Casanova nicht zu Hause
2895 1316 4413 1454 sein sollte, Darf ich den Brief in den Händen seines
2891 1402 3332 1504 Dieners lassen?
2949 1476 4407 1597 ANINA: Du läßt den Brief in jedem Falle dort.
2955 1556 4407 1660 TITO: Nur gebe ich der gnädigen Frau zu bedenken,
2878 1643 4427 1780 daß der Diener vielleicht ein verkleidetes Mädchen ist.
2949 1732 3602 1847 ANINA: Du denkst?
2955 1772 4405 1930 TITO: Ich denke gar nichts. Ich weiß nicht einmal,
2884 1895 4413 2015 ob Herr Casanova mit einem Diener angekommen ist.
2938 1971 3614 2075 ANINA: Nun also?
2949 2042 4401 2181 TITO: Aber es könnte auch irgendwer bei ihm ver¬
2878 2132 3987 2265 steckt sein. Im Schrank — im Bett
2938 2221 4145 2337 ANINA: Und warum vermutest du das?
2938 2290 4405 2435 TITO: Ich vermute gar nichts. Ich gebe der gnädigen
3236 2379 4376 2500 Frau nur alle Möglichkeiten zu bedenken
2936 2442 4390 2597 ANINA: Du bist sehr klug... so kann man di
4101 2539 4378 2656 vertrau’n
3248 2573 4001 2733 (Gibt ihm noch ein Goldstück.)
2912 2674 4413 2830 TITO: Gnädige Frau werden Ihre Wette gewinnen.
2897 2785 4413 2916 Und wenn gnädigé Frau sonst noch etwas wünschen?
2926 2880 3619 2999 ANINA: Nichts mehr.
2943 2968 3708 3078 TITO: Ich meine nur...
2943 3003 4138 3153 ANINA (ungeduldig): Was willst du denn?
2943 3122 4400 3248 T170: Wir haben hier im Hause auch noch andere
