5176 4008
806 523 1946 684 Es ziemt sich kaum im Karnevalsgewirr
825 649 2059 774 Vor Mitternacht das Antlitz frei zu zeigen.
877 724 1620 838 ANINA: (befangen lächelnd):
825 819 1732 961 Und wann kommt Mitternacht?
1755 833 2309 986 Wann’s uns beliebt.
884 886 1171 997 SANTIS:
877 947 2303 1054 ANINA: Es scheint, Sie sind der Philosoph, Baron
884 1029 2311 1182 SANTIS: Bin’s wirklich! Ja, (in neuem Ton) und darum
1891 1110 2315 1247 stets bedacht,
819 1186 2103 1318 Daß niemals leer das Rad der Stunde laufe.
827 1291 2103 1400 Der Tag ist schön, wir wollen ihn genießen.
829 1373 1977 1480 Im Parke wird die Tafel hergerichtet —
827 1427 2013 1551 Schon gab ich Auftrag, zwölf Gedecke —
2101 1476 2309 1637 Zwölf
896 1536 1291 1637 FLAMINIA:
888 1602 1702 1717 SANTIS: Ich lud mir Gäste.
1698 1667 1941 1809 Welche?
896 1713 1171 1799 ANINA:
1797 1744 2328 1872 Herrn und Damen
890 1778 1171 1889 SANTIS:
846 1870 2004 1971 Die mir so hoher Ehre würdig scheinen.
848 1923 2034 2048 So unter andern einen Lord aus England,
835 2004 2046 2114 Der, auf der europä’schen Tour begriffen,
840 2097 1862 2210 In prächtiger Karosse, voll bepackt,
840 2174 2093 2298 Heut morgens eintraf, jung und unbeweibt.
848 2239 2109 2359 Dann eine Witib — kommt aus Amsterdam
865 2330 2193 2445 Von Trauer und holländischen Gulden schwer,
865 2420 1944 2535 Und sehr begierig beides loszuwerden.
932 2506 1591 2617 FLAMINIA (zu Anina):
852 2592 1912 2689 Sie dürfen seiner Nase ruhig trauen,
863 2655 2300 2794 Auf Meilen riecht ei Gold in Schrank und Beutel
926 2724 2340 2833 ANINA: So sollen wir mit Unbekannten speisen?
926 2836 2344 2928 SANTIS: Mit Unbekannten zwar zu Tisch unssetzen,
869 2886 2334 3008 Jedoch, nach wohlbegoßnem Schmaus mit Freunden—
860 2985 1983 3129 Mit neugewonnenen ins Grüne fahren,
3440 353 3682 478 — 25 —
2796 441 3982 602 Wo sich das weitere finden mag. Gudar
2804 586 3946 670 Ist mit von der Partie, auch Casanova,
2817 649 3889 768 Wenn er bis dahin etwa aufgewacht,
2798 732 4154 823 Denn als ich früh im Löwen nach ihm fragte,
2823 814 4229 949 Verschlief er noch sein Mißgeschick von gestern.
2867 886 3929 1018 FLAMINIA: Du sprachst ihn nicht
3616 917 4338 1089 Versperrt war seine Tür.
2867 984 3184 1089 SANTIS:
2810 1010 4187 1161 Ich hoI' ihn später selbst. Er darf nicht fehlen.
2869 1136 4334 1270 FLAMINIA: Natürlich nicht. Das wär’ mir auch
4057 1201 4343 1341 ein Fest,
2817 1245 4101 1402 Wo er sein Bleidachmärchen nicht erzählte.
2863 1368 4338 1497 SANTIS: Das böse Mäulchen! Nun, das erste nicht,
2823 1448 4296 1555 Das er mit Küssen rasch versöhnen könnte. (Gutmütig)
2829 1551 4338 1671 Doch scheint’s, nach deinem just verlangt ihn nicht.
3430 1622 3713 1727 (Zu Anina)
2817 1660 4112 1824 Zum drittenmal im Lauf der Jahre streift er
2817 1784 4106 1902 An ihr vorbei — und diesmal, so wie sonst,
2810 1858 4064 1990 Bleibt der so Leichtentflammte ungerührt.
2869 1895 4343 2095 FLAMINIA: Gib acht, wenn ich ihn einmal rühren
4135 2011 4343 2132 wollte.
2829 2051 4343 2229 Doch denk’ ich nicht daran. Der Narr, der Geck!
2875 2189 3854 2338 SANTIS: (zum Fenster binausdeutend):
2817 2269 3534 2405 Hier kommt Herr Bassi.
3616 2309 3864 2487 Endlich.
2888 2355 3394 2472 ANINA (für sich):
3805 2368 4278 2563 Guten Morgen!
2888 2452 3171 2540 SANTIS:
2899 2475 3789 2668 FLAMINIA: Er grüßte kaum.
3574 2538 4357 2708 Wahrhaftig, er blickt drein,
2869 2609 3184 2710 SANTIS:
2829 2645 3946 2813 Als hätt' er um den gestrigen Gewinn
2829 2731 4362 2878 Sich schwer gemüht — und wär' um ihn betrogen.
2995 2838 4202 2970 Andrea Bassi tritt ein. — Flaminia, Anina, Santis.
2911 2913 3809 3075 ANDREA: O, du empfängst —
