5304 3880
3714 440 3920 571 47 —
3063 550 4531 727 CASANOVA: Nur ungern bin ich meiner Taten
4291 664 4542 775 Herold:
961 649 2406 803 CASANOVA (wie begeistert): Die Farben leuchten
3069 729 4542 876 ANDREA: Davon war gestern abend nichts zu
891 773 2117 906 Wie üpp'ge Blumen in des Südens Pracht
4274 838 4544 939 merken.
885 857 2235 1003 Und bleichen nie. Der reichste Seidenstoff —
3046 914 4539 1022 CASANOVA: Ein Spötter gar? So raten Sie mirselbst;
1403 956 1791 1045 (andrer Ton)
3016 994 4455 1118 Wie widersteht man schöner Fraun Bestürmung?
891 990 2208 1144 Bleibt so selbst in der Wäsche unverwüstlich.
3016 1068 4352 1196 Sie hörten’s. Man entriß mir den Bericht —
944 1116 1896 1203 ANDREA (muß unwillkürlich lachen):
3008 1150 4413 1262 Wie stets. Bequemer wahrlich wär's, man hätte
954 1178 2382 1296 CASANOVA: Führt Sie die Reise nächstens nach Paris
3016 1239 4413 1369 Ein Büchlein gleich bereit, statt jeder Antwort;
891 1260 2203 1394 Soll mein Vertrauensmann, Doktor Retigneuli
2998 1325 4101 1435 Zu angemeßnem Preise zu verkaufen.
891 1352 2098 1454 So sorglich sonst er das Geheimnis hütet,
3010 1407 4299 1529 Und wär' der Einfall früher mir gekommen,
895 1434 2132 1552 Die schönsten Proben Ihrer Gattin weisen:
3016 1475 4460 1597 So wußt' ich doch — blieb ich Gudar auch schuldig
944 1513 2056 1637 ANDREA (macht eine ungeduldige Gebärde).
3010 1559 4156 1702 Zumindest, wie ich meine Zeche zahle
944 1614 2008 1719 CASAN OVA (die Gebärde mißverstebend):
3010 1651 3937 1784 Und Angeld meinem Kutscher.
902 1685 2024 1809 O, zum Verkaufe steht noch keine aus.
3899 1662 4539 1852 Wie —? Auch das —?
3069 1727 3410 1826 ANDREA:
944 1759 1500 1866 ANDREA (spottend):
3010 1797 3667 1940 So steht's mit Ihnen?
872 1807 2024 1951 So daß Sie auch von dieser Seite nicht
3080 1887 3490 2007 CASANOVA:
3756 1831 4377 2005 Für den Augenblick.
878 1900 2191 2037 So bald sich größre Summen hoffen dürften.
3010 1967 4539 2085 Es wär' nicht schlimm, wenn man nicht reisen müßte.
933 1991 2397 2136 CASANQVA: In Bälde kaum. Doch Summen unge¬
3076 2041 4455 2170 ANDREA (nach kurzer Pause wie mit einem Entschluß):
872 2058 1864 2176 So daß man auf Verlegerhonorare
2201 2087 2406 2206 [zählt,
3016 2132 4215 2252 Nun denn, Sie sollen die Dukaten haben.
891 2165 2007 2269 Und all dergleichen kläglichen Gewinn
3010 2212 4341 2311 Die tausend für Gudar und auch die fünfzig
878 2241 2073 2383 Für weitre Lebenszeit verzichten könnte.
3010 2288 4251 2393 Auf die großmütig Sie verzichten wollten,
878 2323 1422 2443 Indessen freilich —
2998 2368 4426 2481 Den „Überschuß“ — für Wirt und Reisewagen.
927 2366 2007 2519 ANDREA: Sie verdienen Geld?
3076 2450 4537 2602 CASANOVA: So und nicht anders hab' ich mir's
933 2471 2397 2599 CASANOVA: Doch leider, wie Sie merken, nicht ge¬
4251 2543 4537 2623 erwartet.
872 2583 2403 2673 Ja, könnt' ich mich entschließen von mir selbst (nug:
3010 2591 4502 2749 Von heut' ab — nehmen Sie’s statt jedes Danks —
878 2648 1991 2781 Dem werten Publiko was zu erzählen;
2998 2692 4322 2838 Lebt Ihnen auf der Welt kein treurer Freund
866 2724 1892 2848 Es gäbe mancherlei. So bietet mir
2979 2791 3421 2892 Als Casanova.
866 2810 2216 2947 Dreitausend Gulden Herr Jan Groth im Haag
3535 2819 4373 2977 Nicht so rasch, mein Herr.
3052 2865 3488 2989 ANDREA:
866 2894 2007 3012 Für eine Schildrung meiner Kerkerhaft
2991 2945 4304 3048 Sie werden dieses Gold nicht früher haben,
872 2972 2121 3090 Und wunderbaren Flucht und Rettung an.
3004 3025 4131 3156 Eh mir auf eine Frage Antwort wird.
908 3050 2376 3177 ANDREA: Dreitausend! Und Sie schlugen aus!
2109 3132 2376 3255 Warum?
3994 3191 4158 3252 le dit de ses
1237 3177 1392 3263 2
