5160 4008
1485 411 1661 536 22 —
857 536 1465 683 ANINA: (erschrocken):
819 657 1216 757 Im Spiel —?
857 693 2316 825 FLAMINIA: (beiläufig): Vielleicht in andern Dingen
2148 776 2324 864 auch.
872 834 2201 974 ANINA: Nie früher rührt' er eine Karte an.
878 959 1578 1078 FLAMINIA: (ungläubig):
812 1046 1363 1163 Ach, gutes Kind —
878 1089 2222 1219 ANINA (immer erregter): Wie hätt’ er in Ferrara,
825 1189 1938 1308 Als eines angeseh'nen Kaufherrn Sohn,
830 1280 1921 1397 Wie in Bologna auf der hohen Schule
814 1350 2103 1468 Dergleichen — Künste jemals lernen sollen!
883 1427 1995 1542 FLAMINIA: Ob dort, ob anderswo!
1910 1495 2335 1601 Sie irren sich!
883 1536 1385 1636 ANINA: (lebbaft):
836 1589 2197 1706 Der Eltern Widerstand — denn ich bin arm —
842 1695 1374 1799 Trieb uns hinaus
889 1733 2348 1863 FLAMINIA: (sie unterbrechend): Nun aber sind Sie
2082 1820 2346 1942 draußen.
825 1914 2161 2046 So fängt es eben an. Aus Flucht wird Reise,
834 1988 1984 2116 Aus notgedrung’ner Reise heitere Fahrt,
829 2084 2346 2203 Leicht wird der Sinn, und in der Frçmde lernt sich,
830 2159 1954 2278 Was uns der Heimat Enge vorenthielt,
825 2229 2237 2367 Meist nur allmählich, — manchmal über Nacht.
842 2342 1344 2446 Sie sind wie alt?
1591 2382 2059 2497 Schon achtzehn.
897 2422 1170 2520 ANINA:
1855 2471 2301 2576 Achtzehn! Ich
900 2497 1302 2607 FLAMINIA:
836 2552 2074 2669 Bin vierundzwanzig. Und zehn Jahre her,
847 2637 2199 2761 Daß ich mit Santis —! Ach, wie war ich jung!
853 2729 2150 2848 Und wenn ich denke, daß mich Santis liebte
846 2799 2340 2918 Und heut’ noch liebt, so könnt’ es seltsam scheinen,
847 2878 2257 2982 Was er mich werden ließ. Doch man gewöhnt’s.
847 2952 2257 3109 Und nichts ist lust'ger, glauben Sie, mein Kind,
3479 359 3713 493 23 –
2839 493 4262 606 Als Herz an Herz geschmuegt einander flüsternd
2829 595 3907 687 Die letzten Abenteuer zu vertrauen.
2833 670 4224 774 Wie lachen wir! Denn ach die Welt ist dumm.
2822 747 3462 861 Zumal die Männer —
2827 817 4337 948 Santis tritt auf. Uber vierzig, groß und stark. — Anina — Flaminia.
3454 917 4219 1021 Meinen Gruß den Damen.
2892 914 3186 1025 SANTIS:
3054 998 4120 1104 (Zu Anina, er küßt ihr ebrerbietig die Hand.)
2816 1057 4037 1187 Sie haben wohlgeschlafen, schönste Frau
2894 1172 3556 1289 ANINA: Vortrefflich.
3473 1257 4332 1365 Und wo triebst du dich umher?
2877 1250 3290 1357 FLAMINIA:
2888 1350 4334 1448 SANTIS: Man bietet mir ein Roß zu günst’gem Kauf.
2805 1425 3969 1523 Ich hab's auf freiem Felde ausprobiert.
2816 1510 4251 1629 Doch glaub' ich, will es einen leichtern Reiter. —
2822 1587 3956 1691 So etwa von Herrn Bassis Wohlgestalt.
2833 1686 4124 1780 Gefällt's ihm, will ich's gern ihm überlassen.
2875 1763 3973 1855 ANINA: Sie sprachen schon mit ihm?
3794 1831 4326 1938 Bisher noch nicht.
2877 1844 3173 1946 SANTIS:
2822 1914 3907 2031 Es fiel mir eben ein, da ich ihn sah.
2877 2016 3800 2112 ANINA (ibre Erregung bemeisternd):
2846 2097 3388 2206 Wo sah'n Sie ihn?
2888 2184 3162 2288 SANTIS:
3460 2169 4224 2274 Im Park, von weitem nur.
2829 2267 4134 2365 Ich ritt vorbei. In dunkler Bäume Schatten
2829 2335 4186 2441 Ruht' er auf einer Bank — und träumte wohl!
2839 2403 4262 2546 Denn nicht einmal des Rosses Hufschlag machte,
2829 2505 4056 2624 Daß er den Blick empor vom Boden hob.
2888 2590 3756 2724 FLAMINIA: Ein Philosoph!
3652 2684 4339 2809 Die Maske steht ihm gut.
2888 2684 3179 2797 SANTIS:
2905 2773 3437 2890 ANINA (befremdet):
2839 2854 3199 2967 Die Maske?
2888 2933 4339 3092 SANTIS: Edle Frau, wer trägt sie nicht?
