5288 3960
1509 612 1755 740 — 30 —
882 712 2380 850 Denn mir entging kein Wort — und ihm verfallen —?
890 828 1695 940 Und ich bin nichts, Anina?
932 914 1235 1000 ANINA:
1701 884 2029 1013 Hör' mich!
936 987 1264 1076 ANDREA:
2042 964 2316 1110 Nichts!
878 1046 2029 1160 Warum dann einen Boten ihm gesandt?
882 1153 2314 1240 Warum nicht selbst — und flogst in seine Arme?
878 1222 2245 1369 Warum noch hier, wie meines Danks gewärtig,
863 1306 2010 1401 Als wärst du nicht unrettbar, ewig mir
878 1378 2053 1496 Verloren schon, selbst wenn du Casanova
858 1471 2119 1563 Nie wiedersähst! Als wäre Sehnsucht nicht
878 1546 2124 1651 Um Tausendfaches schlimmer als Erfüllung;
860 1628 2124 1746 Weil sie fortwühlend in der Seele Gründen
858 1705 2173 1805 Den reinen Lauf ihr bis zur Quelle trübt —!
854 1789 2154 1882 Doch reist er ja nicht ab, denn deinen Brief
849 1869 2033 1973 Hat er als Geck nach seiner Art gelesen
863 1955 2231 2072 Und bleibt in Spaa. Und er hat recht. Du hast
865 2025 1850 2132 Die Wahl. Andrea oder Casanova.
863 2121 2225 2229 Nein, keine Wahl. Denn der, der geht, bin ich.
1319 2203 1886 2313 (Wendet sich zu geben.)
914 2264 1677 2387 ANINA: Er ging vor dir.
908 2355 1242 2451 ANDREA:
1462 2355 2191 2497 Und ließ dich’s wissen? —
914 2428 1182 2535 ANINA:
2178 2451 2344 2540 Nein.
893 2531 2333 2645 ANDREA: Flaminia hat die Kunde dir gebracht?
895 2594 2326 2728 ANINA: Daß er sofort sich aus der Stadt entferne —
841 2687 2091 2807 Ich hab' es mir als Dank von ihm gefordert,
839 2747 1654 2870 Den er nicht weigern kann.
893 2837 1225 2930 ANDREA:
1540 2807 2176 2960 Als Dank —? Wofür —
882 2904 2339 3046 ANINA: Daß ich ihm angehört in dieser Nacht.
888 2999 2341 3122 ANDREA: (starr, dann auf sie zu, bleibt vor ihr steben, sie
813 3075 1643 3189 unbeweglieb. Pause. Er lacht auf):
817 3154 2005 3312 Ein übler Scherz, und steht dir übel an.
3555 490 3751 670 - 31 -
2900 662 4122 780 Flaminia lehrt' ihn dich. Ihr klagtest du
2900 752 4357 865 — Ich weiß —, daß ich mit Eifersucht dich plage,
2887 832 4045 944 So riet sie dir ein Spiel der Rache an,
2900 916 3954 1009 Darin nach läppischer Komödienart
2906 981 4336 1102 So strahlend sich am Schluß des Mädchens Treue
2906 1076 4133 1203 Als albern ihres Liebsten Mißtraun weist.
2906 1160 4206 1263 Doch ist dein Wesen solchen Spielen fremd
2911 1231 4308 1360 — Wie mein Geschmack. Flaminien überlaß es
2911 1320 4077 1430 Und ihresgleichen, mit Gefühlen Spott
2900 1410 4217 1501 Zu treiben, die ein Herz nicht fassen kann,
2900 1488 4217 1587 Dem Liebe ein Geschäft, ein Spaß vielleicht
2915 1561 4176 1673 Im höchsten Falle flücht’ge Lust bedeutet.
2911 1649 4133 1742 Bei Gott, die Galle stieg mir, als ich sie
2930 1731 4034 1837 Und ihren saubern Santis, den Baron,
2924 1807 4206 1925 Freundnachbarlich in unserm Zimmer fand.
2928 1878 4247 1990 Wie durftest du! — Und nicht genug daran,
2924 1984 4176 2070 Daß über unsere Schwelle du sie ließest —
2922 2053 4224 2169 Vertraut mit solchem Paare, ja verschworen!
2909 2126 4181 2236 Denn nur von ihnen ward es ausgeheckt. —
2936 2225 4288 2314 Wahrhaftig, nie hätt’ ich’s mir träumen lassen,
2922 2290 4237 2397 Daß du, kaum erst vom Elternhaus entfernt;
2930 2374 4200 2488 Mit solchen Leuten dich so wohl verstehst.
2982 2451 4457 2579 ANINA: Doch nicht so sehr als du, Andrea, der
2924 2546 4099 2654 Im Reisewagen schon sich mit Flaminia
2924 2615 4206 2715 Vortrefflich unterhielt — wie an der Tafel,
2924 2686 4219 2792 Bei der du Glas auf Glas mit Santis leertest,
2939 2773 4260 2876 Um erst heut früh vom Spiele heimzufinden.
2982 2863 3618 2978 ANDREA (aufatmend);
2924 2932 4336 3064 Das also —?! Einmal und nicht wieder! Doch
2930 3027 3997 3141 Da's unserer Reise Zufall so gefügt,
2949 3107 4032 3236 So nützt' ich gerne die Gelegenheit,
