2760 3928
927 575 2468 717 Zimmer. Mit unsichtbaren Türen. Wenn man an
944 679 2467 800 ihnen vorbeigeht, so merkt man nichts. Sie fallen
944 756 2457 869 unhörbar ins Schloß. Unsere schönsten Zimmer. mit
936 846 2457 992 den breitesten Betten. Und Spiegel überall, sogar an
932 915 1259 1017 der Decke.
971 986 2467 1148 ANINA: Fragt' ich dich drum? — Wir sind hier ganz
1075 1079 1203 1163 G.C.F.P.
2149 1086 2467 1242 zufrieden,
929 1155 1690 1278 Ich und Herr Bassi auch.
992 1219 2330 1344 TITO: Ja, wenn es auf die Ehegatten ankäme
984 1338 2468 1490 ANINA: Willst du nicht endlich gehen? Da — (Gibi
929 1415 1550 1528 ihm wieder ein Goldstück.)
986 1478 2461 1653 TITO: Wenn ich statt dieses letzten Goldstückes um
1617 1586 2457 1730 einen Kuß bitten dürfte...
973 1623 1792 1774 ANINA: Du bist verrückt.
977 1705 2353 1896 TITO: Das wäre wohl möglich, gnädige Frau,
900 1823 1799 1974 und wahrhaftig kein Wunder.
971 1905 1809 2038 ANINA: (küßt ihn rasch): Da.
977 1990 1673 2107 TITO: Ich fliege. (Ab.)
979 2057 2451 2201 ANINA: (allein): Was wird aus mir? Was ward ausmir?
1728 2161 2451 2295 (Es klopft links.) Wer ist’s?
977 2220 2451 2392 FLAMINIA: (im Nebenzimmer): Ich binn, Flaminia.
979 2315 1255 2407 ANINA:
1905 2328 2445 2442 Ja, ich öffne gleich.
1084 2370 2286 2538 (Sie schließt die Türe links auf, die versperrt war.)
1436 2488 2021 2582 Anina — Flaminia.
967 2534 2438 2680 FLAMINIA: Schon angekleidet —? Guten Morgen,
2099 2651 2344 2745 Liebste.
911 2703 2332 2855 So früh? Ich bin noch nackt. Ja, seh'n Sie nur.
1403 2803 1932 2915 (Sie lüftet ihr Kleid.)
911 2870 2244 3003 War’s unbescheiden, daß ich einfach klopfte?
900 2934 2442 3120 Da wir doch Nachbarn sind — (blickt um sich) dies
1926 3053 2434 3176 Zimmer hab' ich
