5144 3976
3490 332 3653 461 21
2795 474 4317 592 Sie plaudern nicht, mein Kind, denn es gibt Männer,
2801 579 4252 664 Die schreckt das ab. Der erste, den ich liebte, —
1488 628 1649 755 20 —
3378 653 3740 763 (achselzuckend)
2795 732 4252 835 Man nennt’s ja so! ich war erst vierzehn Jahre,
789 698 2154 888 Warum sie ihn verließ. Und wir verschwenden
2795 803 4230 905 Was weiß man da, — und wurde mein Gemahl!
801 846 1924 973 An einen Schatten zuviel Worte schon.
2801 882 4323 1006 Doch hab' ich's nicht bereut. Es lebt and reist sich
801 918 1945 1053 Sie sind allein? Herr Bassi ausgegangen?
2805 977 3979 1083 Doch sichrer in so ständiger Begleitung.
801 1004 1970 1137 So wett' ich, daß er alle Läden abläuft
2812 1049 4080 1167 Man kennt einander, und das ist was wert.
818 1059 2171 1195 Nach einer Perlenschnur, die seines Reichtums
2810 1121 4324 1233 Sie werden seh'n; mein Kind, wenn Ihr Geschick
812 1148 2013 1279 Und Ihres schönen Nackens würdig wäre.
2801 1211 4099 1328 Sich meinem ähnlich wendet, wie ich ahne,
873 1249 1681 1359 ANINA: Er ist nicht reich.
2810 1302 4294 1408 Und warum nicht? — Der Wirt — was meinen Sie? —
1488 1285 2324 1425 Heut' ist er's. Und ich hoffe,
873 1343 1287 1444 FLAMINIA:
2806 1398 3662 1490 Für Schwestern hielt er uns.
812 1404 2123 1503 Sie sind so klug, der Stunde Glück zu nützen.
3804 1444 4233 1571 Wahrhaftig
2879 1467 3581 1575 ANINA: (fast erschrocken):
1182 1488 1943 1600 (Auf ihre eigene Schnur deutend.)
2867 1552 3281 1658 FLAMINIA:
818 1558 2082 1672 Dies ist uns sicher, wenn der Karte Laune
2806 1617 3973 1736 Natürlich Sie für meine jüngere. Nun,
825 1649 2027 1744 Sich wieder gegen den Gebieter wendet.
2806 1698 4099 1820 Ich ließ ihn gern dabei, so herzlich fühl' ich
824 1727 2093 1833 Sie lächeln trüb? Wie, wär' er etwa geizig?
2806 1787 4106 1875 Mich Ihnen zugetan. Ist's nicht, als kennte
884 1806 2313 1926 ANINA: Wahrlich, das ist er nicht. Doch weiß er
2810 1850 4152 1975 Man sich seit Jahren? Daß an Ihrem Wagen
2137 1882 2317 1972 wohl:
2806 1953 4146 2072 Im Wäldchen just vor Spa ein Rad zerbrach,
831 1958 2338 2101 Mein Herz hängt nicht an Schmuck. Und wenn'er
2818 2030 4114 2135 Und Sie den unsern teilen mußten, seh' ich
2066 2030 2349 2150 fortging,
2806 2114 4099 2222 Als Zufall nicht, als Fügung seh' ich's an.
841 2127 1953 2239 So ist’s: nach seiner Art in Einsamkeit
2867 2195 3787 2302 ANINA: Als Fügung gar —?
837 2212 2108 2307 Durchs Feld und über Wiesen zu spazieren.
3524 2258 4269 2376 Auch Santis nahm es so.
901 2260 2347 2393 FLAMINIA: Ach so, ein Philosoph, en Dichter gar?
2873 2281 3290 2395 FLAMINIA:
2806 2351 4063 2463 Erst heute sagt' er: Wenn zwei Paare sich
841 2370 2146 2493 So sieht er aus. Die Stirn in ernsten Falten,
2823 2425 4106 2554 Wie ich und du, und Bassi mit der Seinen
854 2459 2146 2552 Verwirrt das krause Haar, doch wohlgepflegt,
2812 2533 4112 2634 Zu Arbeit und Vergnügen klug gesellten —
846 2537 2235 2634 Vornehm die Tracht, doch ihrer wenig achtend,
2825 2605 4129 2713 Zum größten Vorteil schlüg's uns allen aus-
852 2628 2349 2717 Das Aug' verschleiert, doch es kann auch glüh'n...
2818 2685 4148 2801 Denn dieser Bassi — Santis' Worte sind's —
854 2681 2345 2814 Ein hübscher Mensch, sein Name auch... (träumerisch)
2831 2761 4135 2860 Als meinen Meister muß ich ihn erkennen.
2019 2765 2360 2863 Andrea...
2890 2839 4154 2947 ANINA: Als Meister —? Und worin? —
854 2846 2118 2981 Wie lang schon reisen Sie mit ihm umher?
3816 2909 4360 3045 Sie fragen, Beste
894 2930 2355 3091 ANINA: Drei Wochen, — (raich) und wir werden
2897 2934 3324 3049 FLAMINIA:
1911 3002 2360 3108 uns vermählen.
909 3093 2370 3214 FLAMINIA: So bald? Nun ja. Wir haben’s auch
2137 3163 2370 3294 [getan.
860 3180 2028 3340 Santis und ich. Ja, ich bin seine Frau.
