5272 3928
1562 471 1865 604 — 48 —
1008 592 1865 728 CASANOVA: So fragen Sie.
1545 625 2475 779 Und Antwort ohne Umschweif.
1008 697 1347 810 ANDREA:
956 770 2103 865 Wahr bis ins letzte unter heil'gem Eid.
998 812 2456 972 CASANOVA: Was hätt’ ich einem Freunde zu ver¬
954 939 1113 1027 G.C.H.F.P
2126 905 2469 1019 schweigen?
1010 973 2486 1107 ANDREA (langsam, aber nicht zu ernst): Was zwingt Sie,
1737 1078 2467 1198 Spa so eilig zu verlassen?
1008 1153 2227 1305 CASAN OVA (nacb einem unmerklichen Zögern):
951 1242 2156 1354 Daß ich des Lebens hier nicht sicher bin.
1027 1301 2486 1478 ANDREA: Wie das? — Warum? Sie schwuren,
2179 1400 2467 1497 Casanova!
1038 1467 2478 1642 CASANOVA: Und trotzdem zweifeln Sie? Was
2109 1562 2492 1676 könnte sonst
973 1636 1625 1774 Als dringende Gefahr
1714 1699 2313 1871 Sind Sie der Mann,
1033 1751 1364 1844 ANDREA:
977 1800 1695 1930 Der vor Gefahren flieht
1751 1842 2263 2017 Vor offnen, nein,
1034 1907 1457 2025 CASAN OVA:
968 1975 2162 2080 Doch lauert tückisch im Verborgnen sie,
979 2067 2187 2158 Als Mörderdolch an dunkler Straßenecke,
973 2160 2191 2254 Als Tropfen Gift im weingefüllten Kelch,
973 2208 2376 2324 Beim Fest als des betrunknen Würgers Hand —
972 2296 2147 2427 So wär' es tölpisch, sie herauszufordern.
973 2387 1495 2503 Sie finden nicht?
1606 2431 2505 2577 Gibt’s hierzuland — vielmehr,
1052 2471 1381 2577 ANDREA:
985 2537 2332 2675 Gibt's einen Ort, wo Männer Ihres Wandels,
1004 2625 2052 2736 Wo Casanova vor betrognen Gatten,
1002 2701 2233 2808 Verführten Mädchen und verratnen Fraun
989 2779 2191 2911 Für alle Zeit gefeit sich wähnen dürfte?
1040 2840 2511 2962 CASANOVA:O, was für Worte! Keines gilt für mich!
998 2936 2526 3105 Verführt' ich jemals —? Nein, ich war zur Stelle,
998 3021 2122 3183 Wenn just mit holder Zauberei Natur
3715 385 3955 511 49 —
3027 514 4301 631 Ihr Werk begonnen. Auch verriet ich keine,
3033 591 4275 714 Denn ewig dankbar jeder blieb mein Herz.
3027 686 4244 796 Und gar die Fabel vom betrognen Mann!
3027 760 4305 880 Nur Bosheit schuf so sinnlos schnödes Wort.
3033 853 4260 975 Ist der betrogen, der sein Schicksal kennt?
3033 930 4084 1046 Der zu beklagen, der es nie erfuhr?
3094 1008 3780 1111 ANDREA: Sophisterei!
3839 1036 4532 1202 Philosophie, mein Herr,
3094 1080 3559 1187 CASAN OVA:
3088 1160 4519 1293 ANDREA: Doch Ihre nur, nicht des betrognen
4174 1246 4521 1377 Gatten; —
3583 1278 3997 1433 (in anderm Ton);
3027 1406 4397 1516 Wie — wenn ich Ihre Flucht verstehen soll —
3021 1469 4181 1604 Sich eben neu an einem Beispiel weist.
3075 1554 3970 1671 CASANOVA: So ahnen Sie
3075 1589 4296 1772 ANDREA (in böchster Spannung, aber beherrscht):
3570 1730 4522 1854 Vielleicht. Doch muß ich wissen,
3010 1770 4353 1932 Eh ich mein Gold für Ihren Wechsel tausche,
3082 1876 4138 2000 CASANOVA (nacb einem kurzen Zögern):
3014 1945 4115 2090 Da Ihre Jugend solche Vorsicht hegt,
3021 2035 4311 2160 So will ich — wie mit Zinsen im voraus —
3016 2130 4454 2259 Mit gutem Ratschlag meinen Schuldschein fristen,
3075 2202 3774 2336 ANDREA: Der wäre!
3082 2278 3511 2398 CASAN OVA:
3673 2263 4509 2421 Daß Sie sich vor Santis hüten,
3082 2372 4223 2511 ANDREA: Was kümmert Santis mich?
3082 2452 3490 2570 CASAN OVA:
3970 2461 4513 2595 Wir wollen hoffen,
3010 2532 3499 2675 Es bleibt dabei.
3061 2623 3439 2734 ANDREA;
3559 2600 4275 2751 In Rätseln sprechen Sie,
3063 2697 4509 2848 CASANOVA; Flaminia warf ein Aug auf Sie —
4246 2777 4521 2907 ich weiß.
3010 2837 4486 3004 Doch Santis hält’s — drum aufgepaßt, mein Freund
3004 2951 4442 3061 Mit seinem Gattenrecht nach Laun und Vorteil
3082 3069 3522 3172 Die Schwestern
4562 3099 4974 3353 im̄e Hl.C.D.H.
4359 3317 4961 3482 stern 4. SEP. 1918
3612 3305 4296 3490 Schnitzler, Die Sch
3016 3320 3412 3475 S. Fischer
3225 3461 4328 3604 Spamersche Buchdruckerei In Leipzig.
4749 3454 4934 3652 ZIG
