5208 3864
1459 424 1732 520 — 18 —
837 566 2156 662 Und keiner hört ihn, keiner sieht ihn; keiner
837 645 2150 739 Erkennt ihn, und im Mondenscheine sitzt er
837 732 2325 818 Auf einem Dach und nimmt noch einen mit —?!
843 803 1296 891 Zu albern ist’s.
897 893 1177 968 ANINA:
1398 881 1876 981 Doch er entkam.
906 968 1302 1054 FLAMINIA:
1793 979 2122 1069 Wer weiß.
837 1044 2173 1156 Er war vielleicht nie eingesperrt. Und wenn,
843 1139 1897 1217 So saß er seine Strafe ab wie åndre.
841 1223 2139 1296 Und wenn er floh, wer sagt, daß es gelang?
831 1302 1895 1394 Er stürzte ab vom Dach, ertrank —
897 1373 1375 1463 ANINA (lachend):
1939 1388 2362 1478 Und lebt...?
885 1467 2362 1553 FLAMINIA: Vielleicht auch nicht. Er muß es ja
2031 1561 2360 1647 nicht sein.
829 1624 1302 1701 Ein Schwindler.
885 1707 1165 1778 ANINA:
1404 1716 2173 1797 Und der wahre Casanova?
891 1795 2289 1882 FLAMINIA: Entweder Casanova oder wahr.
829 1872 1457 1951 Doch beides — nein!
872 1951 1140 2024 ANINA.
1488 1956 2248 2049 Sie aber müßten’s wissen,
820 2039 2068 2124 Da Sie ihn doch in früh’rer Zeit gekannt?
885 2124 2354 2202 FLAMINIA: Gekannt? Gesch'n. Gesprochen. Oder
2116 2212 2337 2289 nein —
808 2281 2170 2358 Er sprach, nur er. Ich glaube, dieser Mensch
808 2362 1932 2450 Hat keines andern Stimme je gehört.
806 2444 2031 2538 Dreimal im Leben bin ich ihm begegnet,
820 2515 2198 2617 Und jedesmal, kaum war der Gruß gewechselt,
793 2607 1995 2705 Erzählt' er die Geschichte seiner Flucht,
808 2688 2127 2780 Mit gleichem Wort, mit gleichen Tone fast.
795 2769 2337 2878 So war’s im vorigen Herbst, so vor zwei Jahren...
820 2853 2031 2970 Und auch vor sieben, als ich ihn in Rom
808 2934 1995 3034 Ein Kind beinah', zum ersten Male sah.
864 3016 2333 3153 ANINA: Das war doch, eh' er ins Gefängnis kam?
3519 457 3752 570 19 —
2890 538 4372 730 FLAMINIA: Nun seh'n Sie, daß das Ganze nur
4061 676 4360 787 erfunden.
2897 716 4360 883 ANINA: Und doch, mir war’s, Sie lauschten sehr
4074 866 4372 947 gespannt.
2880 895 4356 1043 FLAMINIA: Aus Neugier, Beste, ob er’s nochmals
2832 993 3948 1112 In meiner Gegenwart den alten Spaß
4151 1000 4364 1133 [wagt,
2838 1085 3944 1196 Uns aufzubinden, und ob sein Organ
2838 1156 4097 1260 Bei dem verruchten Wandel, den er führt,
2844 1242 4188 1367 Noch seiner Jugend Klang bewahrt, der einst,
2819 1329 4020 1452 So sagen sie, den Frau'n gefährlich war.
2892 1405 3514 1511 ANINA: Nur einst?
2880 1482 3297 1596 FLAMINIA:
3464 1488 4349 1619 Natürlich! Seine Zeit ist um.
2819 1567 3990 1682 Er kam allein hier an. Die letzte gab
2819 1640 4145 1774 In Brüssel ihm den Laufpaß vor drei Tagen.
2826 1734 4049 1851 Er selbst erzählt' es ja. Teresa heißt sie.
2830 1816 4136 1932 War Tänzerin. Ich sah sie selbst in Mailand.
2819 1899 4351 2004 Ein kleines rundes Ding. Und solch ein Näschen.
2819 1978 4074 2091 Für zehn Dukaten konnt' sie jeder haben.
2826 2066 4111 2158 Und wer ihr just gefiel, für zwei. Das nennt
2811 2139 3919 2237 Sich Tänzerin. Die Sängerinnen sind
2819 2227 3769 2352 Geradeso. Triumphe Casanovas!
2817 2302 3984 2423 Nun ist sie ihm davongetanzt, vielmehr
2794 2390 4151 2527 Davongerollt — denn einer Kugel gleicht sie
2807 2467 3721 2588 Und Casanova weint ihr nach.
2867 2550 3156 2657 ANINA:
3740 2534 4097 2676 Von Tränen
2805 2640 4140 2759 Gewahrt' ich gestern nichts in seinen Augen.
2807 2713 4209 2844 Er schien mir fröhlich, strahlend war sein Blick.
2865 2796 4343 2930 FLAMINIA: Sie sah’n ihn nicht zu seiner guten Zeit.
2807 2886 3850 2982 Heut' ist er eine Trauerweide nur.
2880 2947 4103 3087 ANINA (wie bedauernd): Und noch so jung!
2861 3043 3322 3193 FLAMINIA:
3585 3051 4343 3203 Teessa wird wohl wissen,
