5256 3880
1517 992 2045 1121 Andrea — Casanova.
1076 1079 2062 1205 CASANOVA (tritt ein, verneigt sich).
1076 1173 1715 1314 ANDREA (dankt kübl).
1087 1266 2534 1413 CASANOVA: Vorerst, Herr Bassi, Dank für den
2225 1352 2540 1456 Empfang.
1081 1428 2532 1572 ANDREA: Kein Anlaß. Ihr Begehr, Herr Casanova
1087 1546 2536 1660 CASANOVA: Ich hätte kaum gewagt —(unterbricht sich)
1970 1632 2543 1734 Doch Sie gestatten
1034 1687 1483 1824 Das Fenster —
1076 1793 1959 1927 ANDREA (das Wort auffangend):
1361 1889 1732 2014 Wie beliebt?
1750 1953 2446 2071 Darf ich Sie bitten —?
1093 1974 1508 2102 CASAN OVA:
1032 2047 2549 2191 (Er bält sich-an der Tür, deutet durch eine Gebärde an, Andrea
1458 2130 2125 2241 möge das Fenster scließen.)
1034 2186 2561 2332 Ich möchte nicht gern selbst — Man glaubt mich fort.
1100 2311 2073 2433 ANDREA: Man glaubt Sie fort?
1761 2399 2570 2507 Sie werden gleich verstehn.
1100 2416 1517 2515 CASAN — V V A:
1039 2484 2252 2585 Nur bitte, schließen Sie das Fenster erst.
1104 2587 1923 2705 ANDREA (schließt das Fenster).
1106 2652 2431 2795 CASANOVA (verneigt tich dankend, tritt nach vorn):
1034 2743 2481 2865 Nun, mein Ersuchen, das — ich leugn’ es nicht
1055 2827 2347 2968 Nach vierundzwanzigstündiger Bekanntschaft
1057 2915 2330 3048 Verwegen schiene — ständ' ich Ihnen nicht
1049 3002 2334 3143 Nach eigenem Gefühl als Freund genüber —
3689 327 3903 514 41 —
3021 451 4211 632 Und wie gebotne Hand den Gegendruck,
3016 544 4516 741 So fordert Freundschaft Freundschast, zum Entgelt.
3305 666 4144 811 (Er streckt ibm die Hand bin.)
3067 710 4521 855 ANDREA (ergreift sie nögernd und lüßt sie gleich wieder los).
3076 836 4523 967 CASANOVA: Auch daß ich Sie Kollegen heißen
4291 902 4516 1020 [darf —
3069 923 3935 1030 ANDREA: Sie sind Student?
3069 999 4516 1131 CASANOVA: Ich war’s. Ich bin’.s. Und glaube —
3008 1072 4236 1209 In höherm Sinne werd' ich’s immer sein.
3082 1161 4015 1302 ANDREA: Student der Rechte
4040 1186 4525 1365 Und Philosophie.
3080 1249 3491 1367 CASAN OVA:
3010 1277 4401 1460 Zwar nach den Regeln nicht, jedoch mit Eifer.
3069 1355 4527 1519 ANDREA: Sie weilten an der Schule von Bologna?
3088 1466 4516 1628 CASANOVA: Von Padua. Doch war’s mir nicht
4276 1557 4533 1677 gegönnt
3040 1593 4531 1767 Vom Born der Weisheit recht nach Lust zu trinken.
3027 1717 4304 1845 Denn halb aus Laune, halb zum Unterhalt
3040 1801 4211 1946 Spielt ich des Abends im Orchester mit.
3082 1900 3762 2024 ANDREA: Die Geige!
3682 1911 4544 2098 Ja. Und Sie sind Flötenbläser?
3094 1978 3512 2094 CASAN OVA:
3097 2062 3823 2182 ANDREA (etwas befremdet):
3031 2144 3779 2275 Wie kommen Sie darauf?
3849 2163 4386 2336 Der Lippen leicht
3092 2218 3533 2338 CASAN OVA:
3046 2265 4430 2427 Geschwungne Form verrät’s dem Kenner gleich.
3040 2376 3688 2502 Sie lieben die Musik?
3897 2404 4499 2581 Wer liebt sie nicht?
3099 2469 3686 2580 ANDREA (ablebnend):
3109 2519 4453 2677 CASANOVA: Sehr wahr. (Begiunt nu deklamieren
3326 2572 4569 2762 O, Himmelstochter, die von Sternen
3033 2711 3684 2848 Zu Sternen schwebt
3737 2736 4228 2924 Wie meinen Sie!
3122 2806 3453 2898 ANDREA:
4310 2802 4586 2983 a ist nur
3122 2833 3745 3000 CASAN OVA (lächelnd)
3050 2949 3747 3107 Der Anfang einer Ode.
