5288 3880
1623 470 1934 652 —. 36 —
1631 610 2556 739 Die Stunde kehrt nicht wieder.
1088 614 1383 733 ANINA:
1103 695 2556 821 ANDREA: Das ist der Stunden Art. Jedoch von jeder,
1034 777 2466 911 Gleich wie von jeder Herberg, drin du wohntest,
1038 860 2253 986 Und ging in Flammen hinter dir sie auf,
1046 938 2316 1103 Trägst den Geruch du ewig in den Haaren.
1044 1027 1721 1145 Und jene Stunde war.
1098 1090 2312 1222 ANINA (sich ibm näbernd): Doch diese ist.
1088 1174 2558 1289 ANDREA: Und andere werden kommen. Und in
1040 1261 2556 1405 — Und wären Tausende mir zugemessen — [keiner
1046 1353 2199 1466 Vergäss' ich je, daß ich in einer dich —
1025 1416 2400 1541 Und war sie auch halb Rausch, halb Überfall,
1027 1500 2514 1654 Und schwände sie durch Zauber deinen Sinnen —
1034 1593 2105 1692 Daß ich in dieser einen dich verlor.
1034 1652 2270 1798 Was hilft's, daß du ihn eilig fortgeschickt?
1046 1736 2372 1852 Nimmt er nicht die Erinnrung dieser Stunde,
1027 1825 2466 1946 Den Duft von deinem Leib, von deinen Küssen
1027 1909 2395 2063 Den Nachgeschmack, der Seufzer Wonnehauch
1027 1994 2266 2105 Auf seine Reise mit — und führte sie
1046 2074 2400 2172 Ihn übers Meer und in die fernsten Lande —
1027 2157 2400 2274 Bist du seit heute nacht von all den Weibern,
1046 2239 2479 2337 Die er zur Lust sich nahm, nicht eine mehr —
1040 2320 2352 2446 Und wenn der holde Zug besiegter Schönen
1046 2406 2233 2529 Vor seinen Augen nackt vorüberschwebt,
1046 2485 2143 2583 Ist unter ihnen nicht Andreas Braut?
1040 2533 2471 2690 Und wenn zur Kurzweil trunkner Tischgenossen
1040 2644 2372 2769 Er schamlos schwätzt von seinen Abenteuern,
1063 2728 2281 2851 Wird nicht der Runde lüsternes Gelächter
1044 2809 2281 2938 Den kostbar frechen Scherz belohnen, wie
1046 2892 2253 3024 Herr Casanova durch ein Fenster sprang,
1051 2974 2431 3103 Aus dem, wie sonst verschämter Lampe Schein,
1027 3057 2406 3206 Ein weißer Fraunleib ihm den Weg gewiesen
3619 365 3818 493 37
2911 480 4179 618 Und wie er mit dem Bräutchen sich ergötzt,
2920 591 4110 716 Indes der Bräutigam am Spieltisch saß?!
3105 656 4221 798 (In ausbrechender Wut, beim Sekretär, öffnet ihn.)
2901 750 4323 858 Hier ist das Teufelsgold, du wirst es brauchen —
2920 835 4039 938 Fürs erste jedenfalls, bis von Flaminia
2901 902 4210 1044 Das weitre du gelernt. Mir ist nicht bang.
2907 998 4173 1094 Denn wahrlich unverwandelt stehst du da,
2920 1090 4367 1211 Wie du dich rühmst. Nur kenn' ich dich zu spät,
2913 1159 4162 1311 Die so geschaffen, daß sie erst die Mutter
2901 1257 3218 1362 Betrog —
2961 1326 3554 1431 ANINA: Für dich.
3600 1360 4281 1529 Da ich zur Stelle war.
2974 1414 3300 1508 ANDREA:
2913 1485 4235 1602 Ein anderer kam, und nun bin ich betrogen.
2907 1560 4246 1698 Da, nimm, dies alles! Send' ihm Boten nach,
2926 1642 4215 1746 Und laß ihn wissen, daß du reich geworden.
2913 1736 4196 1871 Er fliegt zurück. Wie? Oder plantest du,
2899 1806 4089 1938 Heute nacht schon einen neuen Seladøn
2901 1852 4239 2009 Mit deiner Nacktheit fahlem Schein zu locker
2913 1976 4100 2099 Mir ist es gleich. Zerrissen ist das Band
2913 2045 4125 2174 Für ewig zwischen uns, und seine Fetzen
2913 2137 4168 2247 Zertret' ich unter meinem Fuß. Fahr hin!
2911 2220 4239 2362 Nur kurze Frist und dieser Ort der Schmach
2913 2297 4143 2398 Liegt wie ein trüber Nebel hinter mir, —
2913 2383 4125 2514 Und hinter mir Verblendung ohne Maß.
3458 2462 3895 2571 (Er eilt zur Tür.)
2968 2492 4448 2675 Anina: Verlaß mich, wie's dein Recht, und wie’s
4177 2611 4455 2753 vielmehr
2920 2679 4459 2826 Nach solcher Zwiesprach' deine Pflicht geworden, —
2918 2782 4300 2930 Und meine, dich von meinem Weg zu weisen.
2913 2869 4120 2968 Denn daß aus dieser finstern Stunde nie
4237 2899 4488 3035 G.C.H.F.P
2913 2930 4143 3093 Gemeinsam uns ein Weg ins Helle führt,
