5128 3960
1494 369 1717 511 28 —
3412 515 3668 652 — 29 —
813 474 1902 654 Flaminia, komm! (Leise zu ibr im Abgeben)
1537 584 2322 740 Hier folgt ein böser Zank!
3788 622 4282 753 Mit halbem Ohr.
2833 657 3462 779 ANINA (trüb, läcbelnd):
1206 652 1929 783 (Santis und Flaminia links ab.)
2841 717 4290 861 ANDREA: Nun mahnst du wegen solchen Tandes ihn
1354 755 1779 850 Andrea — Anina.
2773 833 4028 925 Als eilt's dir, gar so sehr, in einem Brief,
876 818 1612 921 ANDREA (rubig, bestimmt):
2781 895 4065 1034 Der dem Verwöhnten nur als Zeichen gilt,
824 901 1545 1017 Du schriebst ihm. Was?
2792 968 4236 1094 Daß es dich lockt, ihm schriftlich nah zu sein,
863 987 1153 1080 ANINA:
1491 972 2249 1109 Willst du mich hören —?
2784 1077 3966 1193 Eh du persönlich wieder ihm begegnest.
863 1056 1193 1155 ANDREA:
2105 1071 2296 1176 Wollt’
2786 1142 3927 1271 Ein Brief an Casanova! Töricht Kind!
807 1131 2305 1255 Ich's nicht, so fragt' ich nicht. Was schriebst du ihm?
2798 1206 3987 1343 Und gar durch Tito! Zum Gesindespott
876 1253 2298 1343 ANINA: Sprich mit so böser Stimme nicht, Andrea.
2773 1296 4031 1459 Erniedrigst du dich so — und mich dazu.
811 1313 2123 1414 Du weißt, daß ick nicht lügen wil, noch kann.
854 1389 2286 1522 ANDREA: Du sandtest einen Brief an Casanova?
2846 1414 3327 1520 ANINA (u. o.) :
854 1474 1386 1580 ANINA (staunend):
2798 1492 3430 1605 Was schlimmer noch.
2856 1539 4303 1683 ANDREA (lauernd): Was gab er dir zur Antwort?
792 1550 2004 1653 Du hast es — nicht gewußt, Andrea —?
2856 1644 4310 1768 ANINA: Du weißt wohl, daß mir Tito keine brachte.
854 1629 1189 1741 ANDREA:
2082 1631 2286 1745 Doch!
788 1717 2148 1822 Ich hab's gewußt. Der Bursche, Tito heißt 'er,
788 1799 1959 1906 So jung er ist, von allen Lastern bleich,
786 1872 2153 1987 Ich sah, wie er ins Tor des Gasthofs schlich,
781 1968 2271 2065 Drin Casanova wohnt. Und gleich durchzuckt’s mich
792 2047 2217 2148 (Dies Herz hat keine Ahnung je getrogen —?):
781 2120 2273 2230 Ein Brief von dir—! Und auch den Vorwand kenn’ ich:
770 2210 2208 2311 Die Spitzen sind’s! Ob jener Freund aus Brüssel,
786 2268 2262 2399 Von dem er sprach — (mit halbem Ohre hort’ ich’s)
770 2341 1927 2464 Sie wirklich zu so billigem Preise liefre!
762 2442 2168 2563 Beim Händler hier zahlt man sie dreimal teurer,
770 2541 2185 2638 Gleich merkt’ ich, wie nach ihnen dich verlangte;
775 2590 1872 2710 Herr Casanova, schönen Fraun gefällig
775 2680 2060 2820 Wie immer, trug sich dir als Mittler an —f
1240 2766 1813 2891 (Halt wie fragend inne.)
826 2822 1434 2947 ANINA: Das tat er.
833 2908 1159 3056 ANDREA:
1552 2912 1921 3082 Ja, ich hort’s.
3114 1723 4046 1839 (Auf eine ungeduldige Gebärde Andreas)
2816 1816 4249 1927 Und wird auch nicht. Denn deine Ahnung trog.
2809 1893 4267 2015 Der Brüss'ler Spitzen dacht' ich längst nicht mehr,
2833 1972 4020 2107 Und keine Frage stand in meinem Brief.
2852 2080 3436 2196 ANDREA (langsam):
2827 2166 3410 2279 Was denn, Anina?
3477 2208 3957 2331 Eine Bitte nur.
2882 2260 3161 2357 ANINA:
2882 2309 3629 2453 ANDREA: Und welche?
3511 2363 4340 2541 Daß er noch in dieser Stunde
2893 2425 3176 2543 ANINA:
2827 2489 3402 2623 Die Stadt verlasse.
3608 2567 4033 2687 Casanova —?!
2901 2593 3241 2711 ANDREA:
3848 2616 4234 2784 Er. (Pause.)
2901 2678 3181 2794 ANINA:
2901 2726 4357 2897 ANDREA: So groß war die Gefahr? — So unab-
4069 2824 4344 2949 wendbar?
2831 2882 4337 3088 Daß du, wenn du ihm einmal noch begegnet —
3477 3015 3723 3105 (stockend)
2846 3054 4208 3230 Sein Anblick — ein gleichgültiges Gespräch —
