5288 3928
1588 434 1785 569 44 —
873 546 2013 699 In meinen Wagen als Begleiter ein —
884 644 2402 771 Ein Spielchen — auf der Fahrt, im ersten Posthaus; —
903 733 2263 859 Und lächelt mir das Glück wie gestern ihm —
903 820 2342 931 Und die Wahrscheinlichkeit spricht sehr dafür —,
884 901 2132 1010 So hab' vor Abend ich mein Geld zurück.
944 980 1668 1088 ANDREA: Mein Geld.
933 1037 2395 1211 CASANOVA (läcbelnd): Vielmehr das Geld des Herrn
2178 1143 2406 1292 Gudar.
937 1184 2212 1367 ANDREA: Der dann so arm ist wie zuvor.
933 1296 1367 1403 CASAN OVA:
2085 1309 2408 1432 Wer spielt,
873 1366 2216 1490 Muß auf der Karten Tücke stets gefagt sein.
933 1460 1964 1590 ANDREA: Doch Sie beklagten ihn.
1624 1511 2351 1662 Wie sollt’ ich’s nicht?
942 1545 1350 1651 CASAN OVA:
876 1617 2191 1747 Ein Greis beinah und war einst jung wie ich,
884 1709 2085 1817 Sogar wie Sie. War Offizier, ein Held —
878 1794 2019 1887 Ihn liebten edle Fraun. Sie hätten ihn
878 1868 2002 1987 Wie ich in seiner Blüte kennen sollen,
861 1959 2087 2068 Da ihn geheime Sendung nach Venedig —
867 2051 2114 2149 Auf meine Wege noch geheim’re — führte,
867 2117 2323 2219 Und wir — er noch ein Mann, ich fast ein Knabe,
859 2199 2061 2325 Aus blut'ger Liebesfehde, wie's zuweilen
867 2276 2221 2376 Sich fügt — als Freundespaar emporgetaucht.
873 2346 2265 2465 So was vergißt sich nicht. Ich weiß nicht, wem
854 2444 2166 2574 Ich lieber tausend Goldstück, schuldig bliebe
848 2512 1670 2657 Als meinem Freund Gudar.
908 2593 1248 2703 ANDREA:
1666 2584 2221 2718 Ich weiß es; mir.
908 2644 1570 2799 CASAN OVA (beralich):
848 2737 2348 2873 Dem jüngern Freund, dem glücklichern vor allem.
842 2841 2204 2956 Sie zögern? Trau'n Sie meinem Sterne nicht?
939 2920 2387 3043 ANDREA: Was hat Ihr Stern mit meinem Gold
2121 3026 2389 3166 zu tun
3681 514 3915 686 45 —
3075 650 4527 805 CASANOVA: So spricht ein Handelsmann, nicht
4244 742 4522 880 ein Poet.
3007 806 4257 931 Doch jenem auch vermag ich zu entgegnen
3009 880 4529 1005 (Auf den Wechsel deutend, den er noch immer in der Hand bält.)
3022 982 4357 1122 Was steht hier? Tausend. Machen wir daraus
3016 1058 4072 1220 Zweitausend, zahlbar in zwei Jahren
3088 1154 3417 1248 ANDREA:
3028 1222 3370 1339 Woher —?
3075 1292 4401 1452 CASANOVA: Woher? Die Wahl ist freilich
4174 1392 4522 1522 schwierig —
3009 1441 4174 1611 Da wäre denn vor allem Herr Lausin
3082 1547 4025 1689 ANDREA: Der mit den Spitzen:
3082 1634 3502 1743 CASAN OVA:
3881 1609 4537 1738 Der seit Jahr und Tag
3020 1702 4380 1853 Zum Eintritt mich in sein Geschäft beschwört,
3028 1792 4019 1913 Weil ich zuweilen aus Gefälligkeit
3022 1864 4102 1974 Anpreise seine Ware schönen Damen
3022 1940 4269 2066 Und ihm schon manche Kunde so gewann.
3088 2032 4531 2163 ANDREA: Doch dünkt mich ein Beruf von solcher
4293 2121 4484 2268 [Art —
3088 2125 3685 2231 CASANOVA (rasch):
3022 2172 4259 2293 Nicht würdig Ihres sehr ergebnen Dieners.
3033 2280 4525 2427 So dacht' auch ich, und drum verschmäht' ich ihn.
3028 2365 4218 2467 Zumal ich, wenn man spekulieren wollte,
3028 2423 4284 2588 Mit meiner kleinen chemischen Erfindung -
3022 2529 3738 2625 Sie hörten wohl davon?
4019 2574 4388 2697 Mir war’s —
3088 2612 3723 2710 ANDREA (unbestimmt):
4168 2654 4525 2792 Man spricht
3094 2691 3791 2809 CASANOVA (bescheiden) :
3033 2741 4306 2882 Davon zuviel. Wir sind erst beim Versuch.
3028 2846 4397 2997 Doch wenn die weitern das Versprechen halten,
3033 2929 4150 3073 Das uns der erste gab, hebt eine neue
3056 3018 3394 3143 Epoche an.
3094 3098 3445 3234 ANDREA:
3585 3073 3806 3218 Wieso?
