5160 4072
3435 321 3712 470 — 11 —
1469 375 1704 505 — 10 —
3760 404 3980 551 G.C.F.P.
2867 448 3701 589 ANINA (auf das Gold weisend):
847 457 2322 606 Mich kümmert kein Verlust, kaum noch Gewinn.
3808 532 4353 662 G.C.F.P.S
2819 560 3672 669 Ihr Gold, Herr von Gudar?
907 593 1890 702 ANINA: Was also kümmert Sie?
3743 610 4359 773 Noch gestern abend.
1840 635 2394 757 Der Karten Fall.
2890 652 3186 767 GUDAR:
912 679 1203 796 GUDAR:
2819 698 4248 859 Heut' Herrn Andreas Gold.
914 736 2377 889 ANINA: Wenn’s Ihnen gleich gilt, wie sie ihnen
4121 765 4349 843 G.C.F.P.
3659 780 4347 926 O, wenn Sie etwa — —
2169 815 2370 905 fielen?
2867 811 3286 924 ANINA:
3087 872 4343 998 (Sie macht sich mit dem Geld zu schaffen.)
920 882 2379 1016 GUDAR: So sagt' ich nicht. Aufs neue lookt's mich
2808 947 4330 1125 Ich zweifle nicht — Andrea wird — (in einiger Verlegenbeit)
2199 975 2379 1082 stets,
3856 1038 4349 1149 wie viel — —?
843 1071 2377 1182 Den Schicksalsmächten mich zum Kampf zu stellen.
4127 1111 4336 1203 G.C.P.
2865 1115 3594 1257 GUDAR (sie unterbrechend):
914 1136 2341 1260 ANINA: Ein großes Wort für so geringes Ding.
2808 1182 4332 1320 Ich habe nichts verloren, gnäd'ge Frau.
914 1224 2383 1337 GUDAR: Warum gering? Ob ich die Karten frage,
4083 1274 4372 1383 G.C.H.F.P
2825 1308 3559 1461 Herr Bassi nur gewann:
834 1299 2301 1431 Ob wer mich ansprengt im Gewühl der Schlacht,
3641 1346 4274 1469 Wer denn verlor?
849 1387 2134 1513 Ob, wie's wohl in vergangner Zeit sich traf,
2878 1392 3175 1492 ANINA:
2878 1432 4341 1566 GUDAR: Herr Casanova. Doch da seine Warschaft
836 1473 2044 1591 Mich einer Maske Funkelaug' vom Tanz
2813 1534 4349 1643 Sehr bald in nichts zerfloß, hat sich’s gefügt
855 1545 1995 1672 In eines Gartens Rätseldämmer rief, —
2825 1593 4276 1752 Im Hin und Her des Spiels, daß all mein Gold
866 1587 2379 1750 Nicht Angst noch Jubel hat mich je durchschauert,
2825 1687 4284 1836 An Ihres Gatten Platz sich aufgehäuft.
866 1710 2293 1834 Nicht Haß noch Zärtlichkeit mein Blut gejagt —
864 1786 2368 1928 Nur immer dies: Was willst du, Feind im Dunkel? —
2876 1792 3733 1945 ANINA: Und Casanvoa —?
3678 1826 4261 1966 Schuldet alles mir,
855 1878 2299 2010 Schicksal, was willst du mir? — So auch im Spiel.
2884 1880 3200 1997 GUDAR:
2819 1920 4343 2043 Was er verlor. Ein andermal — vielleicht
866 1947 2134 2102 Dies blieb mir nun allein. So ist's mir viel.
2817 2016 4301 2140 Heut’ abend schon — vielleicht erst übers Jahr —
939 2006 2385 2186 ANINA: Und also — wer blieb Sieger heute nacht?
2817 2100 4351 2245 In Homburg oder wo es immer sei,
933 2121 1769 2241 GUDAR: Sie wissen’s nicht?
2838 2180 4129 2295 Begleicht er, was ich gern ihm vorgestreckt.
1599 2173 2054 2303 Wie sollt’ ich —
933 2217 1258 2322 ANINA:
4108 2243 4349 2362 dans les mêmes
1863 2257 2379 2398 Hat Ihr Gatte —:
2882 2274 3863 2406 ANINA: Er ist ein Ehrenmann.
933 2295 1224 2400 GUDAR:
3804 2324 4368 2456 Auf Sicht, wie ich.
2897 2373 3179 2492 GUDAR:
937 2341 1394 2486 ANINA (rasch):
2842 2414 4267 2555 Von einem Tag zum andern wird man’s wieder;
878 2414 2394 2549 Ich schlief schon, als er heimkam. Hört' ihn kaum —
2832 2507 4223 2620 Und regt zur Zwischenzeit ein Zweifel sich —
891 2521 2270 2639 Und morgens weckte mich sein Fortgehn nicht.
2825 2591 4341 2716 Ein Degenstoß beschwichtigt ihn sofort.
878 2605 2366 2718 Doch freilich ist mir — und noch klingt’s mir nach —
2896 2670 4351 2852 ANINA: Sie kennen ihn nicht erst seit gestern abend?
878 2679 2314 2840 Als wär’s wie Gold durch meinen Schlaf geronnen
2876 2775 3550 2890 GUDAR (lacbt):
872 2775 2073 2924 Und Stück um Stücke rollten dort hinein.
2832 2830 3905 2964 Herrn Casanova! In Venedig schon,
1027 2846 2261 2966 (Zum Sekretär, öffnet ihn, Goldstücke liegen uutage.)
962 2909 2391 3098 GUDAR: So leiser Schlaf und ein so lauter Gattel
2823 2899 4141 3066 Lang eh' er unter dem berühmten Bleidach
