5288 3912
3757 387 3982 501 51 —
3125 481 4586 654 CASANOVA: Wie ich durchs Fenster in den Garten
4354 628 4580 719 sprang.
1050 597 2340 728 Nachsichtig bald, als wär' er taub und blind,
3118 645 4569 825 ANDREA: Und warum hätt’ er sich versteckt ge-
1045 695 2224 801 Bald lauernd eifersüchtig wie ein Türke,
1026 787 2224 908 Verliebter Gatte gestern, Kuppler heut
4341 778 4580 872 halten?
3130 811 4582 971 CASANOVA: Weil ein Verdacht an seiner Seele nagte
1050 877 2298 973 Im Einverständnis bald mit seiner Schönen
3053 903 4455 1032 Seit unserm heitern Abendschmaus von gestern.
1039 943 2220 1072 Und bald auf eigne Faust ein Wüterich.
3127 995 4577 1113 ANDREA: Bei dem nach rechts und links mit gleicher
1056 1048 2458 1129 Und hielt, daß man den Liebsten ihr nicht störe,
3071 1069 4271 1176 Sie Ihres Geistes frohe Gaben schenkten.
4407 1093 4580 1218 [Huld
1058 1107 2174 1225 Er gestern Wache vor Flaminiens Tür,
3118 1164 4568 1299 CASANOVA: Doch ungleich kam die Huld an
1039 1168 2344 1292 So mag ein anderer, der ihm nicht genehm,
4181 1260 4569 1398 mich zurück,
1058 1271 2399 1402 Sich feigsten Anschlags heut von ihm versehn
3040 1269 4337 1435 Wie Santis' Mißtraun ahnungsvoll gewahrte.
1607 1362 1988 1452 (mit Bedeutung)
3053 1395 4369 1540 Und war’s auch nur ein hingehauchtes Wort,
1050 1400 2331 1551 Wofern nicht zeit’ge Warnung ihn bewahrt.
3047 1476 4306 1612 Das mir Flaminia zugeraunt — es scheint,
1491 1529 2117 1638 (Sehr rasch das Folgende.)
3029 1575 4358 1708 Daß der Baron sich's wohl zu deuten wußte.
1096 1597 2220 1723 ANDREA: Sie aber sind — gewarnt?
3090 1631 4048 1763 ANDREA: Und dieses Wort —:
1968 1667 2314 1774 Ich bin es.
1122 1682 1537 1796 CASAN OVA:
3101 1719 4562 1872 CASANOVA: Schon manchem ist’s erklungen,
2298 1745 2550 1887 Sind's —
1117 1767 1446 1892 ANDREA:
3047 1804 3943 1920 Und mancher hört's nach mir.
1050 1857 1433 1964 Durch wen?
3077 1879 3418 1984 ANDREA:
3917 1854 4553 2008 Jedoch das Wort — 7.
1129 1887 1868 2049 CASANOVA: Durch sie.
3079 1957 4557 2108 CASANOVA: „Komm heut um Mitternacht, die
1761 1964 2191 2132 Flaminia selbst
1111 2014 1445 2115 ANDREA:
4028 2065 4551 2178 Tür steht offen.“
2231 2076 2565 2194 Wen sonst?
1111 2097 1527 2183 CASAN OVA:
3077 2099 4111 2259 ANDREA: Und stand auch offen?
1111 2163 2100 2279 ANDREA: Sie — und Flaminia —
3079 2200 3503 2314 CASAN OVA:
3816 2191 4555 2325 Daran zweifl' ich kaum.
1970 2224 2574 2347 Was verwundert Sie?
1133 2255 1533 2349 CASAN OVA:
3025 2288 4444 2417 Doch braucht' es nicht der Tür, sie harrte mein
1111 2307 2578 2445 ANDREA: So ist's ein alter Haß, der Sie bedroht?
3018 2360 4363 2484 Am offnen Fenster — und so nahm ich lieber,
1129 2408 2001 2528 CASANOVA: Wohl möglich.
3016 2447 4393 2559 Der lockend sich mir bot, den kürzern Weg; —
1122 2456 2587 2609 ANDREA: Nach — verjährtem Liebesglück —!
3018 2541 4188 2638 Zurück den gleichen, und nur allzubald,
1129 2585 2565 2672 CASANOVA:Zum dritten Male kreuzich ihren Weg.
3012 2618 4426 2723 Sie wissen’s, fand ich mich am Spieltisch wieder.
1061 2653 2428 2747 Doch heute nacht erst war das Glück mir hold.
3073 2699 4534 2819 ANDREA: Und in den Vonnen dieser Nacht ertön te
1122 2745 2572 2821 ANDREA: Heut nacht — Und wer hat’s dem Baron
3000 2775 4475 2909 Zugleich die Warnung, die zur Flucht Sie zwingt
2263 2801 2580 2926 [entdeckt?
1128 2826 1760 2952 CASANOVA (zögernd):
3066 2849 4527 3003 CASANOVA: Es hüten sich mit fug, mein junger
1080 2900 2237 3014 Wie ich vermute, sah er, wohlverborgen
3000 2935 4076 3084 Erfahrene Fraun, der Liebe Melodie
4265 2963 4527 3095 [Freund,
1072 2961 2489 3106 Im finstern Schatten der Allee — (unterbriebt sich).
2172 3055 2580 3188 - Sah — was?
1122 3070 1468 3202 ANDREA:
