5208 4104
1044 2743 1857 2818 Erste bis dritte Auflage.
704 2844 2209 2909 Alle Rechte vorbehalten, besonders das der Übersetzung. Den
704 2901 2216 2977 Bühnen gegenüber Manuskript. Das Aufführungsrecht ist nur von
698 2995 2218 3042 S. Fischer, Verlag zu erworben. Copyright 1918 S. Fischer. Verlag.
3348 672 3921 755 PERSONEN:
2924 822 4391 915 ANDREA BASSI, ein wohlhabender junger Mann
3055 907 3830 999 aus Ferrara (23 Jahre alt).
2924 991 4391 1065 ANINA, ein junges Mädchen aus der gleichen Stadt,
3067 1075 4083 1143 von Andrea entführt (17 Jahre alt).
2918 1159 4283 1240 Der angebliche Baron SANTIS (40 Jahre alt).
2924 1235 4123 1307 FLAMINIA, die Baronin (24 Jahre alt).
2924 1320 4374 1379 Herr VON GUDAR, ein verabschiedeter hollän¬
3044 1400 4094 1486 discher Offizier (über 60 Jahre alt).
2924 1480 3752 1568 CASAN OVA (32 Jahre alt).
2930 1564 4302 1630 TERESA, eine berühmte Tänzerin aus Neapel.
2936 1640 3927 1731 TITO, der Kellner (15 Jahre alt).
2924 1724 3299 1798 EIN LORD,
2930 1805 3872 1878 EINE WITWE aus Amsterdam.
2930 1889 3662 1975 EINE DAME aus Lyon.
2924 1969 3508 2034 IHRE TOCHTER.
2930 2045 3503 2129 ANDERE GÄSTE.
2871 2205 4397 2287 Die Handlung spielt zu Spa, Mitte des 18. Jahrhunderts,
2871 2312 4381 2382 an einem Sommertag, in dem schönen, beinahe präch¬
2865 2391 4380 2450 tigen Fremdenzimmer eines vornehmen Gasthofs.
2865 2521 4385 2601 (Eine Tür rechts vorn auf den Gang, links in das benachbarte Zimmer.
2871 2595 4383 2658 Ein großes Fenster im Hintergrund mit der Aussicht auf den Park.
2871 2643 4391 2713 Ein Tisch mit Schreibgelegenbeit rechts. — Ein großer Schrank links,
2859 2696 4319 2762 ein Sekretär rechts. — Nab dem Schrank ein Reisekoffer.
3038 2755 4218 2823 Alkoven rechts durch einen Vorhang abgeschlossen.)
