5192 4088
1554 396 1769 501 12 —
849 492 2100 638 Freigeisterei und leicht're Sünden büßte,
849 590 2357 709 Er noch ein Fant, doch schön und frech wie heut',
849 678 2281 807 Ich von der Jugend letztem Glanz umsonnt, —
861 753 2046 861 Schon damals maßen unsere Kräfte wir,
861 836 2292 951 Und nicht am Spieltisch nur. Zehn Jahre sind’s
855 905 2298 1039 Noch steigt sein Stern, da meiner längst erblich
865 1016 2029 1159 ANINA: Sie lieben ihn nicht sehr?
1673 1028 2396 1197 Und doch nicht wen’ger,
939 1105 1251 1218 GUDAR:
861 1164 2367 1266 Als meiner Jugend Bild ich lieben müßte,
861 1249 2392 1379 Begegnet’s plötzlich mir im Licht des Tags.
865 1339 1704 1447 Sie kannten ihn noch nicht?
1723 1403 2332 1508 Nur seinen Namen.
928 1429 1208 1537 ANINA:
939 1479 2382 1623 GUDAR: Sprach ihn Herr Bassi je vor Ihnen aus?
880 1587 2033 1689 Die Gatten lieben seinen Namen nicht.
932 1595 2227 1781 ANINA:Andrea Bassi ist mein Gatte nicht.
939 1718 2405 1871 GUDAR: Noch nicht. Mag sein. Doch kenn’ ich
1998 1810 2403 1929 Menschen so,
886 1848 2346 2023 Wie’s mir nach sechzig Jahren Weltfahrt ansteht,
886 1973 2129 2094 So denk' ich, daß Herrn Bassis Bürgersinn
886 2077 2400 2173 Der lieben Vettern Gunst so schwer entbehrt,
880 2146 2067 2277 Als Ihre Frommheit, holde Frau Anina,
880 2217 2159 2327 Der Kirche heil'gen Spruch und Ehesegen.
891 2269 2263 2430 Und ist bei rauhem Wind in fremden Landen
891 2386 2165 2513 Des Abenteuers Lust und Rausch verweht,
884 2467 2206 2588 Das Kinder sich am sichern Herde träumten,
891 2546 2171 2680 So kehren Sie, wie gern, zurück, wo längst
909 2628 2163 2753 In trauter Heimat wohlumschlossnem Kreis
903 2715 2152 2843 Mit offnen Armen die Verzeihung wartet.
957 2747 2409 2915 ANINA: Mich dünkt die Luft hier eben lind genug,
909 2872 2409 3013 Die Gegend lieblich, heiter die Gesellschaft,
897 2955 2442 3118 Und wir behagen beid' uns hier aufs beste.
3600 359 3764 538 13
3001 526 4475 651 GUDAR: Doch ahnt' es Ihnen kaum vor wenig Wo¬
2959 626 4478 732 Daß Sie an einem Tisch mit solchem Volk — [chen,
2999 695 3906 830 ANINA: Mit solchem Volk?
3647 755 4478 893 Wie ich und meinesgleichen,
3013 805 3366 907 GUDAR:
2953 872 4150 999 Zu Abend essen, Tür an Türe wohnen,
2951 945 4073 1080 Zu Lustpartien sich gesellen würden!
2982 1018 4501 1132 ANINA: Ich bin so kostbar nicht. Und niemand hat
2964 1112 4252 1222 Mir gegenüber Höflichkeit und Anstand —
2972 1180 4498 1297 Nicht Mann noch Frau — mit einem Wort verletzt.
2963 1274 4371 1399 Baron von Santis, wenn auch laut beim Trunk,
2964 1341 4248 1477 Bleibt stets galant. Flaminia losen Munds,
2972 1422 4327 1552 Das merkt' ich wohl, ist dennoch herzensgut.
2976 1512 4430 1631 (etwas stockend): Und Casanova — ist ein Edelmann
3024 1575 4507 1704 GUDAR: Wie Santis ein Baron, wie ich ein Fürst,
2982 1668 4148 1835 Und wie Flaminia etwa Nonne wäre —
3055 1769 3848 1900 ANINA: Und Casanova? —
3639 1791 4517 1962 Nun, was den betrifft,
3055 1875 3572 1977 GUDAR:
2976 1940 4188 2042 Wo man ihn findet, dort gehört er hin.
2995 2006 4144 2138 Und träf' ich übers Jahr als Exzellenz
2978 2083 4254 2211 In Spanien ihn; — in einer Diebsspelunke
2995 2167 4444 2300 Am Strand zu London — unter andern Strolchen;
2989 2257 4181 2375 Als Handelsmann mit Spitzen in Paris;
2989 2332 4173 2463 Als Dichter eines Schäferspiels in einem
3007 2430 4311 2525 Bretonschen Schloß; — als Polizeiagenten, —
3007 2484 4354 2626 Als Millionär, als Bettler, selbst als Bürger, —
3001 2569 4309 2694 Ich staunte nicht, so wenig als er selbst.
3013 2669 4450 2784 Und wenn er auch heut’ nacht verlor, — es kann
3013 2724 4465 2876 Doch sein, daß er mit falschen Karten spielte, —
3020 2830 4186 2943 So wie er oft mit wahren Worten lügt.
3020 2922 4144 3024 Dies ist Herr Casanova. Niemals war
3020 2989 4156 3157 Ein Gauner ehrlicher als er, und nie
