4456 5544
1055 330 1636 577 Votre très-ciès de l'a â¢̀
3559 482 3732 694 4)
577 556 955 786 (Kunst)
577 864 3910 1068 natürlichen Zeitdauer entsprechend und welchen er erweitert mitteilen
573 1024 3919 1202 wird. Aber man kann nicht einmal sagen, dass der zu erzählende Vorgang
577 1198 3971 1354 selbst mit Sicherheit verraten wird, welcher seiner Teile nach Kürzung.
586 1302 3776 1489 welcher nach Erweiterung verlangt! Es ist wahrscheinlich, dass der
577 1445 3832 1654 gleiche Stoff von verschiedenen Dichtern auch in dieser Hinsicht in
603 1628 3685 1840 vollkommen verschiedener Weise erzählt werden wird. Und, wie wir
603 1775 4045 1970 theoretisch annehmen, wollen, von allen mit der gleichen Wirkung. Nichts-
586 1975 3858 2096 destoweniger wird es gewisse, vollkommen feststehende Momente geben,
586 2070 3876 2278 die innerhalb eines gewissen Vorgangs als die wichtigsten erscheinen
621 2265 3884 2417 nd demgemäss wie die Hauptfiguren auf einem Bild in den Vordergrund
651 2422 4049 2574 gestellt werden müssen, während die weniger wesentlichen Momente gerin-
603 2522 3793 2804 ger betont, in eine gewisse Entfernung gerückt, verkleinert werden
586 2717 3967 2847 müssen, geradeso und vielleicht nach ganz ähnlichen Gesetzen, wie z.B.
599 2843 3988 3016 auf einem Bilde, das eine Allee darstellt, die Bäume nach rückwärts zu
586 3025 3824 3194 immer kleiner werden und vielleicht ein hoher Berg, der als solcher
603 3203 3837 3394 für die künsterlische Wirkung durchaus notwendig ist, um die Hälfte
586 3359 3984 3520 kleiner ist als ein Paar, das im Vordergrund spazieren geht. Wenn aber
599 3511 4062 3715 der Künstler die Gesetze der Perspektive zubefolgen gewusst hat, so wer-
603 3615 3815 3828 den wir keinen Augenblic zweifeln, dass dieser Berg tausend Meter
599 3802 3993 4001 hoch, dass er nur in vielen Stunden zu besteigen und dass die Figuren,
608 3954 4075 4158 welche wir, vorn mit Deutlichkeit sehen, sich stetig verkleinerten, wenn
616 4106 4067 4353 der Maler die Möglichkeit hätte, sie sich allmählich durch die Alle ent-
608 4305 2565 4470 fe nen und den Berg besteigen zu lassen.
842 4383 4014 4622 Und in ähnlicher Weise, wie der Maler während der Arbeit sich von
599 4557 4028 4787 seinem Bild entfernt und wieder näher hintritt, um die Wirkung auf den
603 4752 3997 4926 Beschauer im Vorhinein zu erproben, so tut auch der Dichter nichts An-
616 4904 4106 5113 deren, wenn er sein Werk überdenkt, üerliest, als dass er sich davon zu
608 5069 3880 5256 entfernen und zu erproben sucht, ob er die perspektivischen Gesetze
990 5225 1311 5343 Lieber
