4568 5672
746 615 1111 912 (Kunst)
1319 789 3766 1098 Ueber den Geist der Zahl, insofern er in der Kunst
1319 967 1930 1158 wirksam ist.
1005 1056 3915 1255 Bestreben, auch das Inkommensorable in der Kunst auf Wissen-
742 1247 3270 1467 schaftliches, mindestens Natürliches zurückzuführen.
1086 1383 2943 1590 Unbegreiflichkeit des Schöpfungsaktes.
1090 1501 3372 1730 Unbegreiflichkeit des künstlerischen Eindrucks.
1082 1680 4055 1870 Die Kunst, in der es am ehesten gelungen ist, analogieen nach
763 1807 3571 2104 der wissenschaftlichen Seite hin zu finden, ist die Musik.
1098 2044 1544 2210 Rhytmus.
1111 2078 4131 2341 Der Rytmus steht in einem natürlich festen Verhältnis zur Herz-
780 2307 1917 2553 tätigkeit des Menschen.
1120 2396 3995 2655 Die gewöhnliche Zahl des Pulsschlags beim normalen Menschen
789 2608 1938 2816 ist zvischen 60 und 80.
1192 2702 4038 2960 Wir empfinden das Tempo desjenigen Tonstückes, welches über
789 2867 4131 3143 das metronomische Mass 60-80 hinausgeht, als schnell, dasjenige unter
819 3054 2859 3270 dem metronomischen Mass 60-80 als langsam.
1188 3202 3868 3423 Dass der akustische Eindruck an sich durch die Zahl der
823 3334 3847 3597 Schwingungen auszudrücken ist, ist eine lang bekannte Tatsache.
1188 3440 4279 3728 Bekannt ist auch, dass das Verhältnis gewisser Schwingungszahlen
819 3626 4059 3906 der Klangschönheit im Verhältnis eines Tones zumanderen entspricht.
1196 3826 4127 4042 Es ist ferner bekannt, dass, wenn ein Ton angeschlagen wird,
814 3953 4203 4258 nicht nur dieser Ton selbst vom menschlichen Ohr perzipiert wird, son-
836 4080 4245 4352 dern auch gewisse andere Tönem die in einem absolut mathematisch-regel-
831 4271 4148 4513 mässigen Verhältnis zu dem Grundton stehen: die sogenannten Obertöne
852 4462 2023 4712 (die quint der Oktave).
