4584 5656
713 623 1130 864 (Kunst)
992 773 3974 1160 Auch in der bildenden Kunst, was kaum weiterer Ausführung be-
717 1053 2939 1302 darf, ist der Geist der Zahl durchaus wirksam.
1023 1203 3239 1474 Grössenverhältnisse. Perspektivenverhaltnisse,
1023 1310 4038 1590 Es besteht nicht nur ein Verhältnis zwischen der Naturwahrheit
722 1461 4073 1787 und der mathematisch festzustellenden Richtigkeit eines bildnerischen
735 1680 3832 1908 Kunstwerks, sondern auch zwischen seiner Schönheit und dieser in
735 1834 3222 2084 mathematischer Formel aufzuzeichnenden Richtigkeit.
1031 1933 4056 2217 Während aber das Verhältnis zwischen Naturwahrheit und mathema-
760 2097 4176 2372 tischer Richtigkeit sich vollkommen reich ausdrücken liesse, bliebe bei
765 2264 4146 2530 dem Versuch, ein Gleiches in Hinsicht auf das Verhältnis von Schönheit
765 2419 3944 2689 und mathematischer Formel zu unternehmen, ein unauflösbarer Rest.
1057 2582 4103 2784 Allerdings ist es wahrscheinlich, dass dieser Rest beträchtlich
773 2720 4008 2973 kleiner istm als wir heute bei der noch geringen Ausbildung unserer
769 2891 4112 3175 Kenntnis der in künsterlischen Werken wirksamen Zahlengesetze glauben
786 3136 1169 3347 möchte.
1070 3175 4133 3454 Jedenfalls ist es sicher, dass gewisse perspektivische Einfälle
791 3360 4137 3639 des Künstlers, ja vielleicht auch gewisse Farbenverhältnisse sich mit
808 3506 4060 3776 viel grösserer Präzision in mathematischen Formeln werden ausdrücken
795 3733 2182 3944 lassen, als man heute weiss,
1151 3798 4124 4086 Von gewissen auf der Hand liegenden Bedingungen, wie z.B. das
812 3983 4262 4236 Verhältnis des Kunstwerkes zu dem umgebenden geschlossenen oder offenen
825 4142 4026 4365 Raum, zum Rahmen, zu andern in der Nähe befindlichen Kunstwerken,-
825 4262 4193 4563 lauter Bedingungen, für die es ganz feste Zahlengesetze gibt, braucht
829 4498 2599 4692 gar nicht erst gesprochen zu werden.
