4472 5544
2302 349 2724 590 V. P. St. März
3327 582 3487 789 5)
634 599 1009 802 (Kunst)
634 767 3948 1108 (nebst vielen andern, von denen hier noch nicht gesprochen wurde) be-
621 1056 1159 1315 folgt hat.
823 2224 3823 2435 In Hinsicht auf das Drama sind ganz ähnliche Dinge zu erwägen.
810 2370 1672 2526 Dauer der Szenen.
819 2470 2392 2694 Dauer der Zwischenakte. (Rahmen)
806 2655 1720 2862 Zwischenaktsmusik.
754 2814 3931 2987 Fähigkeit der Zwischenaktsmusik, eine Zeit länerg oder kürzer er-
629 2957 1595 3172 scheinen zu lassen.
784 3116 2336 3306 Stimmung der Zwischenaktemxxik.
771 3254 2340 3444 Benehmen der Leute in den Pusen.
771 3297 4112 3620 Fähigkeit, ja Pflicht des Dichters, den Hörer in sein Stück zurückzu-
634 3569 1056 3763 reissen.
771 3599 4030 3832 Wirkung, die davon ausgeht, dass ein Stück tatsächlich nicht länger
629 3810 4086 4112 spielt, als der dargestellte Vorgang im Leben erfordert hätte. (Beinahe
634 4004 2108 4228 nur in Einaktern durchführbar)
784 4051 4047 4426 Wirkung, die daraus erfolgt, dass im Laufe eines Theaterabends eine
634 4319 2724 4547 ganze menschliche Existenz aufgerollt wird.
771 4500 1823 4655 Relativität der Zeit.
763 4586 4086 4793 Man setzt ein Gespräch um 11 Uhr abends fort, das manum 7 Uhr Abends
638 4823 3987 5008 abgebrochen hat; in der Zwischenzeit hat man ungeheure Schicksale von
629 4978 2599 5172 Jahrzehnten mit einem Anderen miterlebt.
763 5090 2095 5280 Zeitlicher Wert des Wortes.
767 5241 2052 5362 Zeitlicher Wert des v.
