4440 5544
2179 308 2457 556 "    "
3649 350 3856 518 :1:
3097 274 3417 590 1.°
1605 346 1816 556 onès le
3358 569 3548 742 3)
670 565 1045 792 (Kunst)
889 784 3877 1066 Diejenige Kunst, in der es auf den ersten Blick am schwersten
657 1007 3902 1226 zu fallen scheint, die wirksamen Zahlengesetze aufzufinden, ist die
670 1201 1256 1395 Dichtkunst.
927 1285 3986 1534 Vielleicht kommen wir am ehesten durch den Vergleich mit den an-
670 1525 3906 1698 deren Künsten, durch Herausfinden von Analogieen auf Tatsachen, die
687 1673 3952 1833 dafür sprechen, dass auch in der Poesie der Geist der Zahl lebhafter
683 1799 2440 2010 wirkt, als man gemeiniglich annimmt.
965 1913 3830 2132 Fragen wir uns zuerstm ob es in der Dichtkunst nicht irgend
691 2107 3872 2296 einen Moment gibt, das dem Begriff des Rhytmus und den Begrifft der
683 2225 4024 2448 Perspektive nicht nur im Sinne eines geistreichen Vergleichs, sondern
695 2419 2065 2634 im tieferen Sinne entspricht.
969 2587 1643 2790 Ein Beispiel.
973 2701 3906 2945 Nehmen wir an, es wäre die Aufgabe gestellt, über einen be-
699 2903 4058 3068 stimmten Vorgang eine Novelle zu schreiben.Dieser Vorgag hat in Wirk-
691 3030 4049 3245 lichkeit die Dauer von acht Tagen in Anspruch genommen, und der Novel-
699 3228 4054 3384 list hat uns das Ganze auf zehn Seiten zu berichten. Es ist natürlich,
691 3346 3936 3540 dass er uns unmöglich den ganzen Vorgang ideaI, wahrheitsgetreu er-
691 3523 3915 3717 zählen kann. Er wird in die Lage kommen, Dinge, die sich in vielen
704 3632 4087 3872 Stunden abgespielt haben, in einer Mitteilung von wenigen Zeilen zu er-
699 3835 4033 3999 ledigen, während er wieder andres, beispielsweise einen Dalog, genau
699 3978 2848 4167 im originalen Zeitverhältnis berichten wird.
990 4117 4070 4315 In einem andern Fall wird er in die Notwenigkeit versetzt sein,
687 4294 3957 4547 Dinge, die zu ihrem tatsächlichen Verlauf Jahre gebraucht haben, in
699 4408 3872 4618 wenigen Sekunden mitzuteilen.(Und nun verging eine lange Zeit der
704 4614 1959 4795 Qual, des Zweifels "etc.)
1041 4711 4016 4913 Selbstverständlich ist es nicht der Willkür der Erzählers an-
691 4884 4016 5078 heimgegeben, welchem Teil des Vorgangs er gekürzt, welchen er seiner
