3368 4120
2926 599 3092 798 131
736 769 2852 961 sicher. - Können Sie mir fünf Gulden lethen?"
1178 878 3021 1050 "Ja", sagte Saxberger zu seiner eigenen
763 1065 3065 1267 Verwunderung, denn er lieh nur in den seltendsten
757 1178 3071 1380 Fällen Geld her. Und er öffnete seine Brieftasche
763 1404 3018 1597 und reichte ihm diskret die gewünschte Banknote.
748 1546 3039 1689 Linsmann steckte sie in die Westentasche ohne zu
775 1691 3110 1858 danken. Er nickte nur mit dem Kopf, hing stch wie
769 1831 2926 2012 der in Saxberger ein und während sie - als die
766 1976 3101 2157 letzten der Gesellschaft - dem Gasthause zuschrit
786 2128 3169 2315 ten, sagte er: "Ja, so weit kommt man schliesslich!
777 2309 2291 2484 Schundromane schreiben statt.....
1223 2484 1828 2623 "Statt...?"
1145 2602 3151 2795 Linsmann schwieg eine Weile, dann sagte er
786 2730 3137 2973 mit einem kurzen Lachen, "statt gar nichts zu tun.
