<?xml version="1.0" encoding="UTF-8" standalone="yes"?>
<PcGts xmlns="http://schema.primaresearch.org/PAGE/gts/pagecontent/2013-07-15" xmlns:xsi="http://www.w3.org/2001/XMLSchema-instance" xsi:schemaLocation="http://schema.primaresearch.org/PAGE/gts/pagecontent/2013-07-15 http://schema.primaresearch.org/PAGE/gts/pagecontent/2013-07-15/pagecontent.xsd">
    <Metadata>
        <Creator>prov=READ-COOP:name=TrHtr:version=2.1.0:model_id=51170:date=14_08_2023_22:16</Creator>
        <Created>2023-05-10T14:38:33.770+02:00</Created>
        <LastChange>2023-08-14T22:16:59.647+02:00</LastChange>
        <TranskribusMetadata docId="1428643" pageId="55422529" pageNr="17" tsid="132827902" status="IN_PROGRESS" userId="64420" imgUrl="https://files.transkribus.eu/Get?id=HWZELLALIYSMLQNQDLDXBACP&amp;fileType=view" xmlUrl="https://files.transkribus.eu/Get?id=UYEAPJWAZOCUXTDEZQJOWQIW" imageId="44696608"/>
    </Metadata>
    <Page imageFilename="1428643_0017.jpg" imageWidth="3320" imageHeight="4088">
        <ReadingOrder>
            <OrderedGroup id="ro_1711815559215" caption="Regions reading order">
                <RegionRefIndexed index="0" regionRef="tr_1"/>
                <RegionRefIndexed index="1" regionRef="tr_2"/>
            </OrderedGroup>
        </ReadingOrder>
        <TextRegion id="tr_1" custom="readingOrder {index:0;}">
            <Coords points="677,785 3225,785 3225,2412 677,2412"/>
            <TextLine id="tr_1_tl_1" custom="readingOrder {index:0;}">
                <Coords points="725,901 2837,901 3125,858 3128,768 2682,666 2292,765 728,774"/>
                <Baseline points="743,865 763,865 808,865 853,865 898,865 942,865 987,865 1032,865 1077,865 1121,865 1166,862 1211,865 1256,862 1300,862 1345,862 1390,862 1435,862 1480,859 1524,859 1569,859 1614,856 1659,856 1703,862 1748,859 1793,859 1838,859 1882,856 1927,856 1972,856 2017,856 2061,856 2106,853 2151,856 2196,856 2240,853 2285,856 2330,856 2375,853 2419,850 2464,850 2509,847 2554,850 2599,847 2643,847 2688,850 2733,850 2778,850 2822,850 2867,850 2912,850 2957,847 3001,844 3046,844 3091,844 3136,835"/>
                <TextEquiv>
                    <Unicode>brachten, der Dichter der "Wanderungen" lebe in unse</Unicode>
                </TextEquiv>
            </TextLine>
            <TextLine id="tr_1_tl_2" custom="readingOrder {index:1;}">
                <Coords points="731,1047 2775,1062 3029,1044 3029,914 731,920"/>
                <Baseline points="748,1017 754,1017 799,1020 844,1017 889,1020 933,1020 978,1020 1023,1017 1068,1017 1113,1017 1157,1017 1202,1014 1247,1014 1292,1014 1336,1014 1381,1017 1426,1017 1471,1014 1515,1014 1560,1014 1605,1014 1650,1011 1694,1011 1739,1014 1784,1011 1829,1011 1873,1011 1918,1008 1963,1011 2008,1011 2052,1011 2097,1011 2142,1008 2187,1008 2231,1008 2276,1008 2321,1005 2366,1005 2411,1005 2455,1005 2500,1002 2545,1005 2590,1002 2634,1002 2679,1002 2724,1002 2769,1002 2813,1002 2858,999 2903,999 2948,996 2992,993 3037,987"/>
                <TextEquiv>
                    <Unicode>rer Stadt; es war uns, als hätten wir eine Schuld</Unicode>
                </TextEquiv>
            </TextLine>
            <TextLine id="tr_1_tl_3" custom="readingOrder {index:2;}">
                <Coords points="731,1224 2933,1199 2936,1031 734,1093"/>
                <Baseline points="748,1169 751,1172 796,1172 841,1172 886,1172 930,1172 975,1172 1020,1172 1065,1169 1110,1169 1154,1166 1199,1166 1244,1166 1289,1169 1333,1169 1378,1169 1423,1166 1468,1166 1512,1166 1557,1166 1602,1166 1647,1163 1691,1166 1736,1166 1781,1166 1826,1163 1870,1163 1915,1160 1960,1163 2005,1160 2049,1163 2094,1160 2139,1160 2184,1160 2229,1160 2273,1160 2318,1157 2363,1160 2408,1160 2452,1157 2497,1157 2542,1157 2587,1157 2631,1154 2676,1154 2721,1154 2766,1154 2810,1154 2855,1154 2900,1151 2945,1148"/>
                <TextEquiv>
                    <Unicode>an Sie abzutragen." Meter erhob sich bei diesen</Unicode>
                </TextEquiv>
            </TextLine>
            <TextLine id="tr_1_tl_4" custom="readingOrder {index:3;}">
                <Coords points="728,1341 2862,1357 3063,1320 3063,1220 728,1236"/>
                <Baseline points="745,1324 787,1324 832,1321 877,1321 922,1324 966,1321 1011,1321 1056,1321 1101,1321 1145,1321 1190,1318 1235,1318 1280,1318 1324,1321 1369,1318 1414,1318 1459,1318 1503,1318 1548,1318 1593,1315 1638,1315 1682,1315 1727,1315 1772,1315 1817,1315 1861,1315 1906,1315 1951,1312 1996,1312 2041,1315 2085,1312 2130,1315 2175,1315 2220,1312 2264,1309 2309,1309 2354,1309 2399,1309 2443,1309 2488,1309 2533,1309 2578,1312 2622,1312 2667,1312 2712,1309 2757,1309 2801,1309 2846,1306 2891,1306 2936,1306 2980,1303 3025,1303 3070,1300"/>
                <TextEquiv>
                    <Unicode>Worten und indem er sich leicht vebeugte, sagte er</Unicode>
                </TextEquiv>
            </TextLine>
            <TextLine id="tr_1_tl_5" custom="readingOrder {index:4;}">
                <Coords points="743,1518 3187,1499 3209,1381 743,1385"/>
                <Baseline points="760,1480 799,1477 844,1477 889,1477 933,1474 978,1474 1023,1477 1068,1477 1113,1474 1157,1474 1202,1477 1247,1474 1292,1474 1336,1474 1381,1471 1426,1471 1471,1471 1515,1468 1560,1468 1605,1471 1650,1471 1694,1471 1739,1471 1784,1474 1829,1474 1873,1474 1918,1474 1963,1471 2008,1468 2052,1471 2097,1471 2142,1471 2187,1471 2231,1471 2276,1468 2321,1465 2366,1465 2411,1465 2455,1465 2500,1462 2545,1462 2590,1462 2634,1462 2679,1465 2724,1465 2769,1465 2813,1465 2858,1465 2903,1462 2948,1465 2992,1465 3037,1462 3082,1462 3127,1459 3171,1456 3216,1453"/>
                <TextEquiv>
                    <Unicode>in feierlichem Tone: "Das junge Wien bittet Sie durch</Unicode>
                </TextEquiv>
            </TextLine>
            <TextLine id="tr_1_tl_6" custom="readingOrder {index:5;}">
                <Coords points="737,1645 3042,1642 3042,1530 2747,1496 737,1530"/>
                <Baseline points="754,1629 763,1632 808,1632 853,1629 898,1629 942,1632 987,1629 1032,1629 1077,1629 1121,1629 1166,1629 1211,1629 1256,1629 1300,1626 1345,1626 1390,1626 1435,1629 1480,1632 1524,1626 1569,1626 1614,1626 1659,1626 1703,1623 1748,1623 1793,1623 1838,1623 1882,1623 1927,1623 1972,1626 2017,1626 2061,1623 2106,1623 2151,1623 2196,1620 2240,1623 2285,1620 2330,1620 2375,1617 2419,1617 2464,1617 2509,1617 2554,1617 2599,1617 2643,1617 2688,1617 2733,1617 2778,1617 2822,1617 2867,1617 2912,1617 2957,1617 3001,1614 3046,1617"/>
                <TextEquiv>
                    <Unicode>mich seine derfurchtsvollen Grüsse und seinen Dank</Unicode>
                </TextEquiv>
            </TextLine>
            <TextLine id="tr_1_tl_7" custom="readingOrder {index:6;}">
                <Coords points="746,1803 1028,1828 1227,1790 1363,1880 1580,1790 1735,1806 1735,1673 1310,1735 1186,1673 1066,1716 976,1685 746,1697"/>
                <Baseline points="763,1784 802,1787 847,1784 892,1787 936,1787 981,1787 1026,1784 1071,1784 1115,1784 1160,1784 1205,1784 1250,1784 1295,1781 1339,1781 1384,1781 1429,1781 1474,1781 1518,1778 1563,1781 1608,1781 1653,1775 1697,1766 1742,1766"/>
                <TextEquiv>
                    <Unicode>entgegen zu nehmen. „</Unicode>
                </TextEquiv>
            </TextLine>
            <TextLine id="tr_1_tl_8" custom="readingOrder {index:7;}">
                <Coords points="654,2016 678,2020 685,2013 700,2026 712,2026 731,2020 746,2004 768,2007 781,1806 666,1806"/>
                <Baseline points="677,1927 692,1927 737,1924 781,1921"/>
                <TextEquiv>
                    <Unicode>3e4</Unicode>
                </TextEquiv>
            </TextLine>
            <TextLine id="tr_1_tl_9" custom="readingOrder {index:8;}">
                <Coords points="1134,1982 2258,1998 2599,1930 3008,2001 3181,1973 3181,1837 2738,1790 1914,1858 1676,1797 1134,1858"/>
                <Baseline points="1151,1936 1175,1939 1220,1936 1265,1936 1309,1936 1354,1939 1399,1939 1444,1939 1488,1936 1533,1936 1578,1936 1623,1936 1668,1933 1712,1933 1757,1933 1802,1933 1847,1933 1891,1933 1936,1933 1981,1933 2026,1933 2070,1930 2115,1933 2160,1933 2205,1930 2249,1933 2294,1930 2339,1930 2384,1930 2428,1930 2473,1930 2518,1930 2563,1927 2607,1927 2652,1927 2697,1930 2742,1927 2787,1927 2831,1930 2876,1930 2921,1930 2966,1930 3010,1930 3055,1924 3100,1924 3145,1921 3189,1921"/>
                <TextEquiv>
                    <Unicode>Saxberger wollte sich erheben, aber der jun</Unicode>
                </TextEquiv>
            </TextLine>
            <TextLine id="tr_1_tl_10" custom="readingOrder {index:9;}">
                <Coords points="731,2128 3104,2134 3221,2122 3221,2004 2800,1942 2571,2013 2382,1951 731,2010"/>
                <Baseline points="748,2103 763,2103 808,2094 853,2094 898,2094 942,2094 987,2091 1032,2094 1077,2091 1121,2091 1166,2091 1211,2094 1256,2091 1300,2091 1345,2091 1390,2091 1435,2091 1480,2091 1524,2091 1569,2091 1614,2091 1659,2094 1703,2091 1748,2088 1793,2088 1838,2088 1882,2091 1927,2088 1972,2088 2017,2088 2061,2088 2106,2085 2151,2088 2196,2085 2240,2085 2285,2085 2330,2082 2375,2082 2419,2085 2464,2085 2509,2085 2554,2085 2599,2085 2643,2085 2688,2082 2733,2082 2778,2085 2822,2085 2867,2085 2912,2085 2957,2085 3001,2085 3046,2088 3091,2088 3136,2088 3180,2088 3225,2094"/>
                <TextEquiv>
                    <Unicode>ge Mann drückte ihn freundlich auf den Sessel nieder,</Unicode>
                </TextEquiv>
            </TextLine>
            <TextLine id="tr_1_tl_11" custom="readingOrder {index:10;}">
                <Coords points="719,2270 2936,2277 2936,2181 2466,2119 2345,2178 1416,2187 1279,2106 719,2168"/>
                <Baseline points="737,2252 751,2252 796,2249 841,2249 886,2246 930,2246 975,2246 1020,2246 1065,2246 1110,2249 1154,2249 1199,2246 1244,2249 1289,2249 1333,2246 1378,2249 1423,2249 1468,2249 1512,2249 1557,2246 1602,2246 1647,2246 1691,2246 1736,2243 1781,2243 1826,2243 1870,2243 1915,2243 1960,2246 2005,2243 2049,2243 2094,2246 2139,2243 2184,2243 2229,2243 2273,2240 2318,2240 2363,2240 2408,2240 2452,2240 2497,2240 2542,2243 2587,2240 2631,2240 2676,2240 2721,2240 2766,2240 2810,2240 2855,2240 2900,2237 2945,2226"/>
                <TextEquiv>
                    <Unicode>Mit etwas bewegter Stimme antwortete Saxberger:</Unicode>
                </TextEquiv>
            </TextLine>
            <TextLine id="tr_1_tl_12" custom="readingOrder {index:11;}">
                <Coords points="737,2397 914,2463 1623,2401 3067,2463 3026,2261 737,2317"/>
                <Baseline points="754,2390 799,2393 844,2399 889,2396 933,2396 978,2399 1023,2396 1068,2399 1113,2396 1157,2399 1202,2396 1247,2399 1292,2396 1336,2399 1381,2399 1426,2396 1471,2399 1515,2399 1560,2402 1605,2399 1650,2399 1694,2396 1739,2396 1784,2396 1829,2396 1873,2396 1918,2396 1963,2396 2008,2396 2052,2396 2097,2396 2142,2393 2187,2396 2231,2396 2276,2393 2321,2393 2366,2393 2411,2396 2455,2396 2500,2396 2545,2396 2590,2396 2634,2393 2679,2393 2724,2393 2769,2393 2813,2393 2858,2390 2903,2390 2948,2390 2992,2390 3037,2390 3073,2390"/>
                <TextEquiv>
                    <Unicode>"Ich danke Ihnen, ick weiss nicht, nein, ich weiss</Unicode>
                </TextEquiv>
            </TextLine>
        </TextRegion>
        <TextRegion id="tr_2" custom="readingOrder {index:1;}">
            <Coords points="740,2492 3168,2492 3168,3641 740,3641"/>
            <TextLine id="tr_2_tl_1" custom="readingOrder {index:0;}">
                <Coords points="731,2583 3113,2555 3088,2435 731,2438"/>
                <Baseline points="748,2554 790,2557 835,2557 880,2557 925,2557 969,2557 1014,2557 1059,2557 1104,2557 1148,2557 1193,2554 1238,2554 1283,2554 1327,2554 1372,2557 1417,2557 1462,2557 1506,2557 1551,2557 1596,2557 1641,2554 1685,2551 1730,2554 1775,2554 1820,2551 1864,2551 1909,2551 1954,2551 1999,2551 2044,2551 2088,2551 2133,2551 2178,2551 2223,2551 2267,2551 2312,2551 2357,2551 2402,2551 2446,2551 2491,2551 2536,2551 2581,2551 2625,2551 2670,2551 2715,2551 2760,2548 2804,2548 2849,2548 2894,2548 2939,2548 2983,2548 3028,2545 3073,2545 3118,2542"/>
                <TextEquiv>
                    <Unicode>wirklich nicht....  er hielt ein paar Augenbliche</Unicode>
                </TextEquiv>
            </TextLine>
            <TextLine id="tr_2_tl_2" custom="readingOrder {index:1;}">
                <Coords points="734,2735 3138,2744 3163,2605 734,2608"/>
                <Baseline points="751,2712 796,2712 841,2715 886,2712 930,2715 975,2712 1020,2712 1065,2712 1110,2715 1154,2712 1199,2712 1244,2712 1289,2712 1333,2712 1378,2712 1423,2712 1468,2709 1512,2712 1557,2712 1602,2709 1647,2706 1691,2712 1736,2712 1781,2709 1826,2709 1870,2709 1915,2706 1960,2706 2005,2706 2049,2706 2094,2706 2139,2706 2184,2706 2229,2709 2273,2709 2318,2706 2363,2706 2408,2709 2452,2709 2497,2706 2542,2706 2587,2706 2631,2706 2676,2706 2721,2706 2766,2706 2810,2703 2855,2703 2900,2706 2945,2703 2989,2703 3034,2703 3079,2703 3124,2700 3168,2700"/>
                <TextEquiv>
                    <Unicode>inne, während der junge Mann ihn ruhig und mit einen</Unicode>
                </TextEquiv>
            </TextLine>
            <TextLine id="tr_2_tl_3" custom="readingOrder {index:2;}">
                <Coords points="734,2871 2868,2905 3076,2865 3076,2741 734,2760"/>
                <Baseline points="751,2855 757,2852 802,2852 847,2852 892,2852 936,2855 981,2855 1026,2855 1071,2855 1115,2855 1160,2855 1205,2852 1250,2852 1295,2855 1339,2852 1384,2855 1429,2855 1474,2855 1518,2855 1563,2855 1608,2855 1653,2852 1697,2852 1742,2852 1787,2849 1832,2852 1876,2849 1921,2852 1966,2849 2011,2852 2055,2849 2100,2849 2145,2849 2190,2849 2234,2846 2279,2846 2324,2846 2369,2846 2414,2849 2458,2849 2503,2849 2548,2849 2593,2852 2637,2849 2682,2849 2727,2846 2772,2846 2816,2849 2861,2846 2906,2849 2951,2849 2995,2849 3040,2846 3085,2843"/>
                <TextEquiv>
                    <Unicode>aufmunternden Lächeln ins Gesicht sah, dann sprach</Unicode>
                </TextEquiv>
            </TextLine>
            <TextLine id="tr_2_tl_4" custom="readingOrder {index:3;}">
                <Coords points="740,3060 2986,3063 3045,2884 740,2933"/>
                <Baseline points="757,3013 802,3013 847,3013 892,3013 936,3013 981,3013 1026,3013 1071,3013 1115,3013 1160,3016 1205,3010 1250,3013 1295,3010 1339,3013 1384,3013 1429,3013 1474,3010 1518,3010 1563,3013 1608,3010 1653,3010 1697,3013 1742,3013 1787,3013 1832,3013 1876,3013 1921,3010 1966,3010 2011,3010 2055,3010 2100,3010 2145,3010 2190,3010 2234,3010 2279,3007 2324,3010 2369,3010 2414,3010 2458,3013 2503,3010 2548,3013 2593,3010 2637,3010 2682,3010 2727,3010 2772,3013 2816,3013 2861,3013 2906,3013 2951,3013 2995,3013 3040,3013 3049,3016"/>
                <TextEquiv>
                    <Unicode>er wetter. "Es ist so lange her — ich.... ich.....</Unicode>
                </TextEquiv>
            </TextLine>
            <TextLine id="tr_2_tl_5" custom="readingOrder {index:4;}">
                <Coords points="728,3203 2961,3215 2986,3036 728,3076"/>
                <Baseline points="745,3168 754,3168 799,3165 844,3165 889,3165 933,3165 978,3165 1023,3165 1068,3165 1113,3168 1157,3165 1202,3168 1247,3165 1292,3168 1336,3165 1381,3168 1426,3168 1471,3162 1515,3165 1560,3162 1605,3162 1650,3162 1694,3162 1739,3162 1784,3162 1829,3162 1873,3159 1918,3162 1963,3162 2008,3162 2052,3165 2097,3162 2142,3165 2187,3162 2231,3159 2276,3159 2321,3159 2366,3159 2411,3159 2455,3159 2500,3162 2545,3159 2590,3159 2634,3159 2679,3162 2724,3159 2769,3159 2813,3159 2858,3159 2903,3159 2948,3159 2992,3165"/>
                <TextEquiv>
                    <Unicode>ich weiss ja nichts mehr davon, man hat damals so</Unicode>
                </TextEquiv>
            </TextLine>
            <TextLine id="tr_2_tl_6" custom="readingOrder {index:5;}">
                <Coords points="737,3370 2639,3314 3113,3386 3113,3187 737,3181"/>
                <Baseline points="754,3327 793,3321 838,3318 883,3315 928,3315 972,3315 1017,3315 1062,3318 1107,3315 1151,3315 1196,3315 1241,3315 1286,3315 1330,3315 1375,3315 1420,3315 1465,3318 1509,3315 1554,3312 1599,3312 1644,3312 1688,3312 1733,3312 1778,3312 1823,3312 1867,3312 1912,3312 1957,3315 2002,3318 2046,3318 2091,3318 2136,3315 2181,3312 2226,3312 2270,3312 2315,3312 2360,3312 2405,3312 2449,3312 2494,3312 2539,3312 2584,3312 2628,3309 2673,3309 2718,3312 2763,3312 2807,3312 2852,3312 2897,3312 2942,3312 2986,3312 3031,3312 3076,3312 3121,3309"/>
                <TextEquiv>
                    <Unicode>gar kein Wesens aus dem Ding gemacht. Ich hab schon</Unicode>
                </TextEquiv>
            </TextLine>
            <TextLine id="tr_2_tl_7" custom="readingOrder {index:6;}">
                <Coords points="722,3503 2943,3513 2989,3351 725,3379"/>
                <Baseline points="740,3473 757,3470 802,3470 847,3470 892,3470 936,3470 981,3470 1026,3470 1071,3470 1115,3467 1160,3470 1205,3470 1250,3470 1295,3470 1339,3470 1384,3470 1429,3470 1474,3467 1518,3470 1563,3467 1608,3467 1653,3467 1697,3467 1742,3464 1787,3467 1832,3467 1876,3467 1921,3467 1966,3467 2011,3467 2055,3467 2100,3467 2145,3467 2190,3467 2234,3467 2279,3467 2324,3467 2369,3467 2414,3467 2458,3467 2503,3467 2548,3467 2593,3467 2637,3467 2682,3467 2727,3470 2772,3470 2816,3467 2861,3467 2906,3467 2951,3467 2995,3470"/>
                <TextEquiv>
                    <Unicode>so lang nichts geschrieben. Es kümmert sich auch</Unicode>
                </TextEquiv>
            </TextLine>
            <TextLine id="tr_2_tl_8" custom="readingOrder {index:7;}">
                <Coords points="722,3695 1168,3633 1474,3705 1784,3633 2060,3723 2840,3686 2967,3649 2967,3478 722,3513"/>
                <Baseline points="740,3625 784,3622 829,3622 874,3622 919,3622 963,3622 1008,3622 1053,3622 1098,3622 1142,3625 1187,3625 1232,3622 1277,3625 1321,3622 1366,3622 1411,3622 1456,3622 1500,3622 1545,3622 1590,3622 1635,3622 1679,3625 1724,3625 1769,3625 1814,3625 1858,3625 1903,3625 1948,3622 1993,3625 2038,3625 2082,3625 2127,3625 2172,3625 2217,3625 2261,3625 2306,3625 2351,3628 2396,3625 2440,3625 2485,3625 2530,3628 2575,3628 2619,3628 2664,3628 2709,3631 2754,3631 2798,3631 2843,3628 2888,3628 2933,3628 2974,3628"/>
                <TextEquiv>
                    <Unicode>ntemand darum uns nach und nach hab ich die Lust</Unicode>
                </TextEquiv>
            </TextLine>
        </TextRegion>
    </Page>
</PcGts>
