3336 4120
2770 470 2911 611 97
1122 655 3005 840 "Na", rief Grossinger, „da sinds aber bos
761 773 2929 987 hafter gewesen in Ihrer Jugend, wie die andern
746 961 2086 1143 Leut! Gleich drucken lassen,
1169 1060 2890 1290 Saxberger war wiltend. “Ich hab keine
758 1272 3117 1454 Knittelretme gemacht! Gedichte schöne, lange ernst
758 1386 2861 1616 hafte Sachen hab ich geschrieben, verstehns?"
776 1542 3131 1742 Saxberger war so laut gewesen, dass einige von den
767 1698 2374 1912 Nebensitzenden aufmerksam wurden.
1190 1886 3117 2027 Grossinger lachte und sagte zu Saxberger.
811 1998 3064 2209 „Warum erzählend' uns denn das? Wenn Sie keine ge
796 2147 2726 2335 schrieben hätten wärs viel merkwürdiger!"
1204 2282 3061 2473 Und ehe noch Saxberger darauf etwas er
790 2426 3096 2667 widern konnte hatten andre in das Gespräch einge
808 2623 3090 2832 griffen. Es stellte sich heraus, dass alle früher
808 2773 3049 2967 einmal Verse geschrieben hatten und sie lachten,
796 2987 2230 3131 wie sie sich daran erinnerten.
1231 3026 3123 3278 Saxberger, der hinter dem Sessel Grossin
793 3214 940 3366 G.H.F.P.
831 3261 3084 3457 gers stehen geblieben war, vermochte nicht lange
814 3396 3096 3631 zuzuhören. Seine anfängliche Erbitterung schmolz
