3304 4040
2702 444 2890 635 204
689 598 2563 849 und sann ein paar Sekunden vor sich hin.
703 755 2944 951 "Ja wer soll Ihnen denn schliesslich garantieren
715 920 2440 1176 für die Ermunterung und Anerkennung?"
1167 1022 2953 1227 "Ja, wenn aber Sie selber meine Sachen
703 1267 2899 1466 lesen möchten, Sie, Herr Saxberger, und mich er
706 1449 1569 1566 muntern täten....“
1139 1501 2865 1686 "Ich, der Herr Saxberger! Wer bin den
720 1654 2845 1842 ich, der Herr Saxberger? Was glaubend denn et
720 1891 1780 2087 gentlich war ich bin?“
1142 2039 1583 2158 “Oh....    "
1139 2121 2961 2298 „Vielleicht war derjunge Herr Saxberger
726 2267 2978 2463 was — ist ja möglich, ich weiss heute selber nim
732 2409 2648 2603 mer, weil ich nichts mehr davon versteh."
1148 2594 3021 2751 Er schwieg eine Weile. "Mein lteber Herr
732 2725 2959 2984 Winder", sagte er dann, "gehn Sie zu wein andenn
740 2879 2899 3129 ich begreif gar nicht, wie Sie gerade auf mich
740 3001 2916 3212 kommen. Die Wanderungen! Ja, sagens aufrichtig¬
740 3155 3033 3428 haben Ihnen denn die gar so gut gefallen? Was hat
743 3360 2489 3520 Ihnen denn dran gar so gut gefallen?"
