3368 4152
2904 533 3074 725 140
824 731 3088 906 fangen: "Warum haben Sie mir denn eigentlich auf
819 878 2348 1058 meinen Brief nicht geantwortet?"
1231 1039 3125 1200 "Geantwortet!" wiederholte er mechanisch.
1264 1177 2625 1380 "Nun ja", sagte sie lächelnd.
1248 1287 3085 1504 Er musste sich gestehen: daran hatte er
847 1482 2125 1677 keinen Momant lang gedacht.
1270 1626 2966 1835 "Ihr Brief....“ sagte er, “Ihr Bref
844 1798 1891 2007 hat mich sehr gefeut."
1264 1931 3235 2103 Sie sah ihn an, mit einem leicht schmollen
852 2111 2978 2286 den Zug um den Mund, der sie um zehn Jahre äl
858 2281 1425 2439 ter machte.
1290 2377 3029 2566 "Sehr gefreut..." wiederholte sie mit
878 2546 3071 2741 dem Ausdrucke eines Kindes, das man bös gemacht
858 2712 2896 2899 hat und mehr weiss er mir nicht zu sagen! "
1293 2842 3088 3062 In diesem Augenblick hatte Herr Saxber
878 3026 3133 3206 ger die Empfindung, dass er das Fräulein am lieb
881 3192 3093 3381 sten hinausverfen würde. — Er merkte ganz deut
883 3302 3147 3511 lich: Nur so lange sie seine Gedichte gelesen,
883 3525 2345 3686 war sie ihm erträglich gewesen.
