3368 4120
2807 511 2944 738 35
687 711 3058 893 wenn ers nicht recht verstanden hätte, "Saxberger?"
1096 884 2944 1066 Der Dichter der Wandrungen“, erläuterte
669 1042 1857 1218 Meter etwas ärgerlich....
1081 1197 3067 1389 Aha! sagte der kleine Mann und nichte et -
678 1347 3037 1523 nigemale mit dem Kopf. Dann setzte er sich im Win
690 1484 3094 1636 terrock und den Hut auf dem Kopfe an den Nebentisch,
672 1663 2885 1786 wandte sich aber zu den Andern und sagte: "Also
675 1801 1368 1965 wisst Ihr was?
1063 1962 2243 2111 "Nun", fragten die Andern
1090 2093 2825 2252 "Ich bin den ganzen Nachmittag in der
654 2234 2956 2437 Stadt herumgerannt, ich hab über uns nachgedacht,
663 2404 3052 2577 also es muss etwas geschehen - " er sprudelte diese
651 2586 1562 2732 Sätze rasch hervor.
1084 2664 3100 2909 "Was muss geschehen!" fragte Blink, der nun
657 2849 2667 3010 die Zeitung auf seinen Schoss gelegt hatte.
1084 2992 3043 3189 "Man muss etwas von uns erfahren, man muss
648 3174 2980 3342 was von uns wissen. Keln Mensch weiss was von uns,
648 3324 2861 3485 keine Seele kümmert sich um uns. War kennt Die
630 3467 2855 3652 Zeitungen nehmen keine Nottz von uns. Wer kennt
