3352 4104
2770 534 2910 707 94
686 680 2871 981 Die Verse waren ihm schal, die Retme gezwungen
695 891 2907 1112 erschienen. Er ärgerte sich auch ein wenig über
710 1070 2892 1240 das selbstaufriedene Gesicht des Delthattessen-
704 1249 2934 1398 händlers und über das übertriebene Lob, das ihm
721 1401 1386 1595 gezollt wurde.
1079 1506 3020 1735 Doch er sohwieg. Er fühlte ganz gut, dass
718 1655 2901 1875 jedes Wort der Kritik jetzt die gute Laune der
730 1819 3124 2036 Gesellschaft gestört hätte. Man hütte es auch falsh
733 2021 2606 2188 aufgefasst und so blieb er ruhig sitzen.
2826 2012 3011 2146 G.C.H.F.P.
1145 2135 2850 2302 Bald erhob sich ein aderer Herr, der
745 2281 2957 2480 gleichfalls den Jubtlar leben liess. Es war ein
742 2451 2919 2624 Gymnastallehrer, der in einigen ernsten Worten
748 2594 2960 2770 den Jubtlar als Muster aller Bürgertugenden hin
757 2707 2999 2972 stellte. Bald nach ihm stand wieder dnerauf, der
757 2895 2269 3103 auf das Wohl "der Frauen" trank.
1181 3071 3032 3235 Wieder applaudterte man, wieder beglück
763 3211 3002 3378 wünschte man den Redner, Grossingers Ruhm war er
772 3336 3005 3604 blichen. Aber in Saxberger wühlte es noch immer
865 3569 999 3697 G.H.F.P
