3352 4120
2731 473 2962 761 171
1067 691 2786 894 Fr채ulein Gasteiner neigte leicht den
691 812 3019 1012 Kopf zum Dank und las uetter Sie las noch drei He
715 1000 2949 1164 dichte, die alle mit Beifall aufgenommen wurden.
703 1134 3134 1331 Nur schien es Saxberger, dass sie dem Publikum nicht
712 1303 2952 1507 Zeit genug liess sich auszutoben - und ihn immer
706 1455 3013 1622 um ein Endchen Applaus brachte, indem sie ein neu
715 1619 3001 1804 es Gedicht begann. Wie sie aber geendet hatte und
706 1785 2904 1931 Meter sie vom Podium herunterbegleitete und der
694 1937 2998 2089 Applaus noch fortm채hrte, fasste sie Saxberger bet
709 2055 2968 2240 der Hand, um ihn hinauszuziehen. Er wollte durch
712 2225 3031 2392 aus nicht. Sie ging allein hinaus und es wurde ihr
718 2380 3034 2546 durch den Saaldiener ein kleiner Lorbeerkranz 체ber
706 2543 3001 2707 reicht und wie sie mit ihm abging und der Applaus
706 2704 3022 2868 neuerdings erschallte - fasste sie den Dichter wie
706 2828 2916 2992 der bei der Hand und er musste sich nun endlich
709 2974 2968 3192 doch hinausf체hren lassen.... Ja, nun war der Au
718 3134 3049 3313 genblick da. Der Betfall umbrauste ihn. Er empfand
703 3277 3095 3468 nichts besonderes dabet, kaum die Verlegenheit, die
