3352 4072
2906 539 3042 728 57
758 683 3039 990 ste sagten und auch er stand eigentlich der Welt
776 864 2946 1116 gegenübernoch auf demselben Platze wie sie: er
761 999 3039 1294 hatte geschaffen und suchte die Anerkennung, die
764 1182 3090 1420 ihm bisher versagt geblieben. Nun hatte er sie ja
689 1348 3096 1595 wenigstens zum Tetl gefunden, und zu einer Zeit, da
776 1480 3123 1727 er fast vergessen hatte, dass er ihrer wildig wä -
767 1643 3087 1859 re. Nun aber konnte er doch nicht mehr daran xxxet
767 1835 3042 2052 feln und wenn er wie es je tzt manchmal geschah
764 1977 2994 2199 in seinen Dichtungen blätterte, da verweilte er
785 2097 3171 2326 selbst bei einem oder dem andern Gedichte mit etner
782 2296 3084 2518 gewissen Rührung und begann sich zu wundern, dass
773 2410 3126 2654 die Welt an diesen Versen so achtlos vorüber gegan
773 2627 1119 2831 genwan
1188 2699 3009 2876 Und auch seine jungen Freunde sprachen
794 2858 3171 3087 oft von dem Undank der Menge. Auch sie hatten sich,
773 3042 3096 3277 wie sie behaupteten, in den Wanderungen ihre Lieb
770 3156 3192 3400 lingsgedichte ausgewähdt; und in einem Gedicht, das
761 3313 3177 3595 Meter vor einigen Tagen geschrieben konnte man nach
773 3478 2994 3743 Anschauung der übrigen ganz deutlich Saxbergers
