3336 4088
703 774 815 926 G.H.F.P
962 1053 1288 1247 G.C.H.F.P
779 1238 868 1365 G.C.F.P.
871 1303 2938 1509 An den nächsten xxxet Nachmittagen
718 1374 818 1515 G.H.F.P
732 1535 2985 1688 stöberte Saxberger in den unteren Fächeren seine
738 1677 3032 1838 Bücherschranks herum. Da fand er alte Journale, in
741 1788 3029 2029 welchen seinerzeit Gedichte von ihm erschienen wa
753 1953 3035 2156 ren, vergilbte Manuskripte von seiner eigenen Han
753 2171 3027 2321 fand auch Zeitungen in denen Verse von Jugendgeno
750 2318 3068 2462 sen standen, an deren Namen er sich erst almählich
741 2418 3094 2624 wieder erinnerte. Keiner von ihnen hatte es zu
724 2565 3021 2765 Rechtem gebracht, keiner war bekannt geworden. Und
756 2727 3077 2927 er selbst! Er war nur mehr der Beamte Saxberger ge
741 2894 3109 3068 wesen durch viele Jahre und hatte gar nicht mehr die
744 3041 3082 3221 ran gedacht was anderes zu seth. Er hatte zuweilen
747 3194 3006 3394 auch Rückschau gehalten in sein verangenes Leben
750 3365 2909 3532 auch an seine Jugendverse hatte er zuweilen ge
824 3494 3177 3762 acht wie an andre Jugendtorheiten, aber davon, dass
