3384 4136
2761 609 2924 775 149
796 714 2851 962 gemacht. Da musste seine freie Dichter seele
781 912 3017 1105 ersticken. Wie er aber nun eine halbe Minute gar
790 1073 2944 1297 nicht redete, taten dem gutherzigen Grossinger
793 1236 3037 1466 seine hähmischen Worte leid und er versuchte sie
787 1446 1329 1597 zu mildern.
1271 1530 3116 1720 "Na,, nichts für ungut", sagte er. "Die",
802 1697 2956 1869 und er wies wieder nach der Tür, "die, ist gar
807 1842 3023 2067 nicht so bitter!...... Schauspielerin haben Sie
816 1982 3075 2175 gesagt? An was für einen Theater spielts denn?
1286 2134 3244 2309 "Ich weiss nicht", sagte Saxberger gleich
842 2312 3113 2478 giltig, "wo sie zuletzt war. " Und inder Empfin -
837 2405 3183 2644 dung, dass er das dürfe setzte er hinzu. "Ich glau
842 2650 1565 2793 be In Berlin. "
1268 2647 3058 2935 "Schön, schön", sagte Grossinger. "Als
848 2927 2976 3099 dann und jetzt“, setzte er nach einer kleinen
851 3061 2976 3244 Pause hinzu, "ein Vorschlag zur Güte! Kommens
863 3204 1871 3413 mit ins Kaffeehaus! "
1297 3390 2629 3556 "Jetzt -?!" sagte Saxberger.
1288 3515 3075 3714 "Na freilich! Es geht auf sechse. Der
