<?xml version="1.0" encoding="UTF-8" standalone="yes"?>
<PcGts xmlns="http://schema.primaresearch.org/PAGE/gts/pagecontent/2013-07-15" xmlns:xsi="http://www.w3.org/2001/XMLSchema-instance" xsi:schemaLocation="http://schema.primaresearch.org/PAGE/gts/pagecontent/2013-07-15 http://schema.primaresearch.org/PAGE/gts/pagecontent/2013-07-15/pagecontent.xsd">
    <Metadata>
        <Creator>prov=READ-COOP:name=TrHtr:version=2.1.0:model_id=51170:date=14_08_2023_22:17</Creator>
        <Created>2023-05-10T14:38:46.178+02:00</Created>
        <LastChange>2023-08-14T22:17:25.562+02:00</LastChange>
        <TranskribusMetadata docId="1428643" pageId="55423229" pageNr="110" tsid="132827996" status="IN_PROGRESS" userId="64420" imgUrl="https://files.transkribus.eu/Get?id=EDROZDBMQESPPCWPUMFHJGIQ&amp;fileType=view" xmlUrl="https://files.transkribus.eu/Get?id=EZAJPCTJKBWMBOMXSPAFADQN" imageId="44697308"/>
    </Metadata>
    <Page imageFilename="1428643_0110.jpg" imageWidth="3368" imageHeight="4120">
        <ReadingOrder>
            <OrderedGroup id="ro_1711815824077" caption="Regions reading order">
                <RegionRefIndexed index="0" regionRef="tr_1"/>
                <RegionRefIndexed index="1" regionRef="tr_2"/>
            </OrderedGroup>
        </ReadingOrder>
        <TextRegion id="tr_1" custom="readingOrder {index:0;}">
            <Coords points="788,475 3149,475 3149,2120 788,2120"/>
            <TextLine id="tr_1_tl_1" custom="readingOrder {index:0;}">
                <Coords points="2887,594 2930,591 2939,583 2966,586 2980,597 2989,588 3027,586 3039,577 3050,588 3074,588 3080,463 3050,454 3018,463 3009,454 2995,463 2960,457 2936,465 2910,439 2895,439"/>
                <Baseline points="2907,534 2946,534 2991,531 3036,528 3081,525"/>
                <TextEquiv>
                    <Unicode>100</Unicode>
                </TextEquiv>
            </TextLine>
            <TextLine id="tr_1_tl_2" custom="readingOrder {index:1;}">
                <Coords points="1177,811 2251,732 2526,787 2761,688 3001,711 3004,597 2638,536 2430,621 1944,650 1716,594 1183,653"/>
                <Baseline points="1197,737 1218,734 1262,731 1307,728 1352,728 1397,728 1442,725 1486,725 1531,722 1576,719 1621,719 1665,719 1710,716 1755,713 1800,710 1845,707 1889,710 1934,710 1979,707 2024,704 2068,704 2113,704 2158,701 2203,698 2248,695 2292,695 2337,695 2382,692 2427,689 2472,689 2516,686 2561,686 2606,683 2651,686 2695,686 2740,680 2785,677 2830,674 2875,671 2919,671 2964,665 3009,665"/>
                <TextEquiv>
                    <Unicode>Saxberger legte das Blatt nicht gleich</Unicode>
                </TextEquiv>
            </TextLine>
            <TextLine id="tr_1_tl_3" custom="readingOrder {index:2;}">
                <Coords points="773,937 3118,910 3124,697 776,837"/>
                <Baseline points="788,907 800,901 844,898 889,898 934,898 979,895 1024,892 1068,889 1113,889 1158,889 1203,886 1247,886 1292,883 1337,883 1382,880 1427,880 1471,880 1516,877 1561,877 1606,874 1650,871 1695,868 1740,871 1785,868 1830,868 1874,865 1919,862 1964,859 2009,859 2054,856 2098,856 2143,856 2188,856 2233,850 2277,850 2322,850 2367,847 2412,844 2457,844 2501,841 2546,844 2591,841 2636,838 2680,838 2725,835 2770,832 2815,832 2860,826 2904,824 2949,824 2994,821 3039,821 3084,818 3128,821"/>
                <TextEquiv>
                    <Unicode>aus der Hand, sonder tat, als wenn er noch anderes</Unicode>
                </TextEquiv>
            </TextLine>
            <TextLine id="tr_1_tl_4" custom="readingOrder {index:3;}">
                <Coords points="776,1112 3036,1071 3086,899 782,969"/>
                <Baseline points="794,1050 806,1050 850,1047 895,1047 940,1047 985,1044 1030,1041 1074,1044 1119,1041 1164,1038 1209,1038 1253,1035 1298,1032 1343,1030 1388,1032 1433,1030 1477,1027 1522,1024 1567,1021 1612,1024 1656,1021 1701,1018 1746,1018 1791,1018 1836,1015 1880,1015 1925,1012 1970,1012 2015,1009 2060,1006 2104,1006 2149,1003 2194,1003 2239,1003 2283,1000 2328,1000 2373,994 2418,994 2463,991 2507,991 2552,991 2597,991 2642,988 2686,985 2731,985 2776,985 2821,982 2866,979 2910,976 2955,976 3000,973 3045,970 3090,970"/>
                <TextEquiv>
                    <Unicode>zu lesen gedächte. In Wahrheit hatte die Nottz et</Unicode>
                </TextEquiv>
            </TextLine>
            <TextLine id="tr_1_tl_5" custom="readingOrder {index:4;}">
                <Coords points="770,1273 2646,1247 3036,1156 3039,1063 776,1133"/>
                <Baseline points="788,1206 803,1203 847,1200 892,1197 937,1194 982,1194 1027,1191 1071,1191 1116,1191 1161,1188 1206,1185 1250,1185 1295,1182 1340,1182 1385,1179 1430,1179 1474,1179 1519,1176 1564,1173 1609,1173 1653,1170 1698,1167 1743,1167 1788,1164 1833,1164 1877,1164 1922,1161 1967,1161 2012,1158 2057,1155 2101,1155 2146,1152 2191,1152 2236,1152 2280,1152 2325,1149 2370,1149 2415,1146 2460,1143 2504,1140 2549,1140 2594,1140 2639,1137 2683,1137 2728,1137 2773,1134 2818,1131 2863,1128 2907,1128 2952,1125 2997,1122 3042,1125"/>
                <TextEquiv>
                    <Unicode>nen so starken Eindruck auf ihn gemacht, dass er</Unicode>
                </TextEquiv>
            </TextLine>
            <TextLine id="tr_1_tl_6" custom="readingOrder {index:5;}">
                <Coords points="787,1405 1786,1393 1932,1312 2070,1402 2234,1335 2957,1361 2963,1197 790,1276"/>
                <Baseline points="806,1352 818,1349 862,1346 907,1346 952,1343 997,1343 1041,1340 1086,1337 1131,1337 1176,1334 1221,1334 1265,1334 1310,1331 1355,1331 1400,1328 1444,1328 1489,1325 1534,1325 1579,1325 1624,1322 1668,1322 1713,1322 1758,1319 1803,1319 1848,1316 1892,1313 1937,1310 1982,1310 2027,1310 2071,1307 2116,1307 2161,1304 2206,1304 2251,1304 2295,1304 2340,1301 2385,1301 2430,1298 2474,1295 2519,1295 2564,1292 2609,1292 2654,1292 2698,1289 2743,1286 2788,1286 2833,1283 2878,1280 2922,1277 2967,1277"/>
                <TextEquiv>
                    <Unicode>setne Bewegung verbergen musste...... der greise</Unicode>
                </TextEquiv>
            </TextLine>
            <TextLine id="tr_1_tl_7" custom="readingOrder {index:6;}">
                <Coords points="779,1581 2919,1525 2989,1353 2081,1402 1926,1314 1680,1443 785,1402"/>
                <Baseline points="797,1504 800,1501 844,1498 889,1498 934,1495 979,1495 1024,1492 1068,1489 1113,1489 1158,1489 1203,1486 1247,1486 1292,1486 1337,1483 1382,1480 1427,1480 1471,1480 1516,1477 1561,1474 1606,1474 1650,1474 1695,1471 1740,1471 1785,1471 1830,1468 1874,1465 1919,1462 1964,1462 2009,1462 2054,1459 2098,1456 2143,1453 2188,1450 2233,1453 2277,1450 2322,1447 2367,1447 2412,1444 2457,1444 2501,1442 2546,1442 2591,1439 2636,1439 2680,1439 2725,1436 2770,1433 2815,1433 2860,1430 2904,1430 2949,1430 2994,1430"/>
                <TextEquiv>
                    <Unicode>Dichter Saxberger.... Woran er vorallem dachte,</Unicode>
                </TextEquiv>
            </TextLine>
            <TextLine id="tr_1_tl_8" custom="readingOrder {index:7;}">
                <Coords points="808,1748 2954,1680 3121,1642 3127,1525 814,1581"/>
                <Baseline points="826,1650 847,1648 892,1648 937,1645 982,1645 1027,1642 1071,1639 1116,1639 1161,1639 1206,1636 1250,1636 1295,1633 1340,1630 1385,1627 1430,1627 1474,1627 1519,1624 1564,1624 1609,1624 1653,1621 1698,1618 1743,1618 1788,1615 1833,1615 1877,1612 1922,1612 1967,1612 2012,1609 2057,1609 2101,1606 2146,1609 2191,1603 2236,1603 2280,1600 2325,1597 2370,1597 2415,1594 2460,1594 2504,1594 2549,1591 2594,1591 2639,1588 2683,1585 2728,1585 2773,1585 2818,1582 2863,1582 2907,1576 2952,1576 2997,1573 3042,1570 3087,1567 3131,1564"/>
                <TextEquiv>
                    <Unicode>das waren die Herren aus der blauen Birne, insbe</Unicode>
                </TextEquiv>
            </TextLine>
            <TextLine id="tr_1_tl_9" custom="readingOrder {index:8;}">
                <Coords points="802,1865 3141,1765 3144,1651 808,1748"/>
                <Baseline points="821,1806 865,1800 910,1800 955,1800 1000,1797 1044,1794 1089,1794 1134,1794 1179,1791 1224,1788 1268,1785 1313,1785 1358,1782 1403,1779 1447,1779 1492,1779 1537,1776 1582,1773 1627,1773 1671,1770 1716,1770 1761,1770 1806,1770 1851,1767 1895,1764 1940,1767 1985,1764 2030,1761 2074,1761 2119,1761 2164,1758 2209,1755 2254,1755 2298,1752 2343,1752 2388,1749 2433,1749 2477,1746 2522,1743 2567,1743 2612,1743 2657,1740 2701,1737 2746,1737 2791,1737 2836,1734 2881,1731 2925,1728 2970,1728 3015,1725 3060,1722 3104,1722 3149,1716"/>
                <TextEquiv>
                    <Unicode>sondere an Herrn Grossinger. Dann dachte er an die</Unicode>
                </TextEquiv>
            </TextLine>
            <TextLine id="tr_1_tl_10" custom="readingOrder {index:9;}">
                <Coords points="811,1967 2708,1991 3091,1964 3097,1836 2857,1754 2524,1847 814,1871"/>
                <Baseline points="826,1961 862,1955 907,1955 952,1952 997,1949 1041,1949 1086,1946 1131,1946 1176,1943 1221,1940 1265,1940 1310,1937 1355,1937 1400,1937 1444,1937 1489,1931 1534,1931 1579,1931 1624,1928 1668,1925 1713,1925 1758,1922 1803,1919 1848,1919 1892,1919 1937,1916 1982,1916 2027,1916 2071,1916 2116,1913 2161,1910 2206,1907 2251,1907 2295,1904 2340,1904 2385,1904 2430,1901 2474,1898 2519,1898 2564,1895 2609,1895 2654,1892 2698,1895 2743,1892 2788,1889 2833,1886 2878,1886 2922,1886 2967,1880 3012,1877 3057,1874 3101,1865"/>
                <TextEquiv>
                    <Unicode>vielen andern Menschen, die seinen Namen nie ge-</Unicode>
                </TextEquiv>
            </TextLine>
            <TextLine id="tr_1_tl_11" custom="readingOrder {index:10;}">
                <Coords points="799,2169 1030,2111 1379,2178 2895,2146 2983,2122 2989,1953 805,2005"/>
                <Baseline points="818,2107 841,2110 886,2104 931,2101 976,2101 1021,2101 1065,2095 1110,2098 1155,2092 1200,2095 1244,2092 1289,2089 1334,2092 1379,2089 1424,2086 1468,2086 1513,2086 1558,2083 1603,2080 1648,2077 1692,2074 1737,2071 1782,2071 1827,2071 1871,2068 1916,2068 1961,2068 2006,2065 2051,2065 2095,2065 2140,2062 2185,2062 2230,2060 2274,2060 2319,2060 2364,2057 2409,2057 2454,2051 2498,2054 2543,2051 2588,2048 2633,2048 2678,2045 2722,2042 2767,2039 2812,2036 2857,2036 2901,2033 2946,2030 2993,2029"/>
                <TextEquiv>
                    <Unicode>hört und die sich heute beschämt fragen würden</Unicode>
                </TextEquiv>
            </TextLine>
        </TextRegion>
        <TextRegion id="tr_2" custom="readingOrder {index:1;}">
            <Coords points="826,2141 3194,2141 3194,3661 826,3661"/>
            <TextLine id="tr_2_tl_1" custom="readingOrder {index:0;}">
                <Coords points="814,2286 1721,2327 2017,2248 2562,2304 2594,2120 814,2213"/>
                <Baseline points="829,2268 850,2266 895,2263 940,2260 985,2257 1030,2257 1074,2254 1119,2254 1164,2251 1209,2248 1253,2248 1298,2248 1343,2245 1388,2242 1433,2242 1477,2239 1522,2236 1567,2236 1612,2236 1656,2233 1701,2233 1746,2230 1791,2230 1836,2227 1880,2224 1925,2224 1970,2224 2015,2221 2060,2218 2104,2218 2149,2218 2194,2215 2239,2215 2283,2212 2328,2209 2373,2206 2418,2206 2463,2203 2507,2197 2552,2191 2597,2191"/>
                <TextEquiv>
                    <Unicode>warum kennen wir diesen Namen nicht? -</Unicode>
                </TextEquiv>
            </TextLine>
            <TextLine id="tr_2_tl_2" custom="readingOrder {index:1;}">
                <Coords points="808,2474 2799,2439 3124,2383 3127,2266 814,2342"/>
                <Baseline points="826,2412 844,2412 889,2409 934,2409 979,2409 1024,2406 1068,2403 1113,2403 1158,2400 1203,2397 1247,2397 1292,2394 1337,2394 1382,2391 1427,2391 1471,2388 1516,2388 1561,2385 1606,2385 1650,2385 1695,2385 1740,2385 1785,2385 1830,2382 1874,2382 1919,2376 1964,2376 2009,2373 2054,2373 2098,2367 2143,2367 2188,2367 2233,2364 2277,2361 2322,2361 2367,2361 2412,2358 2457,2355 2501,2355 2546,2355 2591,2352 2636,2349 2680,2346 2725,2346 2770,2346 2815,2343 2860,2343 2904,2340 2949,2340 2994,2334 3039,2334 3084,2334 3128,2337"/>
                <TextEquiv>
                    <Unicode>Es stand nicht da.... Herr Saxberger — nicht, der</Unicode>
                </TextEquiv>
            </TextLine>
            <TextLine id="tr_2_tl_3" custom="readingOrder {index:2;}">
                <Coords points="817,2623 2945,2585 3159,2521 3165,2386 820,2477"/>
                <Baseline points="832,2567 841,2567 886,2564 931,2564 976,2561 1021,2561 1065,2558 1110,2555 1155,2555 1200,2552 1244,2549 1289,2549 1334,2549 1379,2546 1424,2543 1468,2543 1513,2540 1558,2540 1603,2540 1648,2537 1692,2540 1737,2534 1782,2531 1827,2531 1871,2528 1916,2528 1961,2528 2006,2525 2051,2525 2095,2522 2140,2522 2185,2519 2230,2519 2274,2519 2319,2516 2364,2516 2409,2519 2454,2516 2498,2516 2543,2516 2588,2507 2633,2507 2678,2507 2722,2504 2767,2504 2812,2501 2857,2498 2901,2498 2946,2495 2991,2492 3036,2489 3081,2489 3125,2483 3170,2483"/>
                <TextEquiv>
                    <Unicode>Beamte Herr Saxberger - neth, "der gretse Dichter"</Unicode>
                </TextEquiv>
            </TextLine>
            <TextLine id="tr_2_tl_4" custom="readingOrder {index:3;}">
                <Coords points="817,2761 2728,2699 3065,2764 3100,2562 823,2620"/>
                <Baseline points="832,2728 865,2725 910,2722 955,2719 1000,2716 1044,2716 1089,2713 1134,2716 1179,2710 1224,2710 1268,2707 1313,2704 1358,2701 1403,2704 1447,2701 1492,2698 1537,2695 1582,2695 1627,2695 1671,2695 1716,2689 1761,2689 1806,2689 1851,2689 1895,2683 1940,2683 1985,2683 2030,2683 2074,2680 2119,2680 2164,2680 2209,2678 2254,2672 2298,2672 2343,2672 2388,2672 2433,2666 2477,2666 2522,2663 2567,2660 2612,2660 2657,2663 2701,2660 2746,2657 2791,2654 2836,2654 2881,2651 2925,2651 2970,2648 3015,2642 3060,2639 3104,2642"/>
                <TextEquiv>
                    <Unicode>Saxberger." - und der war er, er selbst. Und het</Unicode>
                </TextEquiv>
            </TextLine>
            <TextLine id="tr_2_tl_5" custom="readingOrder {index:4;}">
                <Coords points="834,2960 2635,2892 3042,2764 2843,2705 840,2825"/>
                <Baseline points="853,2886 898,2881 943,2878 988,2875 1032,2875 1077,2872 1122,2872 1167,2869 1212,2869 1256,2866 1301,2863 1346,2863 1391,2860 1436,2860 1480,2857 1525,2854 1570,2854 1615,2851 1659,2851 1704,2848 1749,2848 1794,2848 1839,2845 1883,2845 1928,2842 1973,2839 2018,2839 2062,2839 2107,2839 2152,2836 2197,2836 2242,2830 2286,2830 2331,2827 2376,2827 2421,2824 2466,2827 2510,2821 2555,2821 2600,2818 2645,2815 2689,2815 2734,2812 2779,2812 2824,2812 2869,2809 2913,2806 2958,2803 3003,2794 3048,2788"/>
                <TextEquiv>
                    <Unicode>ner von den Anwesenden machte über diesen Bei -</Unicode>
                </TextEquiv>
            </TextLine>
            <TextLine id="tr_2_tl_6" custom="readingOrder {index:5;}">
                <Coords points="837,3050 2497,3086 3074,3045 3185,2995 3191,2892 840,2966"/>
                <Baseline points="853,3039 865,3036 910,3033 955,3030 1000,3030 1044,3027 1089,3027 1134,3024 1179,3021 1224,3021 1268,3021 1313,3018 1358,3015 1403,3015 1447,3015 1492,3012 1537,3009 1582,3006 1627,3006 1671,3003 1716,3003 1761,3000 1806,3000 1851,2997 1895,2994 1940,2994 1985,2994 2030,2994 2074,2994 2119,2994 2164,2991 2209,2991 2254,2988 2298,2988 2343,2985 2388,2982 2433,2979 2477,2982 2522,2976 2567,2976 2612,2973 2657,2973 2701,2970 2746,2967 2791,2967 2836,2964 2881,2964 2925,2964 2970,2964 3015,2964 3060,2964 3104,2958 3149,2955 3194,2955"/>
                <TextEquiv>
                    <Unicode>namen irgend eine Bemerkung. Es schien ihnen offen</Unicode>
                </TextEquiv>
            </TextLine>
            <TextLine id="tr_2_tl_7" custom="readingOrder {index:6;}">
                <Coords points="846,3270 1610,3194 2096,3211 2163,3197 2169,3080 2055,3050 1882,3091 1765,3048 1610,3112 1279,3077 1022,3135 852,3086"/>
                <Baseline points="865,3191 871,3191 916,3188 961,3188 1006,3188 1050,3185 1095,3182 1140,3179 1185,3179 1230,3176 1274,3173 1319,3170 1364,3170 1409,3167 1453,3164 1498,3164 1543,3161 1588,3161 1633,3158 1677,3158 1722,3155 1767,3152 1812,3152 1856,3149 1901,3149 1946,3149 1991,3149 2036,3146 2080,3149 2125,3149 2170,3149"/>
                <TextEquiv>
                    <Unicode>bar ganz selbstverständlich.</Unicode>
                </TextEquiv>
            </TextLine>
            <TextLine id="tr_2_tl_8" custom="readingOrder {index:7;}">
                <Coords points="1250,3378 2761,3364 3132,3299 3135,3179 1256,3232"/>
                <Baseline points="1268,3325 1304,3322 1349,3319 1394,3316 1439,3316 1483,3313 1528,3313 1573,3310 1618,3307 1662,3310 1707,3304 1752,3304 1797,3304 1842,3304 1886,3301 1931,3298 1976,3298 2021,3296 2065,3296 2110,3296 2155,3296 2200,3293 2245,3290 2289,3293 2334,3290 2379,3287 2424,3284 2469,3284 2513,3281 2558,3281 2603,3278 2648,3278 2692,3275 2737,3275 2782,3272 2827,3272 2872,3269 2916,3269 2961,3272 3006,3269 3051,3266 3095,3263 3140,3260"/>
                <TextEquiv>
                    <Unicode>Hätte er diese da ooch früher kennen ge¬</Unicode>
                </TextEquiv>
            </TextLine>
            <TextLine id="tr_2_tl_9" custom="readingOrder {index:8;}">
                <Coords points="840,3554 2201,3536 2699,3446 2963,3498 2971,3323 846,3393"/>
                <Baseline points="859,3496 865,3496 910,3493 955,3493 1000,3487 1044,3487 1089,3484 1134,3481 1179,3478 1224,3478 1268,3475 1313,3475 1358,3472 1403,3472 1447,3469 1492,3469 1537,3466 1582,3466 1627,3463 1671,3463 1716,3463 1761,3460 1806,3457 1851,3454 1895,3454 1940,3454 1985,3451 2030,3448 2074,3448 2119,3445 2164,3445 2209,3442 2254,3445 2298,3445 2343,3439 2388,3436 2433,3436 2477,3436 2522,3433 2567,3430 2612,3430 2657,3427 2701,3427 2746,3427 2791,3424 2836,3424 2881,3421 2925,3418 2970,3418"/>
                <TextEquiv>
                    <Unicode>Iernt! Da hätte er sich selbst nicht so rasch</Unicode>
                </TextEquiv>
            </TextLine>
            <TextLine id="tr_2_tl_10" custom="readingOrder {index:9;}">
                <Coords points="846,3677 1774,3615 2023,3718 2444,3607 3030,3633 3094,3498 849,3533"/>
                <Baseline points="862,3648 907,3648 952,3651 997,3651 1041,3648 1086,3645 1131,3642 1176,3639 1221,3636 1265,3633 1310,3633 1355,3630 1400,3627 1444,3627 1489,3624 1534,3624 1579,3621 1624,3621 1668,3618 1713,3618 1758,3615 1803,3612 1848,3612 1892,3612 1937,3612 1982,3609 2027,3606 2071,3603 2116,3603 2161,3603 2206,3603 2251,3600 2295,3597 2340,3594 2385,3591 2430,3591 2474,3588 2519,3588 2564,3585 2609,3585 2654,3585 2698,3585 2743,3582 2788,3576 2833,3576 2878,3576 2922,3576 2967,3576 3012,3573 3057,3567 3101,3564"/>
                <TextEquiv>
                    <Unicode>aufgegeben und sich xxx unter das Alltags</Unicode>
                </TextEquiv>
            </TextLine>
        </TextRegion>
    </Page>
</PcGts>
