3352 4120
2744 549 2880 744 76
1068 646 3023 965 Er war plötzlich zu Ende eigentlich gegen
710 901 2974 1074 seinen Willen. Er hatte viel mehr, er hatte über
707 1093 3068 1247 jeden einzelnen Tischgenossen ein paar Worte sagen
716 1226 3068 1399 wollen; aber er war in den Schluss hineingetaumelt
707 1378 2996 1581 und konnte nicht mehr zurück. Alle standen wieder
713 1524 3032 1690 auf. Man trank ihm zu, man umringte ihn; und Fräu
701 1712 2883 1876 lein Gasteiner fasste plötzlich seine Hand und
707 1830 3062 2006 drückte einen Kuss auf dieselbe. Man ham nun nicht
704 1982 2996 2185 mehr zur Ruhe. Die Gespräche schwirrten durchein
704 2155 1005 2291 ander.
1156 2209 3035 2467 Linsmann, der sehr viel getrunken hatte,
707 2458 3059 2647 redete in aufgeregtem Tone mit dem Krittker Blink
704 2583 3059 2765 und wollte einige eigene Ideen für die Einleitungs
704 2750 3077 2929 rede des Vertragsabends vorbringen. Der kleine Win¬
698 2914 2947 3108 der tehnte an der Wand und hatte die Empfindung.
701 3074 3020 3257 dass er einem bedeutungsvollen Abend betwohnte.
695 3199 2999 3396 Staufner, in höchster Erregung, stand mit Belling
695 3369 3135 3548 hinter dem Sessel des alten Saxberger und gab seinen
692 3533 2901 3703 Entrüstung über eine ganze Menge von Dihgen und
