3320 4120
2836 533 2964 697 73
739 679 2916 864 Sitzenden traten zu thm und stiessen mit thren
745 855 3065 1040 Biergläsern an das seine. Fräulein Gasteiner liess
748 1001 3143 1192 alle andern vorher mit ihm anstossen, erst wie sich
751 1183 2997 1373 der alte Herr, während das Lärmen und Gläserge -
736 1323 3012 1513 klirr noch fortwährte, auf seinen Stuhl niederge
739 1472 2895 1662 lassen nahm sie ihr Gras mit dem "Gespritzten"
742 1620 3113 1853 und, indem sie ihn mit einem feuchten Blick ansah,
748 1781 2964 1966 rührte sie mit ihrem Glas leicht und graziös an
742 1933 2904 2121 das seine. Ihm war ganz eigen zu Mute. Bei den
745 2088 3128 2291 ersten Worten Staufners hatte er sich noch beschämt
575 2225 694 2383 G.H.F.P
736 2255 2937 2449 ja, fast peinlich berührt gefühlt. Im Laufe
584 2359 682 2541 G.H.F.P
739 2407 3032 2556 der Rede aber, hatte sich diese Empfindung allmäh
724 2571 2988 2746 lich verloren. Er glaubte einen Ton der Ueberzeu
733 2705 3029 2872 gung aus den Worten des Redners herauszuhören und
727 2842 2976 3038 wie gar zum Schlüsse die allgemeine Bewegung ent
727 3026 2976 3202 standen, er als Lehrer und Meister gepriesen wor
724 3193 3003 3360 den war, da war es ihm so warm ums Herz geworden,
727 3312 2675 3494 dass alle seine Zweifel sich sanft lösten.
1117 3467 2895 3712 Der Jubel dieser Jünglinge schöen ihm
