3368 4120
2726 484 2860 688 26
746 679 3049 914 "Freilich haben sie meinen Betfall gefunden. Sehr
746 844 3125 1084 schön sind sie. Ja sie haben mir sehr gut gefallen.
1118 969 3019 1200 "Wenn ich hoffen dürfte," sagte Meter,
2809 1182 3034 1359 -1
762 1176 2699 1417 "Dass Ihr Urteil nicht nur von Ihrer Güte
1170 1362 3028 1547 Oh nein, unterbrach Saxberger und wurde
719 1389 1081 1544 G.C.H.F.P.
759 1480 3068 1669 immer sicherer in seiner Rede, "Ich bin gar nicht
762 1621 3058 1816 gütig, wenn sie mir nicht gefallen möchten, möcht
765 1794 3116 1971 ichs Ihnen ganz rund heraus sagen". Er fühlte deut
762 1898 3025 2166 lich wie er dem jungen Mann gegenüber eine immer
765 2099 2291 2282 grössere Ueberlegenhett gewann.
2388 2163 2632 2260 G.C.H.F.P.P
1170 2263 3043 2425 Meter erzählte nun, dass er ein Epos zu
774 2385 3068 2611 schretben begonnen habe und begann auf die Einzel
762 2580 3077 2726 heiten seih###s einzugehen. Ueber Sadberger
771 2723 3116 2885 kam ein gewisses Unbehagen. Er langweilte sich. Er
759 2863 3211 3028 hörte dem jungen Mann haum recht zu; aber als dieser
771 3028 3183 3223 eine Pause machte, erklärte er: "Der Stoff ist hoch
777 3183 2757 3384 interessant, ja das müssen Sie ausführen."
1170 3293 3177 3525 Meter dankte für die Ermutigung und setzte
786 3494 3007 3659 gleich hinzu: „Wenn Sie doch ahnten wie viel an
