3352 4168
2855 661 3048 871 146
788 862 2682 1078 fest: "aus meinen Werken vorlesen wird."
1242 1003 3105 1216 "Was?" fragte Grossinger erstaunt - "was
802 1199 1952 1400 sein dann das für Witäf“
1187 1285 2953 1552 "Es ist ganz Ernst", sagte Saxberger.
825 1469 2956 1685 "Es ist nicht meine Gewohnheit davon zu reden,
831 1642 2981 1854 ich musste mit dem Fräulein einiges besprechen
834 1811 2286 2007 darum ist sie bei mir gewesen."
1274 1909 3042 2142 „Werke###?“ rief Grossinger aus - “Gehns
828 2058 3145 2306 hörns auf! Oeffentliche Vorlesung? Was liests den
840 2306 1156 2438 vor?
1274 2389 3045 2536 "Gedichte", sagte Saxberger... "Hier"
860 2539 2956 2714 setzte er hinzu, indem er von seinem Schreib
871 2688 3027 2904 tisch ein Exemplar der "Wanderungen" nahm, das
865 2892 2360 3096 nun immer dort zu liegen pflgte.
1254 2999 2970 3148 Grossinger nahm das Buch in die Hand.
888 3108 3065 3413 "Richtig", sagte er, "das sind Retme! " Und in
903 3318 2728 3499 dem er lachend zu Saxberger aufblickte:
906 3473 2702 3740 "Alsdann sind wir eigentlich Kollegen".
