3352 4136
2902 424 3040 584 82
817 659 3080 908 Christian an, der ist eifersüctig", da musste er
825 880 1235 1077 lächeln.
1258 905 3137 1178 Wie er bei dem Tore seines Wohnhauses an
854 1049 3146 1352 gelangt war und die Glocke zog, warteten alle bis
868 1223 2980 1490 der Hausmeister öffnen ham und wie er ins Tor
865 1407 3031 1667 trat, riefen sie: hoch! hwoch! hech! Auch das
2513 1478 3129 1613 Lehn alter Herrn
877 1573 3183 1791 erstünte Gesicht des Hausmeisters machte ihm Freu
882 1676 3131 1974 de. Er nahm den kleinen Leuchter mit der brennen
894 1799 3043 2094 den Kerze und stieg langsam die Treppe hinauf.
888 2034 3068 2246 Noch immer klang ihm das Gewirr der Stimmen im
900 2132 3206 2395 Ohr. Nun, da er so ganz allein war und die Schrit
911 2269 3077 2564 te in dem Stiegenhaus hallten, kam ihm der ver
914 2447 3077 2719 flossenen Abend verwunderlich und seltsam vor.
911 2624 3217 2848 Als er ins Zimmer trat, stellte er das Licht, wie
943 2722 3143 3025 er das zu tun pflegte gleich auf das Nachtkäst
940 2885 3189 3186 chen. Dann trat er zum Fenster. Noch immer hatte
954 3060 3226 3372 er das Gewirr der Stimmen im Ohr. Nein, nein — er
948 3192 3045 3490 würde es, er hörte es wirklich. Und richtig -
968 3343 3180 3667 darunten standen etc ja noch, unten vor dem Ter
