3304 4072
2706 516 2845 646 10
673 704 2948 888 und die Teilnahme der Wenigen, die uns verstehen
658 827 3038 1012 Aber endlich wenn man sieht, was alles neben einem
680 994 3105 1205 aufkommt Namen und selbst Berühmtheit erringt-möchte
673 1184 2978 1362 man doch auch gehört und gewürdigt werden. Und da
683 1250 3032 1495 kommen dann die Enttäuschungen / Der Neid der Ta
689 1462 2993 1640 lentlosen, die Letchtfertigheit und Böswilligkeit
698 1604 3047 1821 der Rezensentenund dann die entseztliche Teilnahms
698 1770 2963 1969 losigkeit der Menge. Und man wird müde, milde, mit
701 1930 2987 2117 de. Man hätte ja noch viel zu sagen, aber es will
686 2099 2920 2274 ja ketner hören und endlich vergtsst man selbst,
704 2229 2951 2425 dass man einer von denen war die Grosses gewollt
673 2407 2715 2573 vielleicht sogar Grosses geschaffen haben.“
1087 2555 3038 2742 Saxberger begleitete die Worte des jungen
692 2709 2969 2905 Mannes mit langsamem und zustimmendem Kopfnichen.
686 2875 3047 3044 Ja, so und nicht anders war es gewesen. Der musste
692 2987 2615 3192 nur kommen und ihn daran erinnern.
1108 3168 3011 3343 "Nun aber, fuhr Meter fort, "will ich Ih
695 3325 3008 3494 re kostbare Zeit nicht länger in Anspruch nehmen.
1126 3452 3144 3615 "O meine Zeit ist nicht kostbar", erwiderte
