3368 4120
2826 485 2948 652 52
738 622 2993 860 Staufner, " es ist die Rede von Herrn Saxbergers
729 827 3002 1020 Mitwirkung an unserm Abend. Und da fällt mir wie
744 982 1714 1175 der was neues ein. "
1193 1089 3032 1336 "Unheimlich", sagte Friedinger ohne be¬
753 1315 1568 1485 achtet zu werden:
1160 1392 3073 1598 Herr Saxberger", wandte sich Staufner zu
756 1583 3076 1758 dem alten Herren, "schreiben Sie uns etwas für un
759 1818 1267 1934 ser Abend.
1142 1966 1639 2103 "Wie--?"
1202 2044 3061 2225 "Ja, schreiben Sie uns was neues. Unsere
762 2234 3023 2365 Zuhörer sollen etwas ganz neues von Ihnen, etwas
768 2404 2576 2523 völlig unbekanntes geniessen dürfen. "
1205 2460 3043 2692 "Ja", erwiderte Saxberger, "glauben Sie
765 2648 3156 2850 nicht, dass die Wanderungen - unbekannt genug sind?
1217 2844 3109 2978 "Sie sind gedruckt!" wandte Staufner ein,
774 2951 3124 3177 jeder kann sie kaufen. Um wieviel grösser wäre das
1449 3121 1586 3234 men
774 3118 3023 3365 Interesse, wenn an unserm Abend etwas ganz neues
771 3344 2383 3469 von - Saxberger zu hören bekäme. "
1178 3457 3133 3650 Alle schlossen sich der Meinung Staufners
782 3630 2993 3778 an und man drängte Saxberger, er möge ja sagen.
