<?xml version="1.0" encoding="UTF-8" standalone="yes"?>
<PcGts xmlns="http://schema.primaresearch.org/PAGE/gts/pagecontent/2013-07-15" xmlns:xsi="http://www.w3.org/2001/XMLSchema-instance" xsi:schemaLocation="http://schema.primaresearch.org/PAGE/gts/pagecontent/2013-07-15 http://schema.primaresearch.org/PAGE/gts/pagecontent/2013-07-15/pagecontent.xsd">
    <Metadata>
        <Creator>prov=READ-COOP:name=TrHtr:version=2.1.0:model_id=51170:date=14_08_2023_22:17</Creator>
        <Created>2023-05-10T14:38:36.159+02:00</Created>
        <LastChange>2023-08-14T22:17:04.902+02:00</LastChange>
        <TranskribusMetadata docId="1428643" pageId="55422694" pageNr="36" tsid="132827921" status="IN_PROGRESS" userId="64420" imgUrl="https://files.transkribus.eu/Get?id=AFKKYNOEGAMQZVEPHIYPVLCS&amp;fileType=view" xmlUrl="https://files.transkribus.eu/Get?id=NCGKKNZDFKWUSBZCKRGSIYZP" imageId="44696773"/>
    </Metadata>
    <Page imageFilename="1428643_0036.jpg" imageWidth="3384" imageHeight="4104">
        <ReadingOrder>
            <OrderedGroup id="ro_1711815612546" caption="Regions reading order">
                <RegionRefIndexed index="0" regionRef="tr_1"/>
                <RegionRefIndexed index="1" regionRef="tr_2"/>
            </OrderedGroup>
        </ReadingOrder>
        <TextRegion id="tr_1" custom="readingOrder {index:0;}">
            <Coords points="731,627 3172,627 3172,1651 731,1651"/>
            <TextLine id="tr_1_tl_1" custom="readingOrder {index:0;}">
                <Coords points="2828,768 2843,768 2861,753 2895,753 2904,762 2928,759 2965,775 2980,529 2962,532 2949,513 2892,538 2843,525"/>
                <Baseline points="2850,686 2889,683 2933,680 2978,677"/>
                <TextEquiv>
                    <Unicode>27</Unicode>
                </TextEquiv>
            </TextLine>
            <TextLine id="tr_1_tl_2" custom="readingOrder {index:1;}">
                <Coords points="714,899 1273,951 2570,863 3047,993 3053,747 1364,756 714,844"/>
                <Baseline points="731,889 773,889 817,889 862,889 907,889 952,889 996,889 1041,883 1086,883 1131,883 1175,883 1220,883 1265,880 1310,880 1355,877 1399,877 1444,877 1489,877 1534,877 1578,877 1623,874 1668,874 1713,871 1758,871 1802,871 1847,868 1892,868 1937,865 1981,865 2026,865 2071,865 2116,862 2160,862 2205,862 2250,859 2295,859 2340,859 2384,856 2429,853 2474,853 2519,853 2563,853 2608,850 2653,850 2698,850 2742,850 2787,850 2832,853 2877,850 2922,850 2966,847 3011,841 3056,838"/>
                <TextEquiv>
                    <Unicode>den letzten Abenden an unserm Tische von Ihnen ge</Unicode>
                </TextEquiv>
            </TextLine>
            <TextLine id="tr_1_tl_3" custom="readingOrder {index:2;}">
                <Coords points="714,1103 1406,1090 1452,1060 1607,1124 1710,1066 1713,926 933,929 717,969"/>
                <Baseline points="734,1044 779,1044 823,1041 868,1041 913,1041 958,1038 1002,1038 1047,1038 1092,1035 1137,1035 1181,1032 1226,1032 1271,1032 1316,1032 1361,1029 1405,1029 1450,1029 1495,1029 1540,1026 1584,1023 1629,1020 1674,1014 1719,1011"/>
                <TextEquiv>
                    <Unicode>spréchen worden ist.“</Unicode>
                </TextEquiv>
            </TextLine>
            <TextLine id="tr_1_tl_4" custom="readingOrder {index:3;}">
                <Coords points="1109,1224 2886,1203 3144,1163 3147,1078 3001,1021 2597,1094 1932,1051 1109,1124"/>
                <Baseline points="1125,1184 1143,1184 1187,1181 1232,1181 1277,1181 1322,1178 1367,1178 1411,1178 1456,1178 1501,1175 1546,1175 1590,1175 1635,1172 1680,1172 1725,1170 1769,1170 1814,1167 1859,1167 1904,1167 1949,1167 1993,1164 2038,1164 2083,1164 2128,1161 2172,1161 2217,1161 2262,1164 2307,1161 2351,1158 2396,1158 2441,1155 2486,1155 2531,1155 2575,1152 2620,1152 2665,1152 2710,1152 2754,1152 2799,1149 2844,1149 2889,1146 2933,1146 2978,1146 3023,1146 3068,1146 3113,1140 3154,1131"/>
                <TextEquiv>
                    <Unicode>Plötzlich war die Unbehaglichkeit Saxberger</Unicode>
                </TextEquiv>
            </TextLine>
            <TextLine id="tr_1_tl_5" custom="readingOrder {index:4;}">
                <Coords points="738,1270 756,1270 768,1261 784,1276 793,1276 811,1254 826,1261 847,1258 838,1121 814,1130 793,1112 784,1115 753,1100 729,1106"/>
                <Baseline points="749,1172 793,1175 838,1178 850,1178"/>
                <TextEquiv>
                    <Unicode>G.C.F.P</Unicode>
                </TextEquiv>
            </TextLine>
            <TextLine id="tr_1_tl_6" custom="readingOrder {index:5;}">
                <Coords points="720,1361 3089,1364 3092,1203 2573,1258 1898,1169 720,1294"/>
                <Baseline points="737,1355 770,1349 814,1346 859,1343 904,1340 949,1340 993,1337 1038,1334 1083,1337 1128,1337 1172,1334 1217,1334 1262,1334 1307,1334 1352,1331 1396,1331 1441,1331 1486,1331 1531,1331 1575,1328 1620,1325 1665,1325 1710,1325 1755,1322 1799,1322 1844,1322 1889,1322 1934,1319 1978,1319 2023,1319 2068,1319 2113,1319 2157,1319 2202,1316 2247,1316 2292,1313 2337,1310 2381,1310 2426,1313 2471,1313 2516,1310 2560,1307 2605,1307 2650,1307 2695,1307 2739,1304 2784,1301 2829,1301 2874,1298 2919,1301 2963,1298 3008,1298 3053,1295 3098,1292"/>
                <TextEquiv>
                    <Unicode>gers vorüber. Nun entschloss sich der junge Mersch</Unicode>
                </TextEquiv>
            </TextLine>
            <TextLine id="tr_1_tl_7" custom="readingOrder {index:6;}">
                <Coords points="726,1534 3168,1491 3171,1336 726,1446"/>
                <Baseline points="743,1489 755,1489 799,1489 844,1489 889,1489 934,1486 978,1486 1023,1486 1068,1486 1113,1483 1158,1483 1202,1480 1247,1480 1292,1480 1337,1480 1381,1477 1426,1477 1471,1474 1516,1474 1561,1474 1605,1474 1650,1474 1695,1474 1740,1471 1784,1471 1829,1471 1874,1468 1919,1468 1963,1468 2008,1465 2053,1468 2098,1465 2143,1465 2187,1465 2232,1462 2277,1462 2322,1462 2366,1462 2411,1462 2456,1459 2501,1459 2545,1456 2590,1459 2635,1459 2680,1456 2725,1453 2769,1453 2814,1453 2859,1450 2904,1447 2948,1447 2993,1447 3038,1447 3083,1444 3127,1444 3172,1444"/>
                <TextEquiv>
                    <Unicode>doch endlich wieder von ihm zu reden. Das war es was</Unicode>
                </TextEquiv>
            </TextLine>
            <TextLine id="tr_1_tl_8" custom="readingOrder {index:7;}">
                <Coords points="729,1665 3086,1634 3150,1519 732,1586"/>
                <Baseline points="746,1641 784,1641 829,1638 874,1641 919,1638 964,1638 1008,1638 1053,1635 1098,1635 1143,1632 1187,1632 1232,1632 1277,1629 1322,1629 1367,1629 1411,1629 1456,1629 1501,1626 1546,1626 1590,1626 1635,1626 1680,1623 1725,1626 1769,1626 1814,1626 1859,1623 1904,1620 1949,1620 1993,1617 2038,1617 2083,1617 2128,1614 2172,1614 2217,1614 2262,1614 2307,1614 2351,1611 2396,1611 2441,1611 2486,1608 2531,1608 2575,1608 2620,1605 2665,1605 2710,1608 2754,1605 2799,1605 2844,1605 2889,1605 2933,1602 2978,1602 3023,1602 3068,1599 3113,1596 3157,1599"/>
                <TextEquiv>
                    <Unicode>ihm gefehlt hatte. Und gemütlich lächelnd fragte er:</Unicode>
                </TextEquiv>
            </TextLine>
        </TextRegion>
        <TextRegion id="tr_2" custom="readingOrder {index:1;}">
            <Coords points="740,1693 3154,1693 3154,3648 740,3648"/>
            <TextLine id="tr_2_tl_1" custom="readingOrder {index:0;}">
                <Coords points="1142,1835 3120,1756 3120,1686 2852,1637 1142,1686"/>
                <Baseline points="1158,1784 1202,1778 1247,1778 1292,1781 1337,1778 1381,1778 1426,1778 1471,1778 1516,1778 1561,1775 1605,1775 1650,1775 1695,1775 1740,1775 1784,1775 1829,1775 1874,1772 1919,1772 1963,1772 2008,1769 2053,1769 2098,1769 2143,1769 2187,1769 2232,1766 2277,1766 2322,1766 2366,1766 2411,1763 2456,1763 2501,1763 2545,1763 2590,1760 2635,1760 2680,1760 2725,1758 2769,1760 2814,1758 2859,1758 2904,1755 2948,1755 2993,1752 3038,1749 3083,1749 3127,1743"/>
                <TextEquiv>
                    <Unicode>“Na was haben Sie denn von mir gesprochen!</Unicode>
                </TextEquiv>
            </TextLine>
            <TextLine id="tr_2_tl_2" custom="readingOrder {index:1;}">
                <Coords points="1121,2002 2898,1905 2898,1829 2719,1768 1124,1847"/>
                <Baseline points="1137,1937 1155,1940 1199,1937 1244,1937 1289,1937 1334,1937 1378,1937 1423,1937 1468,1934 1513,1934 1558,1931 1602,1928 1647,1928 1692,1928 1737,1928 1781,1928 1826,1928 1871,1925 1916,1925 1960,1925 2005,1925 2050,1925 2095,1922 2140,1922 2184,1922 2229,1919 2274,1919 2319,1919 2363,1919 2408,1919 2453,1916 2498,1916 2542,1916 2587,1916 2632,1913 2677,1913 2722,1910 2766,1907 2811,1904 2856,1895 2901,1889"/>
                <TextEquiv>
                    <Unicode>Haben Sie meine Grüsse ausgerichtet?"</Unicode>
                </TextEquiv>
            </TextLine>
            <TextLine id="tr_2_tl_3" custom="readingOrder {index:2;}">
                <Coords points="1154,2090 1422,2151 1643,2093 3050,2093 3074,1914 2148,1980 1987,1926 1315,2041 1157,1987"/>
                <Baseline points="1170,2083 1202,2083 1247,2086 1292,2086 1337,2086 1381,2086 1426,2089 1471,2089 1516,2086 1561,2086 1605,2086 1650,2086 1695,2083 1740,2086 1784,2083 1829,2080 1874,2083 1919,2080 1963,2083 2008,2080 2053,2080 2098,2080 2143,2083 2187,2080 2232,2080 2277,2074 2322,2074 2366,2074 2411,2077 2456,2074 2501,2074 2545,2074 2590,2074 2635,2071 2680,2071 2725,2068 2769,2065 2814,2065 2859,2065 2904,2065 2948,2065 2993,2062 3038,2059 3083,2059"/>
                <TextEquiv>
                    <Unicode>"Freilich hab ich das getan. Ich habe mir</Unicode>
                </TextEquiv>
            </TextLine>
            <TextLine id="tr_2_tl_4" custom="readingOrder {index:3;}">
                <Coords points="732,2260 1027,2318 2330,2223 2755,2272 2977,2242 3016,2163 1346,2123 732,2205"/>
                <Baseline points="749,2253 781,2253 826,2253 871,2250 916,2250 961,2247 1005,2247 1050,2244 1095,2244 1140,2244 1184,2244 1229,2244 1274,2244 1319,2244 1364,2244 1408,2244 1453,2244 1498,2241 1543,2238 1587,2241 1632,2241 1677,2241 1722,2238 1766,2238 1811,2238 1856,2235 1901,2232 1946,2232 1990,2232 2035,2232 2080,2232 2125,2232 2169,2229 2214,2229 2259,2229 2304,2226 2348,2226 2393,2226 2438,2226 2483,2226 2528,2223 2572,2223 2617,2223 2662,2223 2707,2223 2751,2220 2796,2220 2841,2220 2886,2217 2931,2217 2975,2214 3020,2211"/>
                <TextEquiv>
                    <Unicode>auch etaubt von der Existenz Ihres Dramas Mittei</Unicode>
                </TextEquiv>
            </TextLine>
            <TextLine id="tr_2_tl_5" custom="readingOrder {index:4;}">
                <Coords points="726,2406 860,2451 1045,2427 1160,2454 1264,2403 1364,2430 1637,2387 1740,2427 1747,2305 1537,2281 1206,2330 1124,2299 726,2357"/>
                <Baseline points="743,2405 767,2405 811,2402 856,2402 901,2402 946,2402 990,2399 1035,2399 1080,2396 1125,2396 1170,2396 1214,2396 1259,2393 1304,2396 1349,2396 1393,2396 1438,2396 1483,2396 1528,2393 1572,2390 1617,2387 1662,2378 1707,2369 1752,2363"/>
                <TextEquiv>
                    <Unicode>lung zu machen.... „</Unicode>
                </TextEquiv>
            </TextLine>
            <TextLine id="tr_2_tl_6" custom="readingOrder {index:5;}">
                <Coords points="1160,2576 1740,2615 2418,2545 2643,2646 3147,2612 3150,2454 2934,2479 2336,2351 2132,2427 1163,2451"/>
                <Baseline points="1178,2557 1184,2554 1229,2551 1274,2551 1319,2551 1364,2551 1408,2551 1453,2551 1498,2551 1543,2551 1587,2548 1632,2548 1677,2548 1722,2548 1766,2545 1811,2545 1856,2545 1901,2545 1946,2545 1990,2545 2035,2542 2080,2542 2125,2542 2169,2542 2214,2542 2259,2542 2304,2540 2348,2537 2393,2537 2438,2537 2483,2537 2528,2537 2572,2537 2617,2534 2662,2534 2707,2534 2751,2537 2796,2537 2841,2537 2886,2537 2931,2537 2975,2534 3020,2534 3065,2531 3110,2528 3154,2528"/>
                <TextEquiv>
                    <Unicode>"Na das hättens nicht tun brauchen", sagte</Unicode>
                </TextEquiv>
            </TextLine>
            <TextLine id="tr_2_tl_7" custom="readingOrder {index:6;}">
                <Coords points="723,2725 1008,2791 1200,2737 1631,2758 1631,2624 1586,2600 1200,2588 1118,2624 1021,2600 723,2649"/>
                <Baseline points="740,2713 743,2713 787,2710 832,2710 877,2707 922,2707 967,2707 1011,2707 1056,2707 1101,2704 1146,2704 1190,2704 1235,2704 1280,2701 1325,2701 1369,2704 1414,2704 1459,2704 1504,2701 1549,2698 1593,2701 1638,2704"/>
                <TextEquiv>
                    <Unicode>Saxberger lächelnd.</Unicode>
                </TextEquiv>
            </TextLine>
            <TextLine id="tr_2_tl_8" custom="readingOrder {index:7;}">
                <Coords points="1157,2907 2014,2849 2943,2910 2965,2643 2555,2621 1917,2782 1160,2743"/>
                <Baseline points="1175,2862 1178,2862 1223,2853 1268,2853 1313,2853 1358,2853 1402,2853 1447,2853 1492,2853 1537,2853 1581,2850 1626,2850 1671,2853 1716,2853 1760,2853 1805,2853 1850,2853 1895,2850 1940,2847 1984,2847 2029,2847 2074,2847 2119,2847 2163,2844 2208,2844 2253,2841 2298,2841 2343,2841 2387,2841 2432,2841 2477,2844 2522,2841 2566,2844 2611,2844 2656,2841 2701,2841 2745,2838 2790,2838 2835,2835 2880,2832 2925,2832 2969,2829"/>
                <TextEquiv>
                    <Unicode>„Sie meinen, weil es verloren gegangen</Unicode>
                </TextEquiv>
            </TextLine>
            <TextLine id="tr_2_tl_9" custom="readingOrder {index:8;}">
                <Coords points="741,3022 1944,3086 2166,3007 2983,3022 3053,2937 1519,2867 741,2952"/>
                <Baseline points="758,3020 776,3020 820,3020 865,3020 910,3020 955,3017 999,3017 1044,3017 1089,3017 1134,3014 1178,3017 1223,3014 1268,3014 1313,3014 1358,3014 1402,3011 1447,3011 1492,3008 1537,3008 1581,3008 1626,3008 1671,3008 1716,3008 1760,3008 1805,3005 1850,3005 1895,3002 1940,3002 1984,3002 2029,3002 2074,3002 2119,3002 2163,2999 2208,2999 2253,2999 2298,2999 2343,2996 2387,2996 2432,2996 2477,2996 2522,2996 2566,2996 2611,2993 2656,2993 2701,2993 2745,2993 2790,2993 2835,2990 2880,2993 2925,2990 2969,2990 3014,2990 3056,2999"/>
                <TextEquiv>
                    <Unicode>ist? Ich bin überzeugt, wenn Sie nur ein bisschen</Unicode>
                </TextEquiv>
            </TextLine>
            <TextLine id="tr_2_tl_10" custom="readingOrder {index:9;}">
                <Coords points="735,3195 2512,3208 2913,3159 2913,3077 2327,3104 2114,3038 1832,3120 1655,3044 735,3116"/>
                <Baseline points="752,3175 773,3175 817,3175 862,3175 907,3172 952,3172 996,3172 1041,3169 1086,3169 1131,3169 1175,3172 1220,3172 1265,3169 1310,3169 1355,3169 1399,3169 1444,3166 1489,3166 1534,3163 1578,3163 1623,3163 1668,3163 1713,3163 1758,3163 1802,3163 1847,3163 1892,3163 1937,3160 1981,3157 2026,3157 2071,3157 2116,3157 2160,3157 2205,3157 2250,3157 2295,3157 2340,3160 2384,3160 2429,3157 2474,3154 2519,3154 2563,3154 2608,3151 2653,3151 2698,3151 2742,3151 2787,3148 2832,3148 2877,3145 2922,3148"/>
                <TextEquiv>
                    <Unicode>nachdenken, Sie kommen sicher darauf, wo es zu</Unicode>
                </TextEquiv>
            </TextLine>
            <TextLine id="tr_2_tl_11" custom="readingOrder {index:10;}">
                <Coords points="735,3372 808,3363 911,3390 957,3350 1024,3356 1081,3326 1191,3387 1218,3366 1315,3378 1321,3211 1169,3241 1084,3208 957,3256 850,3223 738,3259"/>
                <Baseline points="752,3339 790,3336 835,3333 880,3333 925,3330 970,3327 1014,3327 1059,3327 1104,3324 1149,3324 1193,3324 1238,3322 1283,3322 1325,3304"/>
                <TextEquiv>
                    <Unicode>finden ist.”</Unicode>
                </TextEquiv>
            </TextLine>
            <TextLine id="tr_2_tl_12" custom="readingOrder {index:11;}">
                <Coords points="1179,3481 1665,3539 1841,3475 2731,3466 3044,3563 3047,3384 2870,3399 2679,3299 2144,3265 1832,3387 1182,3387"/>
                <Baseline points="1196,3477 1214,3477 1259,3474 1304,3477 1349,3477 1393,3474 1438,3474 1483,3474 1528,3474 1572,3474 1617,3471 1662,3471 1707,3471 1752,3468 1796,3471 1841,3471 1886,3468 1931,3468 1975,3465 2020,3465 2065,3465 2110,3465 2154,3465 2199,3465 2244,3462 2289,3462 2334,3462 2378,3462 2423,3465 2468,3462 2513,3462 2557,3459 2602,3459 2647,3459 2692,3459 2736,3459 2781,3459 2826,3456 2871,3459 2916,3459 2960,3456 3005,3453 3050,3459"/>
                <TextEquiv>
                    <Unicode>„Na wenns Ihnen eine Freud macht: es hat</Unicode>
                </TextEquiv>
            </TextLine>
            <TextLine id="tr_2_tl_13" custom="readingOrder {index:12;}">
                <Coords points="738,3669 920,3642 1069,3718 1467,3648 1707,3706 1710,3542 1671,3527 1580,3548 1455,3511 1406,3539 1118,3496 1078,3524 948,3508 866,3554 741,3539"/>
                <Baseline points="755,3635 776,3638 820,3635 865,3638 910,3638 955,3635 999,3635 1044,3635 1089,3635 1134,3635 1178,3635 1223,3635 1268,3638 1313,3635 1358,3632 1402,3632 1447,3629 1492,3629 1537,3626 1581,3629 1626,3626 1671,3623 1716,3629"/>
                <TextEquiv>
                    <Unicode>sich schon gefunden.</Unicode>
                </TextEquiv>
            </TextLine>
        </TextRegion>
    </Page>
</PcGts>
