3352 4152
2949 543 3126 681 126
814 646 2955 882 Staufner etwas unwillig., und ging gleich auf
805 861 2273 1044 Nummer vier des Programms über
1247 1006 3076 1200 Saxberger hörte nicht mehr recht zu. Er
820 1147 3129 1327 fühlte es, sein Geständnis hatte verstimmt. Daran
823 1297 3164 1457 hatten sie doch eigentlich gar nicht gedacht, dass
826 1421 3188 1595 er wirklich im letzten Moment zu "faul" sein würde.
823 1619 3188 1811 Am Ende empfänden sie es sogar als Undank - nun ja,
820 1763 3132 1902 in einem gewissen Sinne. Endlich hatten s i e Ihn
829 1949 3108 2070 ja entdeckt. Sie scharten sich um ihn. - Sie be
832 2073 2975 2232 kannten sich gewissermassen als seine Schüler.
820 2244 3040 2412 Sie verbretteten seinen Namen - und nun, wie er
832 2365 3123 2545 ihnen die erste Gefälligkeit erweisen sollte, war
837 2548 3167 2672 er - zu faul....... zu fault? Ja wieso denn zu Paul!
817 2689 3176 2869 Das war ja-nur eine Ausrede gewesen und eingetlich
829 2822 3129 3022 eine recht allerne - er hatte ja den guten Willen
834 2987 3002 3152 gehabt, er war ja ganze Stunden dagesessen und
832 3167 3078 3329 hatte nachgedacht. — Er war doch erst gestern an
832 3291 2952 3494 der Donau herumgelaufen und hatte sein Gehirn
832 3465 3126 3636 zermartert, - es war ihm nur eben nichts eingefal
