3336 4136
2778 541 2956 668 108
703 695 2871 939 angelangt war eilte er ans Fenster. Er sah die
715 892 2985 1075 ganze Gesellschaft eben um die Ecke verschwinden.
700 1052 2918 1256 Sie hatten diesmal nicht auf sein Erscheinen am
709 1189 2851 1372 Fenster gewartet. Er war ein wenig enttäuscht.
703 1334 3020 1520 Auch wirkten die Bemerkungen Linsmanns unangenehm
721 1514 1258 1706 th ihm nach
1125 1543 2967 1825 Immerhin, dass Herr Linsmann seine Au-
724 1750 3060 1970 gen zu Fräulein Fasteiner erhoben hatte, war nicht
721 1912 2982 2116 unbegreiflich. Vor zwanzig Jahren hätte sie auch
732 2049 2976 2276 Ihm gefallen, aber heute.... Ind er mueste trüb
732 2220 3066 2435 lächeln, da ihm wieder die Notiz über den "greisen
721 2415 1549 2598 Dichter" einftel.
976 2560 1096 2744 G.F.P.
764 2703 1154 2898 glaubte
1657 3008 1921 3197 G.C.H.F.S
1331 2979 1421 3159 G.S.
1886 3165 2107 3333 said.
1026 3479 1331 3700 G.H.F.P.
