3368 4168
2877 556 3054 681 141
1254 689 2929 876 Sie meperkte an dem leichten Zucken
855 887 3101 1027 seiner Lippen, dass er nervös wurde, fasste aber
864 983 3095 1181 auch das nur als Zeichen innerer Bewegung auf.
852 1149 2993 1335 Sie erhob sich nun, und als wenn sie plötzlich
864 1286 3075 1475 ein Recht dazu erworben fühgeie an im Zimæ r he
864 1440 3072 1643 rumzugehen und die einzelnen Möbelstücke zu be
867 1614 3013 1841 sichtigen. Sie tat das in ungezwungener kind
870 1771 3165 1969 licher Weise. Sie blieb vor seinem Schrank stehen
870 1934 3095 2068 und führ mit dem Finger darüber, als wollte sie
878 2088 3141 2246 sich überzeugen, ob er bestaubt sei. Sie betrach
878 2243 3223 2408 tete das kleine Rauchtsschehen und nahm die Aschen
884 2400 2906 2557 schale in die Hand, um sie genau anzusehen.
876 2487 3194 2720 Endlich blieb sie vor dem Schreibttsch und strich
887 2694 3060 2848 mit den Finger über die dunkelgrüne Mappe, die
902 2848 3063 3005 darauf lag. Und dabei - das trritierte Saxber
896 2999 3034 3220 ger am meisten - hatte sie immerfort diese un
896 3153 2219 3348 ausstehliche gelbe Jacke an.
1309 3261 3118 3464 Während sie vor dem Schreibtisch stand
905 3479 2967 3688 sagte sie halblaut, als redete sie zu stoh:
