3352 4168
2646 536 2835 690 142
1094 644 2806 888 "Hier also sinnt und schreibt er...“
1097 830 2789 1042 Saxberger fürchtete schon seine Ruhe
682 1014 2835 1211 zu verlieren, er erwiderte aber mit leidlicher
687 1200 1088 1406 Fassung:
1080 1300 2858 1489 "Nein, mein Fräulein, hier sinne ich
687 1466 2990 1641 nicht und schreibe ich nicht. Ich habe schon seit
702 1589 2984 1830 dreissig Jahren nicht mehr gesonnen und geschrie
682 1818 977 1993 ben!"
1114 1850 3096 2099 Sie erhob langsam ihren Blick, schaute den
716 2113 2987 2254 alten Herrn, der sich nun zu einem Lächeln zwang,
722 2199 2938 2411 um den unwilligen Ton seiner letzten Worte abzu
722 2354 2887 2583 schwächen, mit grossen, traurigen Augen an und
722 2569 3024 2721 dann sagte sie, mit dem stillen und unwidersprech
722 2698 2271 2858 lichen Ausdruck der Prophetinnen:
1168 2832 2549 3001 "Sie werden wieder schretben!"
1160 2938 2755 3196 "Nein!" rief er beinahe heft aus
1140 3142 2941 3351 Sie war fast zusammen gefahren und sah
733 3299 2895 3485 ihn jetzt ängstlich an. "Nein", wiederholte er
733 3465 2901 3643 milder. Ich werde - leider - nicht mehr schrei
