3384 4120
2784 557 2918 725 32.
759 734 3010 941 durch Ihren Abgesandten haben schicken lassen. "
752 883 3177 1088 Und er blickte auf Meter, wie auf einen langjähriger
765 1088 1621 1276 intimen Bekannten.
1188 1151 3156 1395 "Es tat uns eine grosse Ehre, Sie in un -
762 1380 3016 1538 serer Mitte willkommen zu heissen", sagte Blink.
1240 1508 3119 1706 "Indem ich Ihnen die Namen dieser Herren
774 1678 3089 1849 genannt habe, Herr Saxberger", sagte "eter, "habe
780 1791 3211 2020 ich eigentlich wenig gesagt. Dieser Mensch da“ - und
780 1956 3128 2154 er deutete auf Christian, der sehr Jung war und in
774 2138 2949 2327 seinem fusseren den verblassten Romantypus des
798 2285 3074 2449 "Künstlers" durch lange Haare, fliegende Kravatte
783 2425 3128 2623 und etwas unstäte Augen am schärfsten zum Ausdruch
786 2626 3092 2790 brachte - "der schreibt Dramen, hauptsächlich his
789 2754 1922 2946 torische in fünf Akten."
1200 2873 3092 3077 Christian unterbrach ihn. "Es sind nicht
792 3052 3077 3223 immer fünf Akte, sie sind auch nicht immer histo
792 3192 3186 3369 risch. Ich schreibe wozu es mich drängt. Es drüngt
774 3351 3016 3525 mich eben meistens zu historischen Dramen. Ich
798 3531 3247 3689 schreibe was ich muss. Ich muss meistens historische
