3368 4120
2778 538 2900 689 50
701 677 2936 909 "nicht selbst etwas aus seinem Werke zum Vortrag
701 874 2903 1079 bringen will, so kann ja Herr Belling etwas von
698 1064 1287 1191 Ihm lesen.
1129 1153 3075 1331 "Ich bin gerne bereit", entgegnete Belling
695 1367 2956 1506 der in jedem Worte den guten Sprecher zu ekennen
701 1539 900 1655 gab.
1126 1676 2953 1792 "Mir scheint gar", warf Herr Friedinger
695 1774 3043 1946 ein, "die Kerls drüben lachen über uns. " Auch die
692 1994 2986 2095 andern wanden sich nach dem Tisch, den Friedinger
704 2113 2915 2249 fixierte und Saxberger konnte eine Gesellschaft
704 2258 3093 2442 von fünf oder sech jungen Leuten bemerken, die sich
710 2430 2249 2543 sehr gut zu unterhalten schienen.
1135 2585 3049 2731 "Aber die denken ja gar nicht dran", rief
701 2701 3010 2921 Staufner, "dte bachen da drüben über irgend einen
689 2897 1566 3034 Jounalts tenspass."
1129 3031 3046 3251 "Wer sind denn die Leut?" wandte sich Sax
713 3218 1453 3346 berger an Meter.
1099 3360 3063 3566 Der Tragödtendichter Christian antwortete
713 3453 2407 3696 für ihn. "Das sind die Talentlosen."
