3336 4104
2952 531 3091 764 38
737 764 2995 960 wir Ideale haben, was heute nicht mehr gewürdigt
743 906 2892 1111 wird. Also darum hab ich ein Programm gemacht.
743 1111 3082 1274 Ich sage das alles vor Ihnen, Herr Saxberger, weil
761 1268 3091 1425 ich weiss, dass Sie einer von den unsern sind. Sie
740 1407 3124 1561 haben die Wanderungen geschrieben und wer die Wan -
752 1543 2989 1715 derungen geschrieben hat gehört zu den Unsern. „
1063 1712 3055 1878 x Saxberger war durch die unerwartete Wen
758 1835 3143 2038 dung höchlichst verwundert. Er hatte bisher den Ein
761 1980 3136 2210 druck gehabt, dass der junge Mann von ihm überhaupt
749 2164 1419 2367 nichts wusste.
1153 2264 3061 2493 Er nickte und sagte: "Oh stören Sie sich
752 2475 2086 2653 nicht reden Sie ungeniert. „
1217 2620 3046 2801 "Ja", rief Staufner aus, "ich sehe dass
752 2759 3019 2937 Sie sich für meine Worte interessieren. Und ich
761 2940 3182 3112 sag es immer, wenn man irgend ein Interesse für eine
758 3058 3112 3266 Idee finden will muss man zu den Alten gehen. Die
755 3209 3176 3408 Jungen sehen ja doch in jedem Aufstrebenden nur et -
749 3381 3140 3559 nen neuen Konkurrenten. Ich werde mein Programm vor
752 3538 3121 3740 legen und reflektiere auch auf Ihren Rat, Herr Sax
