3352 4088
2837 401 2968 608 43
1067 611 2971 791 Aber Meter drängte und endlich versprach
706 754 2932 991 Saxberger unter seinen Arbeiten selbst etwas Ge
712 934 1837 1174 eignetes hervorzusuchen.
1125 1064 3038 1229 Dort wo sich die beiden vor zwei Stunden
727 1216 2938 1423 begegnet hatten, nahmen sie wieder von einander
721 1366 3035 1548 Abschied. Saxberger nahm den Weg gegen die Währin
748 1545 2987 1755 gerstrasse in sein Gasthaus. Als er dort eintrat
742 1651 2980 1861 wurde er nicht anders begrüsst, als gewöhnlich;
727 1846 3026 2041 Einige nahmen vohn seinem Kommen gar keine Nottz.
733 1974 2910 2196 Andre riefen ihm ein gemütliches Servus zu. So
754 2138 3090 2324 selbstverständlich er das ja selber finden musste,
751 2308 3196 2533 heute empfand er es als ungehörig. Und wie erstich an
763 2466 3008 2652 seinen Platz gesetzt hatte und nur die Alltags -
776 2594 3090 2798 gespräche, die durch seinen Eintritt keinen Augen
766 2771 3099 2941 blick unterbrochen worden waren, ihn umschwirrten,
776 2929 3059 3114 da dachte er: ihr hättet wohl auch aufstehen kön
763 3056 2983 3282 nen, wie ich da herein gekommen bin. Aber etne
788 3221 3169 3388 Viertelstunde darauf war er schon in das allgemetne
772 3382 3096 3552 Gespräch verwickelt und hatte wie alle die andern
