3368 4088
2944 543 3119 656 178
826 604 3046 866 immer wieder das "bravo" und immer dieses Zusam
817 820 3023 1015 menschlagen der Hände -sollte es immer dasselbe
826 966 3060 1167 sagen! Alle wurden bejubelt. — — aber nur er war
826 1167 3069 1351 der arme Teufel!! warum? warum! Vieleicht bezog
826 1257 3104 1430 es sich auf seinen Rock....? Nein, nein, er war 'J
831 1424 2985 1608 ganz tadellos, elegant beinahe. — Aermlich sah
820 1602 3020 1724 er überhaupt nie aus. Es konnte sich nur darauf
820 1715 3025 1876 beziehnen, dass er jetzt erst - als Greis - die
820 1864 2976 2071 verdiente Anerkennung gefunden. Es war ja auch
811 2048 3098 2185 nichts böses in den Worten gelegen, gewiss nicht.
811 2194 2938 2401 Warum machten sie ihn denn nur so entsetzlich
1234 2384 1893 2512 traurig?
1220 2489 3072 2693 Zwei gute Augen sahen ihn jetzt von drii
811 2664 3151 2798 ben an. Es war der kleine Winder, der drüben stand
2378 2769 2564 2859 gland
811 2798 3107 2961 treu und pflichtetfrig an der Tür / und nun, wie er
808 2935 3069 3113 seine ehrfurchtsvollen Blicke bemerkt sah, rasch
811 3078 3058 3233 begschaute. Als letzter kam Friedinger, der etne
799 3230 2932 3405 lustige Novellette aus dem Studentenleben zum
802 3384 2906 3624 besten gab. Er hatte das dankbarste Publikum.
799 3589 3023 3755 Es hatte sich allerdings schon ein wenig gelich
