3384 4120
2871 541 2999 731 31
706 691 2467 945 machte eine kleine Pause - Saxberger.
728 899 3024 1067 In diesem Augenblicke zeigte sich auf den Gesich
731 1046 3149 1241 tern der jungen Leute, welche anfangs nur etwas Neu
728 1180 3033 1376 gier verraten hatten eine angenehme Befriedigung.
731 1367 3091 1559 Sie erhoben sich und der eine, ein kleiner blasser
734 1535 2954 1672 Blondin, der als Wänder vorgestellt worden war,
740 1682 3058 1850 rückte Herrn Saxberger seinen Stuhl hin und holte
749 1795 2978 2036 sich einen vom Nebentisch. Wie er sich gesezt
740 1966 2987 2159 hatte, sah er dem alten Herren mit natver Bewun
746 2113 3161 2318 derung ins Gesicht, während die beiden andern Freund
752 2281 3186 2498 lich und ein wenig verlegen die Physignomie des neu
767 2455 2272 2602 en Gastes zu studieren schienen.
1168 2584 3226 2770 Meter fuhr fort: "Ja, da bring ich euch den
755 2733 3220 2917 Dichter der Wanderungen und hter, verehrter Metster,
774 2847 3232 3051 hier haben Sie den Stolz und die Hoffnung des jungen
770 3091 1067 3238 Wiens"
1214 3155 3155 3363 "Es freut mich sehr, meine Herren", sagte
770 3369 3204 3510 Saxberger, "Sie kennen zu lernen, da kann ich Ihnen
770 3528 3064 3752 persönlich für die Grüsse danken, die Sie mir da
