3368 4152
2881 552 3057 773 134
791 752 2949 937 die Sehnsucht, die er vor wenig Tagen emfoun -
788 940 3072 1098 den, dass dieses Weib ihm wieder die Hand küsste.
770 1042 3170 1206 Er empfand sie nicht mehr seit sie in seinem Zimmer
782 1191 3036 1397 war. Irgend etwas an ihr gefiel ihm heute nicht.
782 1361 3066 1540 Und wie er sie so von der Sete näher betrachtete,
779 1525 3033 1672 wusste erauch schon was: die gelbe Jacke war es,
788 1681 2098 1848 die ihn unangenehm berührte.
1185 1797 2955 2015 Fräulein Gasteiner entfernte sich nun
764 1976 2943 2155 plötzlich vom Fenster mit einer nervösen Kopf
773 2137 3075 2284 bewegung, als müsste sie irgend etwas von stch ab
776 2307 3033 2472 schütteln. Dann setzte sie sich an den Tisch und
764 2430 3116 2558 während sie die Handschuhe von den Finger streifte
773 2597 3036 2743 sagte sie zu Saxberger: "wollen Sie sich nicht
758 2731 1495 2937 zu mir setten!"
1155 2901 2310 3063 Er nahm neben ihr Platz.
1170 3039 2988 3215 Sie begann etwas geschäftsmässig im Ge
764 3194 3024 3361 gensatz zu dem frühern warmen Ton: "Ich habe die
746 3367 3072 3510 Wanderungen mitbebracht. Ich habe sie heute Nacht
743 3501 2734 3731 zum..... nun, ich habe sie wieder gelesen.
