3368 4024
2790 628 2989 773 207
802 781 2628 1021 dto Tür des Gasthauses, wo die Gesell¬
796 967 2960 1244 schaft seiner alten Freunde sich zu versammeln
790 1172 1198 1430 pflegte.
1218 1265 3004 1508 Die Luft, die ihm entgegenschlug, roch
819 1418 3012 1655 nach Bier, Rauch und Speisen. Die wohlbekannten
816 1568 2998 1785 Stimmen tönten durchetnander, laut und lachend.
819 1725 2966 1930 Und es war ihm, als käme er von einer kurzen,
831 1843 3108 2110 beschwerlichen Reise nach Hause, in ein Hetm, das
833 2029 2955 2225 er nie geliebt, in dem er aber die dumpfe und
836 2150 2949 2353 weiche Behaglichkeit von füher wiederfand. Er
865 2329 3114 2518 spürte, dass er nichts anderes mehr wollte, nicht
862 2451 2983 2683 anderes mehr brauchte. Er blieb nur einen Au-
868 2613 3038 2836 genblick an der Türe stehen; dann trat er ent
874 2781 3198 2957 schlossen an den Tisch, atmete tief auf und setzte
880 2914 3203 3163 sich lächelnd nieder. Er wusste: armer Teufel wird
883 3079 1933 3296 ihm hier keiner sagen.
1291 3160 2995 3446 Der kleine Winder war noch ein paar
883 3374 3050 3577 Minuten draussen stehen geblieben, nachdem die
