3336 4104
1168 560 1391 766 Ce V. Dans
2811 593 3001 775 106
736 707 2828 948 Wie er sich dann andern zugesellt hatte, kam
728 892 3086 1097 Fräulein Gasteiner an Saxbergers Sette. "Ich weiss
739 1118 3045 1323 was Ihnen Herr Linsmann zugeflüstert hatt," sagte
751 1288 1326 1435 see einfach.
1150 1350 3133 1540 Saxberger schwieg in einiger Verlegenheit.
1226 1520 3078 1681 “Er hat Ihnen erzählt“, setzte Fräulein
915 1663 3022 1845 Gastelner fort, "dass der Herr mit den lan
772 1804 2781 2015 gen, schwarzen Haaren mein Geliebter ist.“
1203 1980 1763 2171 "Aber-.... "
1176 2098 3036 2300 Fräulein Fasteiner lächelte verächtlich
780 2291 2901 2467 und sagte: "Ich habe noch nie mit einem Manne
789 2444 3051 2623 freundschaftlich verkehrt, ohne dass man von ihm
789 2570 2538 2781 erzählt hätte er wäre mein Geliebter.
1247 2825 2021 2978 "Das ist ja....
1206 2948 2995 3078 "Oh, ich mach mir längst nichts draus,
792 3045 3004 3236 aber ich weiss auch was Ihnen Herr Linsmann ver
798 3292 1476 3403 schwiegen hat.
1232 3365 1531 3562 “Nung”
