3304 4056
2749 484 2935 589 197.
688 577 2813 735 kompromittieren. Erinnert Euch nur... was ich
688 764 3026 953 Euch alles verschafft habe... und sein Blich strei
697 927 3035 1049 fte in diesem Moment haum merklich den alten Herrn
685 1038 2883 1213 Saxberger, der in peinlicher Unruhe, verlegen,
688 1224 2976 1361 beinahe unglücklich unter diesen Streitenden sass
688 1338 2921 1525 und nur den rechen Mit nicht fand sich zu entfer
685 1548 898 1705 nen.
1119 1597 2938 1851 "Geh Du zu Deinem Blatt" schrie Stauf
679 1787 2545 2003 ner. "Wir bringen uns ohne Dich „fort.“
1128 1918 2845 2125 Meter stand auf, nahm seinen Hut und
685 2070 2985 2253 ging ohne zu grüssen. Er grüsste nicht einmal den
673 2280 2900 2440 alten Saxberger und dem völlig unschuldigen Win
688 2370 2845 2609 der warf er noch überdies einen giftigen Blick
673 2574 845 2723 zu.
1102 2679 2944 2857 “Hier ist heute eine Luft zum ersticken“
682 2828 2930 3072 sagte Fräulein Gasteiner, welche bald blass, hald
670 3002 2868 3201 rot vor Aerger geworden war und indem sie auf -
688 3160 3002 3355 stand — sie hatte heute wieder die gelbe Jache an,
679 3291 3023 3495 setzte sie hinzu: "Ich geh, kommst mit, Christian?"
670 3457 2387 3661 Sie warf ihm das zu wie einen Befehl.
