3352 4120
2822 601 3012 738 164
747 762 1096 920 weiter.
1163 888 3050 1084 Bolling stand vor einem Spiegel und übte
759 1087 1556 1251 sein Mienensptel.
1154 1219 2983 1409 Draussen wurde es immer lauter. Man hör
750 1386 3106 1532 te die Stimmen der ankommenden Gäste. Vernehmliche
741 1503 3082 1676 wurden Etsche. und Sesseln gerückt. Saxberger warj
1345 1650 1477 1740 in
750 1679 3021 1828 einen Blick und den Saal und nun verspürte er das
741 1831 2945 1984 erstemal leichtes Herzklopfen. Ja wahrhaftig da
747 2001 2854 2142 kamen sie. Das waren die Leute, die nun still
753 2142 2810 2277 dasitzen und eine Viertelstunde lang ununter
744 2306 2992 2452 brochen seinen Versen lauschen würden. Das waren
750 2449 3033 2596 die Leute, die in die Hände klatschen und staunen
738 2611 2977 2763 würden, dass der Dichter dieser Verse jahrzehnte
738 2745 2083 2939 lang unbekannt geblieben war.
1151 2883 3082 3056 Meter trat herein. „ In fünf Minuten können
732 3035 2693 3223 wir beginnen.... es ist bald viertel acht.
1216 3191 2986 3367 "Ist wer von den Zeitungen da?" fragte
721 3384 1172 3501 Staufner.
