3320 4056
2601 501 2788 639 195
645 665 1963 834 bist Du und frech obendrein.'
1034 759 2899 1000 Meter hatte vergebens versucht sich ver¬
639 954 2736 1112 ständlich zu machen. "Die Kritik ist ja nicht
636 1100 2865 1252 von mir geschrieben, ich habe nur dahin gewirkt,
650 1238 2891 1458 dass man überhaupt von dem Abend Notis nimmt...
645 1407 1877 1593 Ich hab nur Daten gegeben.'
1023 1547 2894 1719 "Hättest Du andere Daten gegeben", schrie
630 1733 2922 1942 Staufner. "Entweder setzt man sich für eine Sache
647 1859 1561 2043 ein oder nicht...
1003 1931 2782 2177 Meter wurde nun auch zornig. "Ich habe
659 2152 2902 2329 getan was ich konnte. Ich kannte meine neue Stel
647 2338 2833 2450 lung nicht gleich dazu ausnützen, um für epaar
659 2438 2117 2647 gute Freunde Reklame zu machen.
1074 2607 1902 2779 "Reklamel Haha..."
1026 2736 2945 2937 "Donnervetter ich kann es nicht, Ihr seht
656 2876 2954 3074 doch ich habe über mich nicht eine Silbe mehr ge
659 3080 1189 3272 schrieben.
1120 3183 2481 3398 „Geschrieben!! Geschrieben 14“
1034 3364 2902 3530 "Nein doch, nicht geschrieben, - beein -
659 3507 2885 3716 flusst. Nicht ein Wort mehr hab ich für mich ge
