3368 4120
2735 517 2889 632 63
597 597 2644 871 Theater Direktoren hinaus bringen könnte.“
1034 741 3048 960 "Ich fahre jedenfalls hinaus", sagte Blink.
650 948 2886 1176 "Ich werde schauen, dass ich in die eine oder in
611 1119 2357 1317 die andre Zeitung was hineinbringe. „
1022 1235 2883 1424 Fräulein Gasteiner drückte dem Kritiker
620 1385 2830 1613 die Hand und warf ihm einen glühenden Blick zu.
629 1548 2974 1755 "Ich werde dem Direktor heute noch schreiben, dass
623 1701 2561 1914 er Sitze reserbiert — einen, zwei drei —"
1037 1846 2969 2059 "Für mich nicht", sagte der kleine Winder
603 2047 2183 2236 ängstlich - "ich glaube nicht, "
1052 2171 2933 2357 "Na ja wir wissen schon", meinte Friedin
620 2378 2062 2552 ger, "die Mama erlaubts nicht."
1063 2493 2939 2667 "Oh dte Mama wtréoschon erlauben", sagte
611 2614 2989 2800 Fräulein Gasteiner und sah den kleinen Winder zärt
1784 2830 1879 2936 m
611 2836 1001 3042 lich an.
1034 2915 2945 3113 Belling äusserte die einung, dass über
614 3143 2980 3323 haupt keine der modernen Schausptelerinnen der Gas
620 3261 2909 3456 tieiner xxx Wasse nachspielen könnte. Es kam nun
626 3412 2901 3651 die Rede auf einige dieser Schauspielerinnen und
