3368 4136
2766 543 2930 730 169
626 775 2875 928 nehmen der jungen Freunde war nicht so wie Sax
635 907 2869 1078 berger es erwartet hatte. Sie plauderten mitein
644 1053 2903 1255 ander ohne sich um ihn zu kümmenn, als ginge sie
644 1233 2991 1401 die Sache weiter nichts an. Nur Fräulein Gastetner
675 1374 2952 1526 fasste ihn heftig bei der Hand: "Jetzt entschei -
653 1538 2930 1664 det sich der Abend“, flüsterte sie ihm zu. Plötz
650 1654 3104 1835 lich fuhr ihm durch den Kopf, was alles von der näch
656 1856 3059 1975 sten Stunde abhing. Er dachte an einen, rauschenden
668 1993 2952 2134 betäubenden Erfolg, der ins Weite dringen konnte.
656 2125 2949 2265 Er dachte an ein gerührtes Staunen des Publikums,
668 2302 2927 2433 wenn man ihn selbst zu Gesicht bekäme... und er
678 2411 2839 2601 dachte auch an ein schallendes Gelächter, das
681 2579 3031 2744 sich während der Vorlesung erheben und ihn vernich
684 2784 1157 2933 ten würde.
1175 2839 2976 3049 Glück auf!" flüsterte es da neben ihm.
662 3059 2976 3202 Es war die Stimme des Fräulein Gasteiner gewesen,
684 3202 2964 3364 das den Arm Meters genommen hatte und nun hinaus
687 3324 3013 3483 schritt. Er drückte ihr rasch die Hand, in diesem
684 3492 2338 3645 Augenblick war er ihr sehr gewogen.
