3336 4104
2838 625 2960 818 92
795 696 3028 897 zu ihm sprachen, wie zu thresgleichen. Freilich
798 880 3098 1078 was wussten sie von ihm! Was konnten sie denn von
818 1061 3133 1254 ihm wissen! Wodurch hatte er ihnen je zu verstehen
807 1195 3112 1376 gegeben, dass er von einer andern Art war als ste
1192 1344 3092 1511 Herr Grossinger, der Delikatessenhändler
810 1558 3072 1759 der als der witzigste Kopf der Gesellschaft galt,
804 1704 3069 1873 erhob sich und hielt einen Trinkspruch in Versen.
792 1847 3136 2017 Es waren harmlose Knittelretme mit einigen Spässen
798 2008 3016 2136 die auf die Privatverhältnisse des Gefeirten Be
1587 2113 1876 2218 dessen
798 2189 2905 2282 zug hatten — auf seine Vorliebe für bestimmte
2315 2268 2461 2379 he
798 2361 3077 2528 Speisen, auf eine zarte Neigung, welche er angeb
783 2499 3127 2619 lich zu einer Tabaktrafikantin hegte, auf einen ge
795 2627 3042 2826 wissen hellgelben Regenmantel, den er selbst bei
804 2811 3039 2911 schönstem Wetter zu tragen pfigte. Während diese
804 2960 2902 3063 Verse herzlich belacht wurden, sass Saxberger
792 3031 3048 3232 leutselig lächelnd da. Er dachte sich: würde man
792 3188 3054 3367 wohl wagen dieses... "Gedicht" vorzutragen, wenn
789 3323 3142 3525 man wüsste wer ich bin? Er hatte eine gewisse Freu
795 3484 3013 3738 de diesem Fest sozusagen inkonntto betwohnen zu
