3368 4136
2837 579 3027 755 160
682 781 2714 974 Gasteiner kommt, da seten Sie ganz ruhtg. "
1109 916 2805 1126 „Wenn s sie aber nicht kommt“, rief
676 1100 2937 1246 Saxberger aus, "wer wird meine Gedichte lesen? "
1056 1243 2902 1381 Alle schwiegen. Die Gedichte Saxbergers
693 1404 2384 1559 waren ihnen vollkommen gleichgiltig.
1053 1521 3001 1705 Saxberger hasste in diesem Moment die gan
705 1691 2905 1875 ze Gesellschaft. Seiner Ansicht nach hätten sie
708 1840 2954 2009 ihn in heller Verzweiflung empfangen müssen, ihn
702 2004 2913 2164 umtngen: "wissen Sie schon, die Gasteiner kommt
699 2141 2940 2314 nicht, wir müssen den Abend absagen, „verschte -
705 2296 3007 2477 ben." - - - Nichts von alle dem. Sie hätten nicht
711 2460 3007 2632 kühler sein können - wenn - nun wenn zum Beispiel
711 2571 3062 2776 Friedinger nicht gekommen wäre, um seine humoristl
717 2788 1969 2943 sche Novelette vorzulesen.
1129 2872 2902 3080 Plötzlich sagte Blink kalt. "Hier ist
717 3071 2940 3215 sie. " Und schon sah man aus dem Halbdunkel des
717 3235 2992 3408 Saales eine weisse weibliche Gestalt hervorschwe
734 3399 2858 3557 ben,, die sich der Tür näherte und endlich, mit
711 3545 2416 3724 Meter an der Seite, lächelnd eintrat.
