3352 4104
2786 366 2960 545 160
806 533 2991 763 Ecke mit geschlossenen Augen lehnte, dachte er,
817 726 3045 931 dass nun der Abend vorbet war,auf den er sich so
823 863 2971 1050 sehr gefreut. Und was nun!... Ach der Ruhm war
831 1022 2974 1189 das freilich nicht. Einige Leute sprechen viel
826 1149 2985 1353 leicht heute noch von ihm und sagen: das waren
837 1362 2979 1544 schöne Gedichte, die vom. Saxberger.... und an
840 1490 3101 1714 dre: ja, wenn man den zur rechten Zett kennen ge
837 1668 3118 1890 lernt hätte. - Und manche sagen: armer Teufel....
1297 1807 2721 1927 Wo mag ersein, der das gesagt?
1294 1890 2968 2151 Der Einspänner rüttelte ihn auf dem
851 2086 3019 2313 Pflaster hin und her und die schlecht eingefüg
863 2230 2982 2454 ten Schelben kltrrten. Und Saxberger war trau
871 2449 2676 2625 riger, als er es seit langem gewesen.
