3304 4040
2889 347 3020 560 11
757 563 3202 791 Saxberger miteinem melancholischen Lächeln..... Wenn
760 739 3154 928 meine Bureaustunden aus, sind hab ich nichts mehr zu
760 925 1010 1116 tun."
1174 1067 3111 1271 "Herr Saxberger sind in einem Amt beschäf¬
763 1247 3044 1393 tigt?" fragte Meter mit höflichem Interesse. "Das
769 1369 2500 1572 befreedigt Sie wohl nicht besonders!“
1174 1533 3123 1676 "Ach Gott, mein lieber Herr, man gewöhnts,
769 1545 861 1694 1.
754 1691 3032 1889 was sollte ich den ganzen Tag tun, wenn ich heine
751 1828 1752 2013 Beschäftigung hätte?"
1174 1971 2527 2171 "Also Sie... sind zufrieden?"
1174 2132 2956 2339 “Ich kann eigentlich nicht klagen. Ich
1001 2284 3041 2482 kann mir eigentlich mein Leben gar nicht
766 2278 870 2460 G.H.F
742 2439 2996 2628 anders vorstellen — ich bitte Sie, wenn man bald
754 2603 3017 2780 35 Jahre im Amt ist. Ja, ja", bekräftigte er, wie
730 2737 3069 2953 Meter ganz erstaunt den Kopf schütelte, ich könnte
751 2892 2290 3090 schon lang mein Jubiläum feiern!"
1156 3063 2917 3236 “Aber anfangs, zur Zeit, als Sie noch.
736 3199 2987 3394 dichteten, da muss Ihnen doch diese eintönige Be¬
736 3364 2658 3546 schäftigung höchst peinlich gewesen sein.
