3368 4104
2930 493 3066 614 48
783 668 2486 889 mann in seiner Rede betonen, Blink."
1228 822 3169 1022 “Ich weiss schon selber, was der Linseman
807 992 3235 1179 reden muss", wandte Blink ein. Linsmann strich sich
816 1179 1760 1330 den Bart und nickte.
1240 1273 3105 1494 "Oh!” rief Staufner, “so geht das nicht!
807 1427 3024 1639 Jeder von uns hat das Recht Anträge in Hinsicht
822 1597 3000 1772 auf die Linsmannsche Rede zu stellen; wir alle
819 1742 3169 1938 sind dafür verantwortlich. Un s e r Programm soll
835 1920 3172 2123 da ausgesprochen werden, nicht die Privatansichter
835 2120 1554 2256 vom Linsmann. “
1170 2198 3099 2416 «Blink lachte...“Ich kenne auch die Privat
838 2392 2416 2570 ansichten vom Linsmann gar nicht.'
1264 2510 3087 2721 "Herr Saxberger", sagte Staufner plötz
841 2688 2670 2845 lich" - " und was tsts denn mit Ihnen?"
1267 2821 3166 2978 „Wieso“? fragte der Angeredete etwas ver
844 3015 1158 3163 legen.
1282 3124 3127 3302 "Sie müssen etwas vorlesen! Sie sind ei
853 3272 3121 3456 ner von den Unsern, erweisen Sie uns auch die Eh
853 3465 2942 3665 re, sich als einer der Unsern zu bekennen. „
