3384 4120
2956 618 3089 812 51
1220 792 2971 1009 "Wetss man das ganz bestimmt?" fragte
1251 959 3084 1136 ernsthaft,. "oder nennt sich am Ende die
780 991 1222 1168 Sarberger
786 1136 1670 1321 Gesellschaft so? "
1205 1280 3037 1471 „Wir nennen sie so", höhnte Friedinger.
1208 1405 3008 1610 "Und von dem dort word nächstens" - er
795 1587 3037 1757 wtes auf einen von den Lexts, die drüben sassen
809 1722 2650 1931 "wird nächstens ein Stück aufgeführt. "
1225 1884 2997 2032 „Warum nennen Sie sie denn talentlos!“
818 2029 2494 2240 fragte Saxberger mit Beharrlichkeit.
1234 2170 3089 2376 "Talentlos", warf Meter, in seiner ruhi
815 2335 3101 2540 gen Weise ein, "nennen wir im allgemeinen die
809 2483 3124 2650 jenigen, welche an einem andern Tische sitzen als
806 2685 1144 2870 wir "
1246 2722 3104 2890 "Unsinn", schrie Staufner, "dte können
815 2968 3130 3133 wirklich nichts. Die muss man einmal annageln. "
1266 3066 3228 3297 "Ich schreibe jetzt einen Artikel über sie
827 3234 3147 3445 sagte Blink mit einer Miehe, die ausdrückte, dass
832 3396 3104 3586 jene Heren damit ein für alle mal abgetan wären.
1269 3572 3130 3792 "Kümmert euch nicht um die dort", sagte
