3288 4024
2725 572 2919 728 205
1109 690 2875 923 "Die Wanderungen? — — Ja...... grad dte
678 864 2542 1041 Wanderungen hab ich noch nicht gelesen.“
1047 1003 2905 1218 Der alte Herr blieb einen Moment stehen,
693 1156 2972 1330 geradezu erschrocken, dann aber wie er den jungen
681 1336 2840 1492 Menschen vor sich stehen sah, ganz verlegen zu
684 1495 2229 1622 Boden schauend, musste er lachen.
1073 1637 2875 1796 "Nicht gelesen? Ja warum, ja — zum Ku
690 1802 2972 1961 kuck warum verehren Sie mich denn dann eigentlich
702 1931 1327 2100 gar so sehr?"
1138 2102 2981 2268 Der kleine Winder schaute wieder zu ihm
690 2244 2828 2409 auf. "Ich hab eben ein so unbändiges Vertrauen
684 2412 2866 2577 zu Ihnen — Sie sind ja ganz anders, wie die an
699 2557 2943 2722 dern. Viel freundlicher sind Sie mit mir. Die an
693 2680 3064 2854 dern kümmern sich ja gar nicht um mich. Bitte schön
675 2848 2972 3028 Herr Saxberger, der Meter hat mir versprochen, er
690 2966 2975 3185 leiht mir die Wanderungen — er hat uns allen ver
693 3167 2975 3329 sprochen — aber man kann sich ja auf den Menschen
690 3308 1477 3512 nicht verlassen.
1171 3453 2840 3633 "Allend.... also hat sie am End noch
