3384 4168
2889 625 3055 784 116
799 764 2957 1009 es schien ihm einen so starken Klang zu geben,
805 977 2957 1154 dass alle Geräusche davon verschlungen wurden.
1208 1104 3111 1305 Es war dunkel geworden und der alte Herr
805 1288 3182 1442 entschloss sich umzukehren. Er ging ziemlich rasch.
799 1421 3108 1601 Er hatte eine Sehnsucht nach den lichten und be
811 1634 3123 1749 lebten Strassen. Er wusste es nun: seine Versuche
820 1729 3016 1906 waren vergebens. - Lächerlich waren sie gewesen,
814 1880 3081 2093 damit war es vorbei. Im Grunde war es ja einfach
823 2060 2998 2223 und gar nicht einmal so traurig - es war nicht
832 2211 3114 2356 trauriger als das Altsein selbst, kaum trauriger,
829 2344 3126 2549 als die dreissig Jahre, in denen ihm nie ein Vers
844 2522 1592 2702 eingefallen war.
1237 2602 2998 2794 Aber es kam ja gar nicht drauf an. Er
829 2812 3090 3019 wusste es doch,: alles wäre ganz anders gekommen,
835 2963 3146 3129 wenn sich sein äusseres Leben anders gefügt, wenn
855 3099 3034 3283 die Menge auf ihn geachtet hätte. Freilich; da
838 3262 3126 3437 mals hätte das für seine Entwicklung noch was zu
858 3395 3170 3605 bedeuten gehabt, damals wär es ihm nicht nur eine
