3304 4024
2672 440 2853 582 194
1023 535 2856 807 "Es ist so. Ihr bin nämlich vom nächsten
636 798 2900 937 Monat an Theaterrezensnt bet diesem Blatt und da
656 916 2318 1129 hab ich meine Verbindungen bemützt.
1076 1058 2755 1239 “Von Dir?...“ wiederholte Staufner.
1085 1236 1520 1410 "Jawohl."
1100 1357 2915 1534 "Dann bist Du ja ein ganz ordinäres Sub
668 1505 2930 1703 jekt", schrie Staufner und brachte damit die un
680 1664 2826 1868 gewisse Stimmung zu plötzlicher Klarhett. "So",
674 1827 2829 1995 und er haute mit der Hand auf das Blatt, "so
674 1984 3045 2158 schretbt ein Freund über uns? Mit diesen läppischen
665 2126 2735 2338 Floskeln, die nichts sind und nicht hetssen
686 2303 1443 2483 tust Du uns ab?”
1100 2463 2879 2625 "Gährender Most sind wir", schrie Frie
668 2602 1525 2770 dinger dazwischen.
1106 2690 2779 2921 "Ich bin ein Most", schrie Linsmann.
1129 2888 2882 3086 "hahaha", lachte Staufner und las mit
686 3077 2859 3219 tronischer Betonung:.... die jungen Dichter be
686 3199 2800 3385 rechtigen zweifellos, haha, metfellos zu den
677 3344 2927 3533 schönsten Hoffnungen.... Hoffnunge n... ein Idiot
