<?xml version="1.0" encoding="UTF-8" standalone="yes"?>
<PcGts xmlns="http://schema.primaresearch.org/PAGE/gts/pagecontent/2013-07-15" xmlns:xsi="http://www.w3.org/2001/XMLSchema-instance" xsi:schemaLocation="http://schema.primaresearch.org/PAGE/gts/pagecontent/2013-07-15 http://schema.primaresearch.org/PAGE/gts/pagecontent/2013-07-15/pagecontent.xsd">
    <Metadata>
        <Creator>prov=READ-COOP:name=TrHtr:version=2.1.0:model_id=51170:date=14_08_2023_22:17</Creator>
        <Created>2023-05-10T14:38:34.391+02:00</Created>
        <LastChange>2023-08-14T22:17:00.946+02:00</LastChange>
        <TranskribusMetadata docId="1428643" pageId="55422573" pageNr="22" tsid="132827907" status="IN_PROGRESS" userId="64420" imgUrl="https://files.transkribus.eu/Get?id=RWUUHZONKMSUQTGTQOGJYEKF&amp;fileType=view" xmlUrl="https://files.transkribus.eu/Get?id=SHOVAVLZPKPBHFAQPUJIZWZY" imageId="44696652"/>
    </Metadata>
    <Page imageFilename="1428643_0022.jpg" imageWidth="3288" imageHeight="4056">
        <ReadingOrder>
            <OrderedGroup id="ro_1711815573371" caption="Regions reading order">
                <RegionRefIndexed index="0" regionRef="tr_2"/>
                <RegionRefIndexed index="1" regionRef="tr_1"/>
            </OrderedGroup>
        </ReadingOrder>
        <TextRegion id="tr_2" custom="readingOrder {index:0;}">
            <Coords points="671,558 3065,558 3065,1550 671,1550"/>
            <TextLine id="tr_2_tl_1" custom="readingOrder {index:0;}">
                <Coords points="2768,665 2810,647 2861,671 2873,665 2891,668 2876,496 2861,499 2843,484 2828,490 2816,484 2789,508 2753,514"/>
                <Baseline points="2778,608 2823,611 2868,614 2895,620"/>
                <TextEquiv>
                    <Unicode>13</Unicode>
                </TextEquiv>
            </TextLine>
            <TextLine id="tr_2_tl_2" custom="readingOrder {index:1;}">
                <Coords points="680,827 1191,809 1297,857 1522,839 1571,873 1574,614 1282,698 1167,668 951,716 680,698"/>
                <Baseline points="698,781 728,778 772,781 817,781 862,781 907,781 952,781 996,781 1041,781 1086,781 1131,781 1175,781 1220,784 1265,778 1310,781 1354,781 1399,778 1444,775 1489,775 1534,775 1578,770"/>
                <TextEquiv>
                    <Unicode>abgestreift hatte.“</Unicode>
                </TextEquiv>
            </TextLine>
            <TextLine id="tr_2_tl_3" custom="readingOrder {index:2;}">
                <Coords points="1107,1011 2368,1041 3060,975 3060,851 2759,818 2362,885 2148,821 1823,882 1107,824"/>
                <Baseline points="1125,928 1169,928 1214,928 1259,928 1304,928 1349,931 1393,931 1438,931 1483,934 1528,931 1572,928 1617,931 1662,931 1707,934 1751,934 1796,931 1841,931 1886,928 1931,928 1975,928 2020,928 2065,931 2110,931 2154,928 2199,925 2244,928 2289,934 2333,937 2378,931 2423,934 2468,928 2512,931 2557,928 2602,931 2647,928 2692,931 2736,928 2781,928 2826,931 2871,931 2915,928 2960,925 3005,928 3050,928 3065,931"/>
                <TextEquiv>
                    <Unicode>"Schöne, Zeit, schöne Zeit", sagte der alte</Unicode>
                </TextEquiv>
            </TextLine>
            <TextLine id="tr_2_tl_4" custom="readingOrder {index:3;}">
                <Coords points="656,1197 2103,1158 2257,1125 2257,990 2082,1035 656,1002"/>
                <Baseline points="671,1077 716,1080 761,1080 805,1080 850,1080 895,1080 940,1080 984,1083 1029,1083 1074,1080 1119,1080 1163,1080 1208,1083 1253,1083 1298,1083 1343,1083 1387,1083 1432,1083 1477,1083 1522,1083 1566,1083 1611,1083 1656,1083 1701,1083 1745,1083 1790,1086 1835,1083 1880,1086 1925,1083 1969,1086 2014,1086 2059,1086 2104,1083 2148,1083 2193,1083 2238,1086 2265,1086"/>
                <TextEquiv>
                    <Unicode>Herr und versank wieder in Sinnen.</Unicode>
                </TextEquiv>
            </TextLine>
            <TextLine id="tr_2_tl_5" custom="readingOrder {index:4;}">
                <Coords points="1113,1246 2497,1348 3000,1306 2976,1119 2476,1188 2193,1131 1113,1146"/>
                <Baseline points="1131,1229 1172,1226 1217,1226 1262,1229 1307,1229 1352,1226 1396,1226 1441,1229 1486,1232 1531,1235 1575,1232 1620,1229 1665,1229 1710,1229 1754,1232 1799,1232 1844,1229 1889,1229 1933,1229 1978,1229 2023,1229 2068,1232 2113,1232 2157,1232 2202,1229 2247,1229 2292,1229 2336,1229 2381,1229 2426,1229 2471,1232 2515,1232 2560,1232 2605,1232 2650,1232 2695,1232 2739,1232 2784,1232 2829,1232 2874,1232 2918,1226 2963,1220 3008,1211"/>
                <TextEquiv>
                    <Unicode>„Was darf ich meinen Freunden bestellen?"</Unicode>
                </TextEquiv>
            </TextLine>
            <TextLine id="tr_2_tl_6" custom="readingOrder {index:5;}">
                <Coords points="680,1408 779,1441 993,1378 1131,1417 1489,1387 1670,1432 1670,1297 1495,1333 1309,1303 1170,1327 972,1237 680,1261"/>
                <Baseline points="698,1381 743,1381 787,1378 832,1378 877,1378 922,1378 966,1378 1011,1378 1056,1378 1101,1378 1146,1378 1190,1381 1235,1384 1280,1384 1325,1384 1369,1381 1414,1381 1459,1381 1504,1381 1548,1384 1593,1384 1638,1384 1674,1384"/>
                <TextEquiv>
                    <Unicode>fragte Meter lebhaft.</Unicode>
                </TextEquiv>
            </TextLine>
            <TextLine id="tr_2_tl_7" custom="readingOrder {index:6;}">
                <Coords points="1107,1622 1826,1577 2278,1640 2401,1589 2849,1619 2828,1471 1104,1453"/>
                <Baseline points="1122,1519 1166,1522 1211,1525 1256,1528 1301,1531 1346,1531 1390,1531 1435,1531 1480,1531 1525,1534 1569,1534 1614,1534 1659,1534 1704,1537 1748,1537 1793,1534 1838,1534 1883,1534 1928,1534 1972,1537 2017,1537 2062,1537 2107,1537 2151,1537 2196,1537 2241,1537 2286,1537 2330,1537 2375,1537 2420,1537 2465,1537 2510,1537 2554,1537 2599,1537 2644,1537 2689,1537 2733,1537 2778,1537 2823,1537 2853,1540"/>
                <TextEquiv>
                    <Unicode>“Ich lasse ihnen danken, schön danken.</Unicode>
                </TextEquiv>
            </TextLine>
        </TextRegion>
        <TextRegion id="tr_1" custom="readingOrder {index:1;}">
            <Coords points="656,1630 3086,1630 3086,3549 656,3549"/>
            <TextLine id="tr_1_tl_1" custom="readingOrder {index:0;}">
                <Coords points="665,1688 3078,1730 3078,1643 2943,1601 665,1598"/>
                <Baseline points="680,1683 725,1683 770,1680 814,1683 859,1680 904,1683 949,1683 993,1683 1038,1683 1083,1683 1128,1683 1172,1686 1217,1683 1262,1683 1307,1686 1352,1686 1396,1686 1441,1686 1486,1686 1531,1686 1575,1689 1620,1686 1665,1686 1710,1686 1754,1686 1799,1686 1844,1689 1889,1689 1933,1689 1978,1686 2023,1686 2068,1689 2113,1689 2157,1692 2202,1692 2247,1692 2292,1692 2336,1692 2381,1692 2426,1689 2471,1692 2515,1692 2560,1692 2605,1692 2650,1692 2695,1692 2739,1692 2784,1692 2829,1692 2874,1692 2918,1695 2963,1692 3008,1692 3053,1689 3086,1692"/>
                <TextEquiv>
                    <Unicode>Sagen Sie ihnen es hat mich sehr gefreut, es ist mir</Unicode>
                </TextEquiv>
            </TextLine>
            <TextLine id="tr_1_tl_2" custom="readingOrder {index:1;}">
                <Coords points="665,1877 1655,1844 1908,1941 2958,1886 2958,1751 2858,1721 2308,1796 1670,1688 665,1724"/>
                <Baseline points="680,1841 683,1841 728,1838 772,1835 817,1835 862,1835 907,1835 952,1835 996,1835 1041,1835 1086,1835 1131,1835 1175,1832 1220,1835 1265,1835 1310,1835 1354,1835 1399,1835 1444,1838 1489,1838 1534,1838 1578,1838 1623,1838 1668,1838 1713,1838 1757,1838 1802,1838 1847,1841 1892,1841 1936,1841 1981,1841 2026,1841 2071,1838 2116,1838 2160,1841 2205,1841 2250,1844 2295,1844 2339,1838 2384,1838 2429,1838 2474,1838 2518,1838 2563,1838 2608,1838 2653,1838 2698,1838 2742,1838 2787,1838 2832,1841 2877,1838 2921,1835 2966,1832"/>
                <TextEquiv>
                    <Unicode>ja so unerwartet gekommen. Gerührt### hats mich. Sa</Unicode>
                </TextEquiv>
            </TextLine>
            <TextLine id="tr_1_tl_3" custom="readingOrder {index:2;}">
                <Coords points="674,2037 1468,1995 1592,2082 2810,2091 2810,1935 2479,1905 1363,1959 978,1871 674,1956"/>
                <Baseline points="692,1993 737,1990 781,1990 826,1990 871,1990 916,1990 961,1990 1005,1993 1050,1993 1095,1993 1140,1990 1184,1990 1229,1993 1274,1993 1319,1993 1363,1993 1408,1993 1453,1993 1498,1993 1543,1993 1587,1993 1632,1993 1677,1996 1722,1996 1766,1996 1811,1996 1856,1996 1901,1999 1945,1999 1990,1999 2035,1999 2080,1999 2124,1999 2169,1999 2214,1999 2259,1999 2304,1999 2348,1999 2393,1999 2438,2002 2483,2005 2527,2005 2572,2005 2617,2005 2662,2005 2706,2005 2751,2002 2796,1999 2817,2002"/>
                <TextEquiv>
                    <Unicode>gen Sie ihnen, ich habe wirklich nicht geglaut</Unicode>
                </TextEquiv>
            </TextLine>
            <TextLine id="tr_1_tl_4" custom="readingOrder {index:3;}">
                <Coords points="671,2139 1279,2154 1372,2220 1640,2145 2825,2163 2825,2088 2239,2046 1140,2112 671,2037"/>
                <Baseline points="686,2136 731,2136 775,2136 820,2139 865,2139 910,2142 955,2142 999,2142 1044,2142 1089,2142 1134,2142 1178,2142 1223,2142 1268,2145 1313,2145 1357,2142 1402,2145 1447,2145 1492,2145 1537,2145 1581,2145 1626,2145 1671,2145 1716,2145 1760,2145 1805,2145 1850,2148 1895,2148 1939,2148 1984,2151 2029,2151 2074,2148 2119,2148 2163,2151 2208,2151 2253,2151 2298,2151 2342,2151 2387,2154 2432,2154 2477,2154 2521,2154 2566,2154 2611,2154 2656,2151 2701,2151 2745,2148 2790,2151 2832,2148"/>
                <TextEquiv>
                    <Unicode>dass noch ein Mensch auf der Welt meinen Namen</Unicode>
                </TextEquiv>
            </TextLine>
            <TextLine id="tr_1_tl_5" custom="readingOrder {index:4;}">
                <Coords points="671,2308 1360,2299 1908,2416 3012,2398 2988,2166 2765,2281 2130,2202 951,2266 671,2193"/>
                <Baseline points="689,2295 734,2295 778,2295 823,2295 868,2295 913,2298 958,2301 1002,2298 1047,2295 1092,2298 1137,2298 1181,2298 1226,2298 1271,2298 1316,2298 1360,2298 1405,2298 1450,2298 1495,2298 1540,2298 1584,2301 1629,2301 1674,2301 1719,2301 1763,2301 1808,2301 1853,2301 1898,2304 1942,2304 1987,2304 2032,2307 2077,2307 2122,2307 2166,2310 2211,2310 2256,2310 2301,2307 2345,2307 2390,2310 2435,2310 2480,2310 2524,2310 2569,2310 2614,2310 2659,2310 2704,2313 2748,2313 2793,2316 2838,2310 2883,2310 2927,2310 2972,2307 3017,2310"/>
                <TextEquiv>
                    <Unicode>kennt — ausser meinen Herren Kollegen im Amt. Und</Unicode>
                </TextEquiv>
            </TextLine>
            <TextLine id="tr_1_tl_6" custom="readingOrder {index:5;}">
                <Coords points="671,2494 1246,2455 1453,2551 1751,2497 2585,2582 2912,2521 2912,2401 668,2329"/>
                <Baseline points="686,2447 731,2450 775,2447 820,2450 865,2450 910,2450 955,2450 999,2450 1044,2453 1089,2453 1134,2453 1178,2453 1223,2453 1268,2453 1313,2453 1357,2453 1402,2453 1447,2456 1492,2459 1537,2459 1581,2459 1626,2459 1671,2459 1716,2459 1760,2459 1805,2459 1850,2459 1895,2456 1939,2459 1984,2459 2029,2462 2074,2462 2119,2462 2163,2459 2208,2459 2253,2462 2298,2465 2342,2465 2387,2465 2432,2465 2477,2465 2521,2465 2566,2465 2611,2465 2656,2465 2701,2465 2745,2462 2790,2465 2835,2465 2880,2465 2921,2465"/>
                <TextEquiv>
                    <Unicode>ich lasse sie alle grüssen und vielleicht werden</Unicode>
                </TextEquiv>
            </TextLine>
            <TextLine id="tr_1_tl_7" custom="readingOrder {index:6;}">
                <Coords points="671,2615 975,2615 1182,2690 1745,2669 1844,2720 2118,2660 2118,2545 1992,2521 671,2515"/>
                <Baseline points="686,2599 695,2599 740,2599 784,2599 829,2599 874,2602 919,2599 964,2599 1008,2599 1053,2602 1098,2602 1143,2605 1187,2605 1232,2602 1277,2602 1322,2605 1366,2602 1411,2602 1456,2605 1501,2605 1545,2605 1590,2608 1635,2608 1680,2608 1725,2608 1769,2611 1814,2614 1859,2611 1904,2608 1948,2608 1993,2605 2038,2602 2083,2593 2127,2590"/>
                <TextEquiv>
                    <Unicode>sie mehr Glück haben als ich. „</Unicode>
                </TextEquiv>
            </TextLine>
            <TextLine id="tr_1_tl_8" custom="readingOrder {index:7;}">
                <Coords points="1089,2768 2160,2861 2458,2804 3030,2840 3027,2663 2949,2651 2849,2714 1089,2684"/>
                <Baseline points="1107,2748 1152,2748 1196,2748 1241,2751 1286,2754 1331,2757 1375,2754 1420,2754 1465,2754 1510,2754 1554,2757 1599,2760 1644,2763 1689,2760 1734,2760 1778,2763 1823,2763 1868,2763 1913,2763 1957,2763 2002,2763 2047,2766 2092,2763 2136,2760 2181,2763 2226,2763 2271,2766 2316,2763 2360,2763 2405,2763 2450,2766 2495,2766 2539,2766 2584,2766 2629,2766 2674,2766 2718,2769 2763,2769 2808,2769 2853,2769 2897,2772 2942,2772 2987,2769 3032,2772 3038,2769"/>
                <TextEquiv>
                    <Unicode>"Herr Saxberger, darf ich mir die Frage ge-</Unicode>
                </TextEquiv>
            </TextLine>
            <TextLine id="tr_1_tl_9" custom="readingOrder {index:8;}">
                <Coords points="653,2949 1222,2915 1534,3033 2401,2931 2849,3000 2849,2858 2654,2834 1396,2879 653,2810"/>
                <Baseline points="668,2912 713,2906 758,2906 802,2906 847,2906 892,2906 937,2909 981,2912 1026,2912 1071,2912 1116,2912 1160,2915 1205,2915 1250,2915 1295,2915 1340,2918 1384,2915 1429,2915 1474,2915 1519,2915 1563,2915 1608,2918 1653,2918 1698,2918 1742,2918 1787,2918 1832,2918 1877,2918 1922,2918 1966,2918 2011,2918 2056,2915 2101,2915 2145,2918 2190,2918 2235,2921 2280,2924 2324,2924 2369,2924 2414,2924 2459,2921 2504,2921 2548,2924 2593,2924 2638,2924 2683,2921 2727,2921 2772,2921 2817,2924 2856,2918"/>
                <TextEquiv>
                    <Unicode>statten, ob Sie gelegentlich einmal einen Ihrer</Unicode>
                </TextEquiv>
            </TextLine>
            <TextLine id="tr_1_tl_10" custom="readingOrder {index:9;}">
                <Coords points="653,3087 2488,3117 2449,2979 2154,3027 653,2985"/>
                <Baseline points="668,3074 704,3071 749,3068 793,3068 838,3068 883,3068 928,3068 972,3071 1017,3071 1062,3071 1107,3071 1152,3071 1196,3074 1241,3071 1286,3071 1331,3074 1375,3074 1420,3074 1465,3074 1510,3074 1554,3077 1599,3077 1644,3077 1689,3077 1734,3077 1778,3077 1823,3074 1868,3074 1913,3074 1957,3077 2002,3077 2047,3077 2092,3077 2136,3077 2181,3077 2226,3077 2271,3077 2316,3080 2360,3077 2405,3077 2450,3074 2495,3062"/>
                <TextEquiv>
                    <Unicode>freien Nachmittage uns widmen wollten?"</Unicode>
                </TextEquiv>
            </TextLine>
            <TextLine id="tr_1_tl_11" custom="readingOrder {index:10;}">
                <Coords points="1065,3258 2921,3261 2918,3153 1062,3165"/>
                <Baseline points="1080,3223 1125,3220 1169,3220 1214,3223 1259,3223 1304,3223 1349,3223 1393,3226 1438,3223 1483,3226 1528,3226 1572,3226 1617,3226 1662,3226 1707,3229 1751,3229 1796,3229 1841,3229 1886,3232 1931,3229 1975,3232 2020,3232 2065,3235 2110,3232 2154,3235 2199,3232 2244,3235 2289,3235 2333,3238 2378,3235 2423,3235 2468,3235 2512,3238 2557,3241 2602,3244 2647,3244 2692,3244 2736,3241 2781,3241 2826,3241 2871,3244 2915,3250 2930,3247"/>
                <TextEquiv>
                    <Unicode>“Es wird mir ein Vergnügen sein,“ entgeg</Unicode>
                </TextEquiv>
            </TextLine>
            <TextLine id="tr_1_tl_12" custom="readingOrder {index:11;}">
                <Coords points="641,3373 3000,3424 3000,3337 2572,3283 1092,3316 638,3186"/>
                <Baseline points="656,3372 701,3369 746,3369 790,3369 835,3372 880,3372 925,3372 969,3372 1014,3372 1059,3372 1104,3372 1149,3372 1193,3375 1238,3375 1283,3375 1328,3378 1372,3378 1417,3381 1462,3378 1507,3378 1551,3375 1596,3375 1641,3378 1686,3378 1731,3375 1775,3378 1820,3378 1865,3378 1910,3378 1954,3381 1999,3381 2044,3381 2089,3381 2133,3381 2178,3381 2223,3384 2268,3384 2313,3387 2357,3387 2402,3387 2447,3387 2492,3390 2536,3387 2581,3387 2626,3390 2671,3390 2715,3390 2760,3393 2805,3393 2850,3393 2895,3393 2939,3393 2984,3393 3005,3390"/>
                <TextEquiv>
                    <Unicode>nete Saxberger, “Ihre Herren Freunde kennen zu ler</Unicode>
                </TextEquiv>
            </TextLine>
            <TextLine id="tr_1_tl_13" custom="readingOrder {index:12;}">
                <Coords points="641,3535 1167,3598 1246,3544 1586,3553 2121,3635 2317,3571 2317,3478 2064,3436 1703,3481 1228,3412 641,3427"/>
                <Baseline points="656,3527 701,3524 746,3527 790,3527 835,3527 880,3527 925,3527 969,3527 1014,3527 1059,3527 1104,3527 1149,3527 1193,3527 1238,3530 1283,3530 1328,3530 1372,3530 1417,3527 1462,3530 1507,3530 1551,3533 1596,3533 1641,3533 1686,3533 1731,3533 1775,3533 1820,3536 1865,3536 1910,3536 1954,3536 1999,3533 2044,3536 2089,3536 2133,3539 2178,3539 2223,3539 2268,3539 2313,3536 2324,3533"/>
                <TextEquiv>
                    <Unicode>nen und ihnen persönlich zu danken.</Unicode>
                </TextEquiv>
            </TextLine>
        </TextRegion>
    </Page>
</PcGts>
