3368 4136
2979 664 3165 827 138
901 827 2964 1010 Wort seinen Wert und mancher Vers, auf den er
896 961 3193 1150 selbst kaum mehr geachtet hätte ein neues, ungeah
904 1150 3133 1339 tes Leben bekam. Und am Sekluss des zweiten Ge¬
896 1282 2120 1468 dichtes sagte er: "schön!"
1299 1442 3207 1625 Sie wandte sich nicht einmal zu ihm, son¬
896 1599 3099 1783 dern las gleich wetter. Sie stand auf, das Buch
890 1768 3150 1949 in der Hand und sah ab und zu auf den alten Hern
876 1903 3113 2046 aber mit einem Blick, wie man auf einen fremden,
878 2063 3053 2195 wie man auf das Publikum steht. Das gefiel ihm
930 2212 3110 2346 sehr gut. Und dann blätterte sie fort, ein paar
867 2375 3145 2504 Seiten auf einmal nehmend, las noch ein paar Ge-
873 2506 3133 2704 dichte, wie sie ihr eben zufällig unter die Augen
867 2681 1167 2841 kamen.
1282 2798 2987 2961 Plötzlich legte sie das Buch hin und
856 2993 2835 3147 liess sich auf den Sessel niedersinken.Sie
853 3136 3033 3322 schaute auf Saxberger, der regungsles nachdenk
856 3279 3113 3425 lich am Fenster stand und während ihr Antlitz ei
844 3431 2867 3631 nen leidenden Ausdruck annahm, fragte sie :
