3352 4120
2778 553 2954 756 109
1521 1315 2916 1612 Es kamen Regentage. Saxberger
709 1536 3078 1818 müsste von Abend zu Abend seinen Spaztergang ver -
736 1713 2957 1980 schieben und Abend für Abend sass er mit seinen
742 1863 3093 2101 jungen Freunden im Kaffeehaus zusammen. Der schlan
744 2004 3057 2257 ke alte Herr mit dem korrekten etwas altmodischen
753 2136 3010 2431 Anzug und dem glattrasterten gutmütigen Gestoht
759 2292 3066 2566 war den Stammgästen des Kaffeehauses längst aufge
768 2451 3131 2739 fallen und eine bekannte Figur geworden. Zuwetlen
777 2625 3084 2901 glaubte er selbst zu hören, wie man sich an Neben
774 2769 2954 3028 tischen nach ihm erkundigte. Anfangs hatte ihn
792 2910 3143 3198 dieses Beachtetwerden ein wenig gentert, aber auch
789 3087 3093 3360 daran gewöhnte er sich bald. Die Gesellschaft war
797 3213 3096 3513 beinahe immer vollzählig, auch Fräulein Gasteiner
803 3378 3098 3731 kam fast regelmässtg. Ihr Gastspiel war vorläuftig
