3336 4120
2657 453 2832 599 107
1136 578 2926 748 "Dass er eines Tages über zwei Treppen
721 698 3013 920 geflogen ist, weil er einer gewissen Dame zu nahe
2102 873 2394 1066 G.H.F.F:F:D'H'F.H:F.D:D:H:H.H'H:
710 882 1583 1089 zu treten wagte.
1145 1042 2692 1229 "Ah..." xxx auf xxxn xxx
1133 1168 2879 1375 "Ich hab es ihm längst verziehen, nur
724 1346 2885 1586 eins ist mir an dem Menschen zuwiddder, das ist
727 1510 1676 1697 seine Rachsucht...."
1121 1583 2981 1825 In diesem Augenblicke begann der rach -
727 1807 2920 1983 süchtige Linsmann wieder zu pfeifen und wie das
721 1948 2984 2137 letztemal wurde die Gesellschaft still und hörte
739 2076 3081 2266 ihm zu. Später schon auf der Währingerstrasse lehn
736 2248 3086 2412 te sich Friedinger an einen Laternenpfahl und steu
730 2435 3048 2608 erte seine regelmässige Programmnummer bei, indem
730 2575 2967 2774 er zu sohluchzen begann. Er wurde aber heute gar
721 2748 2897 2894 nicht beachtet und gewann sehr bald seine Ruhe
733 2905 1072 3054 wieder.
1136 2949 2888 3203 Wie man bet Saxbergers Haus angelangt
730 3174 2891 3384 war warteten wieder alle, bis der Hausmeister
727 3367 2900 3548 öffnen gekommen war. Saxberger ging die Treppe
733 3475 3040 3685 ziemlich rasch hinauf und wie er in seinem Zimmer
