3320 4072
2824 517 2924 697 4
1040 641 2924 891 M a n liest sie vielleicht nicht mehr
660 903 3036 1084 entgegnete der junge Mann. Wir aber lesen sie, wir
657 1037 3036 1208 bewundern sie, und ich denke mit der Zeit wird auch
648 1211 2952 1389 man sie wieder lesen und beundern. “Während Herr
635 1351 2958 1538 Meter so sprach rötete sich seine Wange ein wenig
660 1513 2999 1700 und der Ton seiner Stimme klang lebhafter als früh
654 1647 853 1818 her.
1077 1797 2983 1962 “Sie setzen mich in Erstaunen Herr.. Mei
928 1794 1021 1965 G.F.P.
676 1931 3033 2145 er", agte Saxberger, " und toh fange an sehr neu -
660 2099 2961 2273 gierig zu werden, wer Sie sind, ich meine die, in
657 2295 3086 2410 deren Namen Sie sprechen. Ich habe nicht geahnt dass
654 2401 2986 2591 heute noch irgend wer meine " Wanderungen " hennt.
638 2575 3101 2762 Der alte Herr sah vor sich htn. - "Ja ich selbst ha
651 2709 3154 2868 be nicht mehr an ste gedacht, jahrelang habe ich nicht
648 2908 3076 3051 mehr an sie gedacht. Ueberhaupt stehe ich schon seit
651 3023 2743 3195 Jahren allen diesen Dingen so fern, so fenn
741 3213 3070 3403 Herr Wolfgang Meter lächelte fein. "Es ist
641 3350 2899 3543 mir, ich darf wohl sagen uns, nicht unbekannt ge-
648 3512 2902 3718 blieben, verehrter Herr, dass Sie lange Zeit hin
