3368 4104
2974 486 3093 656 49
1256 611 2762 859 "Ja, ja, ja" riefen die andern.
1187 796 3042 1002 Sa###berger lächelte angenehm berührt und
826 1005 3009 1133 erwiderte. "Sehr schmetchelhaft, aber ich kann
826 1154 3051 1315 nicht vorlesen. Wirklich nicht. Ich hab da drin
838 1282 3066 1464 gar keine Uebungund schliesslich, wie komme ich
847 1441 2487 1625 dazu. Sie sind lauter junge Leute."
1279 1593 3054 1790 "Sie sind auch jung", sagte Meter sehr
829 1763 3230 1968 ruhig, als wäre das etwas vollkommen selbstverständ
832 1912 1172 2097 liches.
1277 2034 3233 2213 "Sie sind jüngerals wir", rief Staufner
847 2204 3039 2377 aus. "Nicht auf die Jahre kommt es an, sondern
847 2395 3075 2526 aufs Herz. Wenn man die Wanderungen geschrieben
838 2514 2094 2699 hat, ist man ein Jüngling.
1277 2654 3200 2848 "Damals war ichs auch", entgegnete Saxber
844 2824 2980 2997 ger, "das sind aber schon einige Jahre her. "
1277 2968 3096 3147 "Das ist gleichgiltig", sagte Staufner.
874 3150 3155 3281 "Für die heutige Generation sind die Wanderungen,
853 3269 3036 3466 das Werk eines Jünglings, — denn man hennt ste
850 3436 1139 3624 nicht.
1247 3579 3033 3746 „Und wenn Herr Saxberger“, sagte Meter
