3320 4024
2658 425 2852 584 193
740 596 2921 827 ntscher... “Nun ja. guten Abend”, sagte Deiltny.
665 764 2910 995 Eilachte kurz auf, nahm seinen Hut und entfernte
755 986 1007 1195 sich.
1171 1070 2968 1290 Schauspielereitelkeit", flüsterte Frie
772 1247 3101 1432 dinger dem Christian zu ohne zu bemerken, dass die
781 1359 3014 1591 ser neben Fräulein Gasteiner sass, deren Hand er
787 1550 2502 1727 hielt um sie am Fortgehen zu hindern.
1189 1678 3147 1877 Sie sagte endlich blass vor Wut: "Köstlich
798 1831 2994 2042 finde ich eins, dass Herr Linsmann nach der von
784 1984 3107 2213 Herrn Blink verfassten Programmrede ein hoffnungs¬
807 2149 1897 2346 væller Dichter tst...“
1232 2271 2936 2476 "Wer sagt Ihnen", erwiderte Linsmann,
816 2441 3014 2661 “dass der Mann meine andern Werke nicht gelesen
813 2655 1050 2895 nat?
1212 2699 3179 2916 „Er hat sie gelesen“, sagte Meter bestimmt
1270 2898 1776 3095 »Wieso....“
1261 3043 3072 3234 "Die Notiz", sagte Meter, "verdankt Ihr
845 3208 1085 3416 mir.
1255 3289 2898 3613 Wie... was... red keinen Unsinn....
