3384 4120
2872 528 3009 689 54
1106 668 2998 872 Wie sich fast alle vor der Kaffeehaus tür
731 863 2968 1043 zerstreut hatten, stand plötzlich Saxberger mit
731 971 3012 1157 Linsmann zusammen, der während des ganzen Abends
749 1154 3105 1325 kaum ein Wort gesprochen hatte. Und wieder gewahr
755 1292 3072 1466 te Saxberger in Linäsmanns Gesicht jejen Ausdruck
761 1487 3027 1649 des Betleids, mit welchem er ihn schon beim Ein
767 1607 3171 1807 tritt begrüsst hatte. "Ja", sagte er und schüttelte
1274 1784 3045 1948 "Sie sind auch von den Leuten zugrunde
767 1831 1244 1966 den Kopf,
776 1945 1685 2110 gerichtet worden. "
1187 2068 3072 2242 Saxberger wehrte ab. Zugrunde gerich
782 2275 1466 2458 tet.... oh - "
1205 2335 3132 2533 "Freilich - " sexxte Linsmann fort, "ih
773 2521 3183 2749 nen ists gegangen wie mir. Wissen Sie - zerknetscht
773 2692 2455 2857 habens mich, einfach zerknetscht. "
1220 2875 1793 3015 "So?...... "
1217 2980 2974 3153 "Na und wenn einer einmal zerknetscht
806 3120 3213 3348 ist, was soll er machen? Glauben Sie ich bring noch
794 3348 1532 3513 was zusammen? "
1253 3495 1676 3645 "Oh...."
