3352 4136
2534 582 2707 689 167
565 737 1818 939 ners tief empfunden hervor.
1022 865 2823 1079 Dem Vortrag folgte starker Applaus, und
576 992 2838 1236 die Stimmung im Saal war gut. Linsmann musste so
579 1177 2671 1399 gar noch einmal vortreten und sich verbeugen.
582 1295 2912 1492 Blink selbst var über die Wirkung der Rede betnahe
582 1492 2817 1649 unangenehm erstaunt. Er ärgerte sich jetzt, dass
588 1604 2775 1815 er sie nicht selbst gehalten hatte - sie war ja
594 1762 2849 1940 fast ganz von ihm. Halb trontsch drückte er Lins
591 1916 2725 2110 mann die Hand. Dieser dankte mit Ueberzeugung.
1007 2062 2793 2214 Saxberger hatte sich eigentlich gelang
597 2246 2802 2419 weilt. Im Laufe der letzten Woche hatte er alle
600 2392 2891 2537 diese Phrasen bis zum Ueberdruss gehört, und dass
597 2514 2588 2692 Pathos Linsmanns imponierte ihm nicht mehr.
591 2698 2867 2858 Fräulein Gasteiner stand, während er an der Türe
597 2826 2992 3031 lehnte, hinter ihm und manchmal spürte er den Hauch
603 3034 1970 3138 thres Atems in seinen Haaren.
972 3123 2870 3358 Nach etner xxxx kurzen Pause trat Stauf
612 3301 2805 3512 ner hinaus. Er schaute, bevor er anfing, im Pu
609 3459 2662 3678 blikum umher und trug dann eine Ballade vor.
