3368 4152
2883 560 3059 779 157.
1269 724 3106 935 Saxberger wurde mit einem "hoch" empfan
858 891 3191 1081 gen, das etwas gedämpftklang. Meter entfernte sich
858 1049 3018 1234 gleich wieder. Friedinger und Blink sassen an
856 1207 2965 1415 dem Komitetisch, der in der Mitte des Zimmers
853 1351 3035 1550 stand und tranken Bier. Linsmann ging, das Ma -
847 1538 2986 1702 nuskript seiner Rede in der Hand, auf und ab
850 1679 3000 1846 wobet er immer an den Kleiderständer anstiess,
1119 1779 1351 1881 den
858 1793 3144 1995 auf welchem die Röcke und Hüte hingen. Blink hatte
856 1981 3167 2162 beim Eintritt Saxbergers mit Staufner konverstert,
856 2127 2968 2315 der auf dem Tisch sass und die Beine herunter
858 2239 3115 2452 baumeln liess. Christian und der Schaspteler Bol
850 2447 3161 2628 ling waren in einer Ecke gestanden, wo sie in ein
847 2549 3197 2775 lebhaftes Gespräch vertieft waren, dass sie gleich
847 2737 3012 2921 nach dem hoch wieder aufnahmen. Saxberger ging
847 2904 3144 3079 auf sie mit den Worten zu: Na Kinder was habt Ihr
850 3056 1163 3167 denn?"
1283 3153 3068 3390 "Dieser Mensch", erwiderte Belling auf
850 3364 3006 3534 Christian weisend, "ist ganz einfagh ein Narr.
1289 3487 3000 3674 "Du willst nicht — das ist das Ganze"
