3336 4104
2749 453 2887 704 96
1157 632 2974 872 Das war Herrn Saxberger durchaus nicht
767 824 3000 1028 recht. Er sah, dass er mit solchen allgemein ge
755 1016 3129 1223 haltenen Bemerkungen keine Wirkung erzielen konnte
770 1142 3117 1349 und fast erbittert sagte er, indem er die Hand auf
776 1289 2833 1454 die Schulter des Delthatessenhändlers legte:
1202 1454 2929 1637 "Ein ganzes Gedichtenbuch hab ich ge
782 1583 3189 1775 schrieben, wie ich ein junger Mensch war, verstehnst
1193 1739 3042 1924 Grossinger schaute den alten Herrn eine
779 1903 3159 2116 Weile etwas verdutzt an, dann wandte er sich läch -
782 2044 3114 2290 elnd an den Jubtlar, der neben ihm sass und sagte:
1160 2191 2959 2419 "Hörns, was der Saxberger erzählt? Ein
794 2383 2848 2575 ganzes Gedichtenbuch hat er geschrieben. —
776 2527 2950 2737 Der Jubilar lächelte vergnügt und schaute sich
788 2674 3144 2944 nicht einmal um. "Gott wir### ihm verzethen", sagte
794 2881 932 3060 er.
1148 2977 3042 3180 Saxberger spürte, dass er nicht mehr zu
794 3138 3006 3354 rückkonnte und sagte: "Sie verstehen mich nicht
794 3258 3006 3459 recht! Ein Buch habe ich geschrieben — gedruckt
797 3459 1945 3684 ist es, verstehns mich)“
