3384 4120
2812 457 2954 617 75
674 650 3036 883 was ich Ihnen sagen soll, meine Herren... Sie er-
671 771 2951 1079 weisen mir zu viel Ehre! (ehol) ich möchte mich
680 925 3045 1225 Ihnen gern dankbar erzetgen — aber sehen Steheute
692 1076 3045 1327 bin ich ein alter Mann. (oho) Das Wentge was ich
692 1228 2860 1521 geleistet (hier wurden die cho Rufe noch stür
683 1400 2609 1666 mischer und Sanberger brach den Satz ab
689 1536 2969 1817 Meine jungen Freunde, setzte er fort, "Für einen
702 1687 3108 1944 alten Mann (oho ) ist nichts erfreulicher, als der
695 1863 3048 2129 Betfall der Jugend. Dass es mir in so späten Jahh¬
705 1962 3139 2277 ren noch vergönnt war dieses zu erreichen wird stets
705 2216 3051 2389 mein grösster Stolz bleiben. Und auf diese Jugend,
717 2389 3039 2573 von der so ausgezeichnete Vertreter um mich herum
708 2482 3117 2721 sitzen, auf diese Jugend (nun fielen ihm zu sotner
720 2700 3114 2885 grössten Erleichterung alle Phrasen ein, die er die
714 2848 3000 3012 letzte Zeit hindurch so oft zu hören Gelegenheit
720 2987 3127 3199 gehabt hatte ) auf diese Jugend, welche die tdealen
726 3133 3139 3326 Güter der Nation bewahrt, welche das Banner der wah
729 3311 3042 3520 ren Kunst allzeit hochhält, auf diese Jugend. auf
726 3462 2649 3689 Sie, meine Herren, erheb ich mein Glas!
