3352 4104
2855 598 2963 732 56
1599 1349 3028 1524 Saxberger wurde ein fleissiger
727 1560 2948 1679 Besucher des Kaffeehauses. Jeden Abend zwischen
738 1673 3082 1816 sechs und sieben Uhr fand er sich dort ein, setzte
738 1804 2951 1983 sich an den Tisch zu seinen jungen Freunden und
747 1944 3094 2144 wenn er sich auch selbst nicht sehr lebhaft an dem
741 2144 2921 2308 Gespräche beteiligte, so hörte er dogh mit Auf
735 2299 3067 2436 merksamkeit, ja mit Behagen zu. Er fühlte sich ge
753 2477 3016 2599 radezu jünger werden. Eine neue Epoche seines Le
747 2590 3046 2748 bens schien begonnen zu haben und zuweilen dachte
750 2760 3094 2891 er mit einem gewissen Befremden an die leeren letzt
753 2900 3150 3082 ten Jahre zurück, dte ihm mit einemmal ganz fern zu
738 3073 3100 3237 liegen schienen. Er fühlte sich nach wenigen Tagen
753 3222 3141 3368 schon unter den jungen Leuten so zu Hause, als wenn
753 3335 3103 3546 er Monate mit ihnen verkehrt hätte. Ja, sie hatten
753 3564 3135 3731 recht - er gehörte zu thnen; er verstand alles, was
