3288 4072
2810 462 2902 697 3
648 685 3036 871 ich darf sagen, unserer sehnlichsten Wünsche - denn
645 850 2975 1058 Ich rede hier nicht nur in meinem eigenen Namen. “
1061 1012 3054 1217 Bet diesen Worten lächelte Herr Meter ver
660 1162 2984 1361 bindlich. Saxberger betrachtete ihn. Er war blass
642 1318 2981 1507 hatte schlichtes, blonds Haar und war sehr anstän
660 1471 2957 1651 dig gekleidet. Wähend er sprach spielte er mit ei
660 1666 2969 1801 nem Zutcker, der an einer schwarzen Schnur um sei
663 1792 3079 1975 nen Hals hing. "Ich bin sehr neugierig", sagte Herr
654 1975 2993 2168 Saxberger, "wieso dieser sehnliche Wunsch... seit
654 2082 3116 2259 wann dieser sehnliche Wunsch.... " er unterbrach sto
2415 2241 2525 2415 P.S.
673 2241 1789 2458 in einiger Verlegenheit.
654 2400 1021 2535 dans le monde
1101 2379 3085 2577 “Seit geraumer Zeit“, fuhr Meter fort, "und
651 2525 3058 2730 wenn ich diesen Ausdruch präzisteren darf so möchte
673 2709 2923 2883 Ich sagen: seit Jenem Tage, da es mir — oder uns
657 2871 3002 3051 hier lächelte er wieder verbindlich — vergönnt war
657 3033 2379 3220 Ihre "Wanderungen" kennen zu lernen.
1049 3168 2957 3348 „Wier“ rief Herr Saxberger erstaunt aus,
688 3327 3058 3525 „Sie haben meine „ Wanderungen “ gelesen! Man liest
660 3513 2926 3690 noch meine Wanderungen? “Er schüttelte den Kopf
