3352 4120
2641 521 2774 697 36
750 715 2903 865 den Christian? Niemand. I Wer kennt den Meter?
729 865 3006 1047 Niemand! Wer kennt den Blink? Niemand! Wor konnt
738 1012 3100 1203 mich? Niemand! - " Eigentlich hatte der kleine Win
762 1197 3059 1347 der jetzt erwartet, dass er genannt werden musste
753 1359 3053 1506 und war sehr unruhig geworden. Er hatte sich fast
750 1479 3091 1662 gefürchtet. Nun da er aber ganz vergessen wurden
750 1677 1785 1847 war er doch verstimmt.
1191 1774 2921 1962 "Wie kann man Dich denn kenne?? sagte
744 1962 3059 2094 Meter, "Du hast ja noch nie was veröffentlicht. "
1179 2053 3159 2271 „Was nützt das Veröffentlichen? Jetzt sind
744 2265 2965 2432 Deine Gedichte heraus — wer schert sich darum?"
1188 2412 3194 2603 «von mir soll nächstens die Zenobia erschei
753 2594 1797 2738 nen", sagte Christian.
1188 2688 3068 2903 „Wird sie wer lesen? nein  schrie Stauf
768 2868 2974 3018 ner. "Aber ich bin nicht umsonst den ganzen Tag
771 3015 3068 3221 heut herumgelaufen. Also ich hab alles ausgearbet
771 3197 3082 3321 tet. Das ganze Programm. Denn war kümmert sich um
774 3329 3085 3494 einen.? Wer weiss was von unserm Verein "Begeiste
765 3447 3115 3674 rung“! Also wir müssen was veranstalten. Vortrags
