3304 4056
2737 589 2828 721 2
1025 624 2837 909 Saxberger erwiderte die Verbeugung und
630 868 2934 1100 sagte: "Ich höre dass Sie bereits ethige Zeit auf
621 1038 2289 1267 mich warten — womit kann ich dienen!
1019 1185 2865 1367 Der junge Mann blieb stehen und entgeg
633 1342 3154 1530 nete: "Erlauben Sie, hochverehrter Herr, dass ich mich
636 1502 3132 1712 Ihnen vorstelle, mein Name ist Wolfgang Meter, Schrift
646 1677 1028 1868 steller.
715 1825 981 1988 G.C.H.F.P.
1044 1749 2937 2000 "Freit mich sehr, freut mich sohr, bitte
646 1950 1740 2176 doch Platz zu nehmen. "
1056 2072 2919 2339 “Herr Saxberger“, begann der junge Mann,
630 2282 3028 2442 nachdem er sich wieder gesetzt hatte, "Ich muss vor
605 2417 2884 2640 allem um Entschuldigung für die Unbescheidenheit
636 2599 2837 2749 bitten, mit welcher ich ungeladen und ungehannt
624 2737 3010 2934 Ihr Hetm zu betreten wagte. Aber ich habe vergebene
636 2903 2937 3104 nach einem andern Wege gesucht Ihre werte Bekannt
640 3041 1536 3235 schaft zu machen. "
1006 3166 1997 3395 "Sehr schmeichelhaft.
1066 3323 2959 3527 „Und diese Behanntschaft zu machen, Herr
640 3508 2966 3784 Saxberger, ist seit geraumer Zeit einer meiner.
