3320 4072
2794 522 2926 668 17
719 638 3051 917 Fröhlichkeit und die Stege der Jungen an? Wie viel
725 806 2992 1085 Jahre hatte ersich nicht mehr dafür interessiert,
734 956 3066 1148 kaum mehr was davon vernommen. Er stand allem auf
749 1124 2947 1316 der Welt. War nie verheiratet gewesen, hatte nie
734 1277 3057 1454 Kinder gehabt — allen Zusammenhang mit der Jugend
734 1424 3105 1619 war ihm verloren gegangen während er langsam alter
749 1577 3066 1757 te. Sein ganzer Verkehr waren Freunde— die mit ihm
740 1816 1271 1951 alt wurden.
1157 1846 2989 2053 Und wie er nun weiter blätterte und wie
749 2023 3108 2263 der Verse kamen, die von wunderschönen blauen Augen
758 2194 3024 2362 erzählten und zärtlichen Abendstunden, schlich so
758 2323 2941 2530 gar ein gewisses Gefühl der Bitterkeit über ihn
749 2482 3057 2686 Er liess das Buch sinken und starrte vor stch hin
1163 2647 2917 2827 Er stellte sich vor, was er mit Herrn
755 2827 3123 3066 Wolfgang Meter bei seinem nächsten Besuche sprechen
767 2959 3030 3216 sollte. Er konnte ihm doch hetneswegs sagen, dass
770 3123 3072 3369 er die Gedichte nicht — ja was nur nicht... nicht
764 3258 2344 3531 verstanden habe? Nicht verstanden!
1178 3411 3051 3624 Saxberger erschrak beinahe. Er, der Dich
782 3633 3192 3804 ter der Wanderungen verstand die Gedichte des Herren
