3352 4120
2794 548 2934 751 61
1138 596 3073 932 „Der Dichter der Wanderungen“, widerholte
699 899 3070 1111 Meter so heftig, dass Fräulein sich zu ihm wandte
724 1044 3034 1223 und ihn fragend betrachtete. Die Antwort, die sie
733 1214 3018 1378 in den Augen Meters las war so verständlich, dass
727 1332 3133 1541 sich das Fräulein plötzlich an den Kopf griff, dann
714 1514 3100 1677 die Hände zusammenschlug und ausrief indem sie Sax
718 1647 3155 1859 berger neuerdings mit noch grössern Augen als früher
733 1795 3034 1968 anstarrte: "Der Wanderungen?! Sie also haben die
721 1941 3112 2146 Wanderungen geschrieben?“ Und dann sich zu den übrig
736 2119 2985 2355 gen wendend. "Ja - so und nicht anders musste er
733 2280 1278 2428 ausschauen.
1166 2428 3046 2595 "Herr Saxberger", sagte Christian, indem
736 2570 3052 2773 er der Schauspielerin die auffallend lange Bea ab
733 2731 2922 2928 nahm und an einen Wandhacken hängte, "Herr Saa
733 2888 2903 3061 berger wird sich an unserm Abend betetligen. „
1172 3046 3085 3221 "Das ist herrlich", r tief Fräulein Gastet
736 3194 2940 3367 ner aus" und sie reichte Saxberger nochmals die
721 3315 3100 3542 Hand. Plötzlich fiel sie aus dem pathetischen Ten
742 3473 2985 3745 wieder in den burschtkosen von früher und sagte:
