3368 4136
2973 570 3150 773 176
868 727 3161 964 ob nach seinen Gedichten der Reifall beträchtlich
877 906 3202 1149 grösser gewesen war, als nach den andern Vorträgen
866 1045 3054 1277 Und es war doch unwahrscheinlich, dass man nun,
880 1201 3072 1456 wenn Christian sich verbeugt, hinter ihm "armer
871 1372 3196 1584 Teufel“ gesagt hätte. Man hütte vielleicht ges agt:
895 1523 3008 1731 "talentloser Kerl" oder "langweiliger Patran"
895 1662 2886 1885 aber.... "armer Reufel".... nein, des nicht.
1335 1844 3225 2018 Er stand auf und beglückwünschte Christi
895 2050 3150 2200 an, der eben mit Fräulein Gasteiner an den Tisch
903 2206 3147 2371 trat. Sie sagte dem jungen Manne leise: "Hast es
903 2336 3187 2507 nicht um mich verdient!" Christian küsste sie auf
915 2498 3225 2646 den Arm. Saxberger stellte sich wieder während der
915 2637 3234 2814 nächsten Nummer zur Tür und betrachtete die Leute,
915 2808 3121 2970 mit dem unbestimmten Wunsche doch denjenigen zu
926 2953 3031 3118 finden, von dessen Lippen jene Worte gekommen
926 3147 2380 3266 sein mochten. Es war unmöglich.
1216 3208 3179 3402 An einem der vorden-Tische erkannte Sax
932 3410 3046 3590 berger eintge Letzte, die er im Kaffeehaus der
