3336 4120
2797 452 2914 686 66
644 668 2884 842 musste er rasch und entschieden antworten — die
650 854 2881 991 ser Blick drängte und befahl. “Ich bin noch gar
650 991 2830 1201 nicht fertig", atwortete er. "Ich weiss nicht,
665 1162 1521 1348 ich überhaupt —
1084 1297 2974 1492 "Wenn ich von Ihnen, verehrter Meister»,
659 1459 2986 1620 nichts zum Vortrag behomme — so sag ich ab. — Ich
677 1617 1554 1797 sage ein fagh ab. "
1051 1728 3085 1911 Alle begannen nun auf Saxberger mit Bitten
677 1911 3067 2123 einzustürmen. In seinem Zeichen wollten sie stegen.
674 2052 2980 2228 Und ermusste endlich versprechen, feierlich ver -
677 2219 3082 2393 sprechen, dass er in spätestens acht Tagen die neue
671 2381 2926 2534 Dichtung — sie brauchte ja nicht von grossem Um
686 2516 2734 2749 fange zu sein — dem Kreise vorlegen werde.
1096 2615 3034 2848 "Ah, nun wollen wirs dem Gesindel zeigen"
674 2809 2893 3004 rief Staufer aus. Da werden einige Herren Augen
662 2998 1117 3190 machen. "
1093 3112 3049 3303 “Ja Kinder, zeigtes ihnen nur!" sagte die
674 3292 1150 3480 Gastetner.
1093 3420 3016 3588 „Auf dte Dauer wird das mit dem Tetschwei
