3352 4136
3023 509 3158 707 68
796 592 2983 894 Er musste daran denken wie lang das wohl schon
805 831 3075 1023 her wäre, dass eine Frau an seiner Seite gegangen
810 1017 3118 1187 war. "Ich bin so glücklich" sagte Fräulein Gastet
813 1121 3063 1339 ner letse, während sie das eine Ende der Bea vor
825 1302 3138 1494 den Mund hielt, "dass ich Ihr Werk vortragen darf
808 1471 2994 1644 Dann fragte sie ihn, ob er in der letzten Zeit
2032 1592 2239 1707 weede
825 1641 3098 1839 viel geschrieben,- was ihn veranlasste von seinem
810 1802 3038 1954 Beruf, von seinem Amt zu sprechen. Fräulein Gas
831 1928 1928 2135 teiner war erschüttert.
1256 2058 3029 2253 "Ein Mann wie Sie - Beamter! "Und sie
831 2227 2934 2428 rief Christian herbet, der hinter ihnen ging.
1262 2408 3084 2538 "Hörst Duf dieser Mann, der Dichter der
816 2561 2994 2744 Wanderungen, ist Beamter, und Du könntest eine
822 2681 2770 2859 Stellung haben und nimmst sie nicht an. "
1247 2836 3086 2986 Christian lachte höhnisch und blieb so
845 2986 3015 3173 fort wieder hinter den beiden zurück. "Aber wo
851 3104 3095 3311 ist denn das Kind, rief Fräulein Gastetner plötz
831 3290 3135 3471 lich aus, indem sie sich umsah. Der kleine Winder
831 3469 3130 3632 hörte auf diesen Ruf und kam von rückwärts herbet
854 3589 3066 3776 gelaufen. Sie jahm ihn bei der Hand und während
