3352 4120
2759 545 2942 740 163
737 752 3046 888 serdem ist strenger Auftrag gegeben, dass während
740 888 2436 1063 der Produktion nicht serviert wird.
1166 1080 2901 1243 "Nun", wandte sich Fräulein Gasteiner
737 1205 2753 1391 jetzt an Saxberger, "schon sehr aufgeregt?"
1154 1379 2628 1536 Er ärgerte sich über die Frage.
1175 1483 2907 1681 "Keine Angst", meinte Blink, indem er
758 1655 2868 1826 den alten Herrn ermutigend am Arm nahm, "viel
758 1841 1770 1977 kann nicht geschehen!
1122 1965 3007 2122 Er würde wahrhaftig wie ein Debitant be
752 2105 3087 2273 handelt., wie einer, dem man Mut zusprechen muss,
767 2241 3144 2418 der Nachsicht nötig hat.... er erwiderte gar nichts
764 2418 2930 2587 Fräulein Gasteiner legte das Buch vor sich hin
767 2584 2880 2726 auf den Tisch und schien die Gedichte zu über
764 2732 3025 2889 lesen. Zuweilen schaute sie mit einem Lächeln zu
761 2877 2895 3052 Saxberger auf. Linsmann begann plötzlich laut
767 3058 1353 3220 zu sprechen:
1160 3146 2924 3348 “Hochverehrte Damen und Herren.......
761 3297 2951 3511 Sett Jahren tobt der Kampfln den blühenden Flu
770 3493 3043 3641 ren deutscher Kunst. Seit Jahren.... er murmelte
