3320 4088
2855 552 2994 810 95
774 646 3012 904 Er bekam eine unsägliche Lust von sich zu reden,
796 981 2949 1072 sein Inkognito zu lüften. Er hätte aufspringen
799 1106 3003 1280 wollen und plötzlich in die Gesellschaft hinein
802 1271 2943 1430 rufen: ich bin ein Dichter. Er hätte irgendmen
796 1410 3006 1592 dahaben wollen, um ihm die ganze Geschichte sei
791 1538 3048 1749 nes Lebens mittetlen zu können...... er musste ja
799 1726 2989 1866 auch nicht geradezu sagen "ich bin ein Dichter"
802 1883 3066 1985 es gab ja gewiss trgend eine Manier das in zarter
796 2002 3040 2138 Weise anzudeuten... er stand auf und ging in die
799 2116 2938 2332 Ecke des Zimmers, wo sein Ueberzieher hing. Er
796 2269 2943 2437 nahm eine Zigarre aus demselben und blieb dann
799 2454 3003 2599 hinter Grossenger stehen. "Schön wars! Soll ich
802 2576 3083 2741 Ihnen.... zur Aufmunterung meine Werke schenkent?"
1211 2667 3202 2960 Grossinger wandte sich um. “Was fir Werker“
1251 2895 3034 3063 Saxberger brannte seine Zigarre mit ge
791 3020 2966 3202 machter Gleichgiltigkeit an. "Ich kann nämlich
796 3194 1925 3364 auch dichten", sagte er.
1177 3330 2966 3563 „Sor“ sagte Grossinger und drehte sich
805 3464 1277 3703 wieder um.
