3352 4152
2985 599 3165 710 145
915 730 3168 924 weil.... gehts Ihnen - s9 gut!" Er schtelte mit
924 864 2609 1061 einem bedeutsamen Blicke der Tür zu.
1771 1032 2053 1138 immer
1312 1064 3116 1189 "Mir gehts sehr gut", antwortete Saxber
927 1237 3222 1366 ger in etwas gereiztem Ton. "Sehr schön, dass Sie
932 1343 2603 1517 sich zu mir heraufbemüht haben.... "
1369 1460 3196 1665 "Eigentlich", unterbrach ihn Grossinger,
952 1651 3091 1808 "bin ich eine Deputation - ich hätte Ihnen von
935 1848 3082 1976 uns allen eine gute Besserung wünschen sollen.
938 1919 3128 2113 Inzwischen sehe ich, dass es Ihnen ja gar nicht
947 2096 3213 2318 besser gehen kann!! - "Saxberger netschloss
947 2312 2860 2418 sich allen weitern Spässen zuvorzukommen.
1337 2401 3105 2580 "Die Dame, die Sie ehn getroffen haben
952 2535 3074 2720 ist eine Schauspielerin", sagte er rasch. "Ja
952 2680 3179 2880 wohl", setzte er auf ein neckisches Lächeln Gros
958 2851 3230 3037 singers hinzu. "Und wenn Sie wissen wollen waru m
958 3022 3202 3185 sie bet mir war, so.... so...... na, so gehen Sie
952 3165 3111 3347 morgen über anelt Tag zum Vortragsabend des Ver¬
961 3336 3042 3556 eines "Begeisterung" wo diese Schauspielerin
961 3464 3173 3692 einiges aus meinen - " erzögerte und sagte dann
