3336 4104
766 640 2975 920 mit einemmal die laut geführte Unterhaltung der
778 880 2999 1061 adern und alle lauschten. Saxberger erfuhr nuh
793 1022 3125 1211 dass Linsmann es im Pfeifen zu einer erstaunlichen
790 1163 3035 1373 Virtuosität gebracht hatte, aber sich leider nur
787 1337 2756 1527 selten zu Proben dieser Kunst herbeiltess.
781 1463 3200 1671 Er pfliff einige Offenbach schs Melodten, und schloss
793 1602 3005 1872 ganz unvermutet mitten in einer Ariette mit dem
781 1833 1839 1947 Ausrufe "elende Brut!"
1187 1941 3086 2158 Auf einen fragenden Blick, den Saxberger
799 2094 3137 2332 dem neben ihm gehenden Meter zuwarf, erhielt er
796 2275 2581 2467 die Antwort.: "er meint die Franzosen.
1217 2434 3086 2617 „Herr Linsmann“, rief Fräulein Gasteiner
829 2524 2131 2768 „Ste pfeifen wie ein Gott j“
1190 2726 2999 2915 Dem alten Herrn war es leicht und froh
796 2834 3032 3059 zumute. Und er dachte: warum all das erst jetzt
790 2987 3071 3227 So spät! Wenn ihm das vor dretsatz - vor zwanzig
793 3173 3044 3345 ach, wenn es ihm vor fünf Jahren nur begegnet wä-
793 3299 3119 3543 re! Aber dann kam ihm wieder die Empfindung seiner
799 3492 3041 3678 Frisdhe und seiner Jugendlichkeit so stark, dass
