3352 4104
2813 637 2937 755 40
1191 782 2998 994 Und nun begann er eine Reihe von Namen
785 840 897 967 G.C.P.
770 946 2752 1119 herzuzählen und das Programm zu entwerfen.
1240 1085 3174 1297 Saxberger hörte mit Interesse zu. Es war
791 1222 3189 1425 um ihn eine Atmosphäre von Hoffnung, Jugend, Selbst
776 1422 2995 1610 bewusstsein, in der er tief aufatmete. Und all
785 1573 3092 1746 mählich, während die Unterhaltung bewegter wurde,
803 1685 3116 1895 begannen ihm manche Worte bekannt zu klingen, die
806 1864 3113 2031 er vor vielen Jahren gehört, utelleicht selbst ge
809 2049 3013 2249 sprochen, an die er sich wohl auch im Laufe der
800 2170 3080 2383 Zeit ein oder das andre mal wie an etwas dunkles
815 2331 3253 2504 oder Verträumtes erinnert hatte und die nun wischen
818 2495 3177 2664 diesen jungen Leuten hin und her gingen, als wären
824 2655 3183 2825 ste selbst wieder jung und lebendig geworden. Und
828 2792 3225 2958 es war ihm, als gehörte er zu diesen Menschen. Als
824 2934 3216 3152 gälte Manches, was sie sagten, auch von ihm und als
831 3122 3228 3298 ständen auch ihm noch Kämpfe bevor, wie ihnen. Und
828 3246 3183 3434 als man sich nach längerem Hin - und Widerreden er
821 3395 3156 3641 hob, ihm zum Abschied die Hand drückte und ihr bat
