3336 4104
2745 558 2893 748 39
632 775 1083 959 berger. "
1065 908 2890 1107 "Ja sehen Sie", erwiderte der alte Her,
644 1039 2973 1232 "ich glaube nicht, dass Sie sich da an den Rechten
635 1211 2852 1413 wenden. Ich kenne so wenig von den Sachen — b ja
644 1392 2914 1570 wirklich - ich bin ein ganz ungebildeter Mensch“.
632 1534 2000 1706 Er lächelte zu seinen Worten.
1095 1686 2890 1890 "Ich werde mir erlauben, Ihnen die Zeno
647 1769 2235 2045 via zu schicken", sagte Christian.
1113 1979 2861 2214 „Was geht uns Deine Zenobia an“, rief
644 2169 1261 2300 Staufner aus.
1062 2258 2959 2413 "Dir hab ich sie auch nicht versprae hen",
650 2424 3030 2650 entgegnete Christian heftig. Meter begütigte: "Aber
638 2579 1107 2745 Kinder! "
1086 2656 3045 2908 "Wir kommen später schon zu Deinen Dramen"
656 2855 2837 3086 sagte Staufner etwas milder, "aber viel später.
635 3054 3006 3232 Also daran hab ich ja auch schon gedacht. Aber auf
662 3243 2962 3392 unserm Vortragsabend können wir doch keine Dramen
659 3356 2962 3582 brauchen. Es handelt sich da um Lyrisches und No
650 3534 1843 3706 velistisches. Also.... "
