3384 4152
2884 533 3077 723 153
864 689 3112 908 aber da war, setzte sie sich fast immer an seine
853 873 3106 1043 Seite und pflegte ihn mit einem Blick anzusehen,
859 1055 3158 1193 in dem etwas Treues und Herzliches liegen sollte.
853 1193 3166 1369 Zuweilen redete sie ihn mit "Meister" an und einb
861 1340 3166 1492 mal wie sie allein neben einander auf der Strasse
870 1464 3149 1662 gingen, sagte sie ihm: "Mein lieber, lieber Meis¬
870 1665 1176 1838 ter!"-
2674 1726 2838 1856 da
1276 1755 2996 1959 Am Tag vor dem Vortragsabend, ### man
867 1945 3132 2144 lang zusammen blieb, sprach sie das erstemal von
882 2083 3172 2270 threm Besuch bei ihm. "Was macht denn mein liebes
873 2242 3149 2432 Dichterstübchen!“ fragte sie. "Ists noch so trau
879 2403 3103 2564 lich wie einst?“ Saxberger fand das einst nicht
1556 2536 1711 2639 da
882 2584 3143 2731 am Platze, nachdem es sich um einen Zettraum von
885 2729 3051 2881 wenigen Tagen handelte, war aber sonst von der
2466 2818 3135 2933 die Schäuspielern
890 2844 3051 3063 Frage angenehm berührt. Er behandelte sie re -
899 3069 3020 3204 spektvoll, aber sehr zurückhaltend. Im ganzen
896 3181 3195 3354 schwankte er in seinen Empfindungen für sie. Zuwet
2922 3285 3097 3380 aber
893 3354 3118 3495 len war sie ihm ganz sympathisch. Plötzlich kon¬
908 3455 3051 3648 te er einen heftogen Widerwillen gegen sie be
