3352 4152
2900 526 3075 716 139
791 649 1751 922 "Sind Sie zufrieden!"
1129 838 2917 1027 Er wusste nicht recht was zu erwidern.
780 1018 3031 1187 trat auf sie zu und reichte ihr beide Hände. Sie
780 1155 3034 1323 nahm sie heftig, blickte ihm zuerst in die Augen
777 1350 3112 1489 dann beugte sie ihr Gesicht herab und küsste seine
771 1507 2906 1667 rechte. Er wollte sie zurückziehen — aber ste
771 1609 3057 1780 hielt sie so fest, dass er sie ihr lassen musste.
768 1771 3083 1937 Sie beugte sich so tief herab, dass er mit seinen
765 1902 3022 2123 Händen auch unwillkürlich ihre Augenlider fühlen
771 2065 3022 2254 musste. Endlich löste sie Ihre Lippen von seiner
765 2248 3077 2388 Hand und schaute ihm ernst ins Auge. Auf dem Hand
777 2388 3072 2554 rücken, den sie geküsst, hatte er die unangenehme
771 2531 2996 2676 Empfindung einer feuchten, kühlen Stelle. Wenn
777 2691 2979 2883 ste es doch lieber nicht getan hätte, dachte er
780 2851 3080 3031 und wusste kaum warum. Er sprach gar nichts, wenn
774 3034 3072 3162 ste ihm nicht die Hand geküsst hätte, so hättte er
780 3156 3022 3348 ihr sicher gedankt - er wusste, das. Nun aber war
771 3301 1803 3508 es ihm ganz unmöglich.
1178 3479 3016 3659 Plötzlich sagte sie sehr hell und unbe
