3384 4168
2876 552 3059 743 113
808 690 3100 920 en beide vor sich hin,,es lag in ihrem Gang etwas
802 861 2965 1100 unsäglich trauriges. Und Saxberger musste sich
805 1062 3098 1257 nach ihnen umsenden, wie sie schon vorüber waren,
805 1239 3162 1416 und da sah er, wie sie schwetgend weiter schritten
817 1330 2891 1522 immer mit diesem schriebenden, traurigen Gahg
817 1481 2997 1714 bis sie endlich auch im Dämmer vershanden....
1224 1646 3162 1823 Alle menschlichen Laute, die er überhaupt
814 1785 2994 1974 hörte kamen vom andern Ufer. Ganz im Verhallen
832 1938 3086 2148 drangen sie zu ihm. Von drüben kam auch das Pfei
832 2094 3050 2283 fen der Lokomative und fernes Stöhnen der Dampf
844 2263 3047 2451 strassenbahn... jetzt hörte er neben sich einen
829 2392 2962 2605 menschlichen Ruf. Der Kutscher, der neben den
829 2599 3089 2791 Pferden einhertrottete, welche das Schiff zogen,
847 2687 3186 2918 trieb die Tiere an. xxxxx Saxberger blieb einige
832 2862 3198 3068 Minuten stehen, xxx sie vorbeizulassen, er bemerkte
844 2994 3213 3221 jetzt erst, dass er die ganze Zett neben ihnen ein
847 3180 3216 3381 hergegangen war..... Und nun, wie er stille stand
858 3336 3168 3546 kam er sich mit einemmale sehr allein vor. Es war
864 3487 3133 3723 als entfernte sich alles Lebendige von ihm. Auch
