3336 4104
2974 523 3111 724 88
849 753 3117 942 Immerhin musste bedacht werden, dass er wenig ge
840 887 3033 1134 schlafen hatte, davon war gewiss sein Kopf ein
849 1087 1285 1247 genommen.
1300 1212 3018 1404 Er nahm Hut und Stock und ging. Eine
846 1372 3114 1547 halbe Stunde wenigstens wollte er auch jeden Ver
846 1544 3015 1707 such fernerer Ueberlegung unterdrücken, um dann
858 1686 3009 1849 von Neuen und ganz frisch anzufangen. Aber das
852 1840 3033 2015 war nun ganz merkwürdig. Die Worte schirrten
858 1974 3155 2172 ihm immerfort im Ohr, Schon während er die Treppe
2814 2053 2966 2160 als
849 2131 3108 2309 hinunterging und auch auf der Strasse, und ### er
858 2282 3038 2468 sich zerstreuen wollte, indem er Namen auf den
855 2434 3166 2623 Schildern lass, oder die vorübergehenden Leüte an
881 2538 1294 2652 betrachteté
866 2570 3207 2765 schaute — — — half es auch nichts. Immer schwirrte
866 2759 3065 2899 es in seinem Hipra.:...ich hab mein Leben ge -
861 2893 3172 3065 träumt... dabei hatten die Worte gar heinen Sinn
855 3056 3108 3230 mehr. Es waren nur mehr Laute und er begriff sie
864 3198 3111 3390 gar nicht recht. Plötzlich sagte er sich selbst.
852 3352 3128 3568 Genug, genug. Ganz laut hatte er das gesagt. Und
861 3530 3126 3695 es klang so energisch, als hätte es ihm wer ande
