3368 4152
2837 633 3031 806 143
768 771 2427 997 ben. Ich kann nicht mehr schreiben.
1208 926 3028 1114 "Dass wissen Sie nicht", erwiderte sie,
786 1123 3002 1290 denn Sie wissen nicht, wie der Applaus von hun
789 1260 3002 1451 derten, begeisteren xx Zuhörern, wie das Lob
791 1422 2966 1606 der Presse - wie der Ruhm auf Sie wirken wird."
1199 1536 3095 1732 Sie sagte das ohne jede Uebertriebenheit
803 1762 2893 1882 im Ton, — mit wohltuender, ruhiger Bestimmt -
794 1861 3154 2061 heit. "Der Ruhm - " er machte eine abwehrende Hand
800 2069 2260 2213 bewegung und hielt wieder inne.
1193 2134 3172 2330 "Ja der Ruhm", wiederholte sie... Er schüt -
821 2324 2987 2518 telte den Kopf, aber er fühlte sich merkwürdig
812 2512 1240 2670 versöhnt.
1272 2591 3116 2811 In diesem Augenblicke läutete es an der
815 2849 1392 3010 Wohnungstür.
1205 2958 3043 3136 “Ste erwarten vielleicht Besuch?“ sagte
818 3128 1744 3301 Fräulein Gasteiner.
1263 3210 3054 3400 "Nicht dass ich wüsste", erwiderte Sax
824 3421 1172 3611 berger.
