3352 4152
2954 524 3142 811 133
823 739 3070 950 während Saxberger ihr einen Stuhl zum Sitzen an
823 907 2980 1101 wies, aber ich musste sie noch heute sprechen,
828 1144 1987 1269 wegen der Wanderungen. „
1251 1211 3134 1422 "Ach ja - " sagte Saxberger, der vor ihr
837 1457 1819 1552 stehen geblieben war.
1234 1529 3044 1723 Fräulein Gasteiner schlug den Schleter
823 1697 2998 1871 zurück und sah mit lebhaften Blicken im Zimmer
834 1845 3001 2027 umher. "Das echte Dichterheim", sagte sie. Sie
834 2001 3137 2169 stand auf und ging aufs Fenster zu, wohin ihr Sax
837 2178 3096 2311 berger folgte. Sie schaute eine Zett lang schmer
854 2308 3044 2517 gend hinaus. Es war ein schöner, heller Märztag
837 2439 3009 2624 und die nahen Hügel des Wisenwaldes zeichneten
849 2598 3012 2792 sich in scharfen Umrissen ab. "Herrlich", rief
843 2801 3070 2928 Fräulein Gasteiner aus, dann wandte sie sich um
840 2905 3032 3108 und reichte dem alten Herrn nochmals die Hand,
854 3070 2867 3224 als müsste sie ihn nun von neuem begrüssen.
1329 3221 3241 3389 "Mein Freund"; sagte sie mit etwas vibrie
851 3365 3183 3539 render Stimme. Sie wandte den Blick weg und wieder
851 3545 3067 3742 zum Fenster hinaus. Saxberger erinnerte sich an
