3368 4152
2838 492 3029 679 119
790 694 3058 854 Schreibtisch und dachte nach. Da waren nun Jahre
799 881 2979 1042 im Jahre hingegangen, ohne dass sich ein weibli
805 1036 2970 1144 ches Wesen um ihn gekümmert und er hatte es ei
808 1191 3026 1320 gentlich schon lange nicht einmal bedauert.....
816 1331 3011 1451 und nun ham alles auf einmal.... und er fühlte,
816 1475 3166 1624 daß er sich nach Zürtlichkeit schnte, wie er eich
813 1624 3029 1776 vielleicht als Jüngling, als Mann nicht danach
808 1800 1197 1984 gesehnt.
1226 1928 3040 2110 Und er stellte sich vor, dass Fräulei
808 2040 3105 2236 Gasteiner ins Zimmer hereinträte, ihm innbrünstig
822 2230 3114 2388 die Hände küsste, wie stes schon einmal getan und
819 2394 3108 2552 Tränen drauf weinte. Er wusste, es würde ihm sehr
813 2563 1252 2730 wohl tun.
