3368 4152
2895 527 3085 668 125
762 668 3076 979 sah sie wieder auf, als erwachte sie eben aus fer
771 976 1345 1110 nen Träumen.
1213 964 3059 1248 "Na gut", sagte Staufner - "also ist ja
782 1134 3112 1447 die Sache in Ordnung... aber was machen wir denn
779 1324 3076 1559 mit dem Programm? da steht ja gedruckt. Abendstim
782 1591 1198 1787 mungen.
1234 1606 3118 1884 "Das tut ja nichts", wandte Meter in sei
803 1787 3115 2016 ner ruhigen Weise ein, "wir wählen eben Gedichte
809 1937 3112 2183 oder Herr Saxberger wird vielleicht Gedichte udh
823 2077 3141 2297 len, dte so heissen k ö n t e n..... das ist ja
829 2227 3106 2490 nicht so schwer. Alle Iurischen Gedichte sind ja
835 2379 3118 2622 schliesslich entweder Morgenstimmungen oder Abend
841 2622 1612 2786 stimmungen.“
1275 2690 3200 2868 "Oder Nachtstimmungen", setzte Friedinger
847 2822 3202 3103 mit so starker Stimme hinzu, als wäre dieser Spass
864 3071 2042 3261 von höchster Wichtigkeit.
1283 3144 3223 3340 Fräulein Gasteiner nahm nun das Wort.....
894 3279 3246 3557 "Lassen Sie mich die Gedichte wählen", sagte sie...
1318 3434 3167 3651 "Wie es Herrn Saxberger beliebt", sagte
