3384 4136
2750 549 2893 740 33
725 725 1649 916 Dramen schreiben. "
1145 853 2956 1029 "Lieber Freund", sagte Meter, "das hab
740 1053 3090 1226 ich ja eben gesagt. Diesen hingegen" - und er wies
743 1208 3087 1360 auf Bink, der ziemlich hässlich war, einen dünnen,
743 1351 3093 1530 schwarzen Vollbart und kurzgeschorenes Haar trug -
749 1488 2994 1640 "der ist eigentlich mehr Kritiker, als Dichter."
1172 1622 3114 1804 "Ich bin nur Kritiker", warf Blink ein, d
755 1795 3009 1948 der noch immer die Zeitung in der Hand hielt und
761 1927 3096 2109 überhaupt den Eindruck machte, als würde er, sobal
761 2124 3099 2273 ihm irgend etwas in der Unterhaltung nicht passte,
761 2246 2595 2467 sich wieder in seine Lektüre vertiefen.
1187 2428 3185 2583 "Ah Sie sind ein Rezensent", warf Saxberger
761 2580 2589 2726 ein und betrachtete ihn mit Wohlwollen.
1199 2702 2988 2890 "Ja", erwiderte Blink heftig, aber ich
761 2896 3138 3027 mich nicht mit den andern Rezensenten zu ver
769 3051 1279 3203 wechseln. “
1232 3132 3141 3314 Saxberger, dem das aus mannigfachen Grün
778 3314 3182 3525 den nicht eingefallen war, wunderte sich über diese
764 3495 1256 3665 Aesserung.
1208 3645 3102 3838 „Und dieser Herr“, sagte Meter, indem er
