3368 4136
2755 482 2934 677 172
640 710 2715 871 er eigentlich gefürchtet. Er musste noch ein
640 813 3079 1047 zweitesmal hinaus - jetzt ohne das Fräulein Gasfet -
643 1004 2903 1177 ner, und es war ihm doch ein wenig sonderbar, wie
664 1162 3009 1368 er das Geräusch klatschender Hände und lautes Bra
658 1311 2861 1493 vorufen hörte......Er verbeugte sich einigérale,
667 1450 2982 1632 dann wandte er sich der Tür zu, da hörte er, wäh -
667 1611 2885 1784 rend gerade das Klatschen schwächer wurde, eine
667 1744 2976 1966 Stimme ein bischen hinter ihm, oder von der Seite
673 1896 3058 2111 her - er konnte es nicht recht unterscheiden - aber
683 2084 3067 2257 die Worte hörte er ganz deutlich, so leise sie ge -
695 2233 3064 2375 sprochen waren: Armer Teufel! - Er wollte sich um -
683 2394 3049 2554 schauen, aber er fühlte, dass das komisch aussehen
689 2539 3031 2688 würde. Der Applaus endete.... er hörte wie nun das
692 2682 3073 2849 Gemurmel des Publikums wieder anfing. Er blieb, als
704 2815 2906 3009 gäbe es für ihn keinen andern Platz, an der Türe
707 2955 2867 3161 stehen, wo er früher gestanden war. - Ihd jene
695 3125 3043 3301 Worte klangen noch fort in thm.... "armer Teufel!"
701 3301 3025 3458 was sollte das heissen? warum warum? und während
713 3413 2976 3598 ihn nun die jungen Freunde umringten und ihm die
