3352 4136
2648 699 2833 816 168
661 758 2909 945 Es war das erste, was Saxberger von ihm zu hören
664 980 2847 1132 bekam. Neben ihm sagte Friedinger zu Blink: "Der
650 1135 2809 1255 Mann hätte doch eigentlich in den letzten drei
650 1261 2689 1425 Jahren wieder mal was neues dichten können.'
1053 1428 2897 1618 Staufner wurde im Laufe der Deklamation
655 1551 2853 1715 sehr heftig; er überschrie sich so, dass er mit
647 1756 2988 1923 der Stimme einmal umschlug. Unwillkürlich sah sich
641 1890 2947 2040 Saxberger nach Fräulein Gasteiner um, die mit dem
644 2045 2973 2186 janzen Gesicht lachte. Belling hielt sich - scherz
632 2209 2879 2312 weise natürlich-die Ohren zu, auch aus dem Publi
632 2344 2923 2505 kum war leises Kichen vernehmbar. Staufner mässig
635 2502 2803 2610 te sich aber wieder und alles ging gut vorüber.
609 2645 2964 2774 Nach der Ballade gab es einigen, nicht sehr lauten
612 2800 2821 2915 Applaus. Staufner las dann noch zwei kleine Ge
612 2909 2868 3075 dichte, die besser wirkten. Er schien aber nicht
617 3058 2909 3234 ganz zufrieden, als er nach zweimaligem Hervorruf
597 3219 1966 3392 zu den Freunden zurückkehrte.
1010 3348 2882 3564 Nun sollten die Abendstimmungen" kommen,
588 3520 2856 3734 wie es noch immer auf dem Programm hiess. Das Be
