3368 4152
2665 465 2844 659 156
676 606 3044 894 Hausflur, den Hof und dann einen kurzen Gang durch
1327 806 1627 906 dem.
691 850 2856 1059 schreiten, in welchem sich die Garderobe befand
691 979 2991 1174 um zur Saaltüre zu gelangen. Hier standen bereits
685 1156 2953 1327 Meter und Winder. Neben ihnen ein Hausdiener mit
697 1274 2894 1512 etwas zu langen, gewirkten, weissen Handschuhen,
706 1421 2871 1621 der die Karten abnehmen sollte. Im Gang schien
706 1621 2879 1794 noch der ganze Geruch, des eben vergangenen Fa
718 1729 3068 1935 schings zu liegen. (Kleine Zanzunterhaltungen pfleg
726 1912 2927 2106 ten hier abgehalten zu weden.) Es roch nach Bier
712 2082 2912 2221 Tabak, mindern Parfums, nach feuchten Kleidern,
721 2235 1759 2418 modrigem Holz und Gas.
1132 2365 2941 2544 Meter führte den alten Herrn durch den
724 2524 3024 2709 Saal, der noch kaum beleuchtetwar: nur dret, oder
721 2662 2950 2885 niedrige Gasflammen brannten an den Wänden. Die
735 2759 2950 3032 Tische waren schon gedeckt. Im Hintergrunde auf
735 2977 3003 3191 der Estrade stand ein kleines Tischchen mit zwei
729 3100 2909 3341 Kerzen drauf. Meter gelettete Sa###berger in das
750 3303 2874 3477 kleine Zimmer hinter dem Saal. Hier waren die
744 3453 3082 3662 Freunde versammelt, alle in schwarzen Salonröcken.
