3352 4104
2808 420 2962 585 71
710 579 3024 887 führt wurden und den fröhlichen und hühnen Worten
718 766 2995 1023 die hier zu hören waren kam thin deutlich zum Be-
715 911 3024 1206 wusstsein. Und er sprach mit. Er konnte schon mit
736 1180 1165 1378 sprechen.
1182 1200 3030 1505 Fräulein Gasteiner versuchte HerrnSix -
736 1384 3116 1661 berger manchmal von der Antetlnahme an der allgemei
739 1525 3009 1791 nen Unterhaltung und in ein privates Gespräch zu
748 1723 3051 1954 ziehen. Sie erzählte ihm von thren Lehr - und Wan
763 1833 3048 2111 derjahren, schien aber zu Saxbergers Verwunderung
760 1990 2965 2253 die Empfindung zu haben, als hätte sie Karrière
772 2149 2959 2424 gemachte, und Immer, wenn sie zu ihm sprach, war
775 2285 3063 2569 in ihren Bicken Ehrfurcht, manchmal blitzte eine
775 2545 2232 2729 gewisse Zärtlichkeit darin auf.
1174 2560 3069 2859 Plötzlich erhob sich Staufner und begann
792 2764 3128 3024 einen Toast zu sprechen. Er begann mit allgemeinen
772 2903 2944 3175 Worten über die Kunst, besprach ihre Verrohung
789 3119 3122 3311 in neuerer Zeit und ham schliesslich auf die alten
786 3231 2912 3503 Meister, dte das Banner der wahren Kunst von
798 3358 3116 3663 Jugend auf hochgehalten und trotz der Gleichgilt###
