3384 4136
2894 544 3061 662 147
801 694 3050 942 Saxberger wusste, dass Grossinger an seinen ge -
812 899 2995 1083 reimten Toast von neulich dachte und erwiderte
809 1097 1740 1233 vornehm: "Beinahe!"
1247 1166 2932 1348 „Und die Schauspielerin liests vorf
829 1296 3079 1558 sagte Grossinger verwundert den Kopf schüttelnd.
852 1457 2897 1668 "Sie Saxberger, da müssen wir doch alle hin
847 1616 3159 1846 ein. - Na natürlich! Das ist ja etne grande Hetz
1210 1803 2978 1970 Saxberger biss die Lippen zusammen.
893 1895 3200 2137 "Sie werden nicht hineingehen", sagte er energtsgh
861 2102 3177 2307 und Sie werden auch so freundlich sein den andern
861 2241 3064 2468 nichts davon zu sagen. Oh - nicht meinetwegen.
861 2385 3015 2647 Aber da ist eina ganze Schar von hochbegabten
864 2529 3010 2796 Jünglingen, welche den Abend veranstalten, da
2843 2667 2987 2759 da
884 2724 3145 2992 ist ein kunstsinniges, ernstes Publikum, welches
884 2825 3205 3105 den Vortragsabend besuchen wird - es handelt sich
2405 2972 2883 3084 Voranstaltung
899 3018 2943 3205 um einen künstlerisch bedeutsamen Abend und
907 3154 3223 3436 (er ärgerte sich, weil Grossinger mit dem ganzen
904 3283 3030 3606 Gesicht zu seinen Worten lachte ) und Lezte,
922 3465 3165 3707 die davon nichts verstehen passen da nicht hin
