3336 4104
2761 490 2891 690 60
1087 663 2934 881 “Erlauben Sie“, sagte Meter und stellte
648 817 3015 1060 vot — Herr Saxberger der Dichter der Wanderungen —
645 1011 2334 1211 Fräulein Gasteiner unsre Tragödin.
1057 1166 3055 1332 Saxberger stand auf und verbeugte stch vor
639 1296 3009 1465 Fräulein Gasteiner. Sie war gross, nicht mehr jung
639 1459 2976 1608 hatte ein fahles Gesicht und war um die Augen dun
636 1623 3003 1762 kel geschminkt. Die Züge des Gesichtes waren nicht
639 1771 2909 1950 unschön, und aus einer entsprechenden Entfernung
630 1922 3043 2101 zeigten sie selbst einen gewissen Adel, der aber in
630 2077 2891 2240 der Nähe verschwand. Da sah man auch einen etwas
624 2213 3028 2404 rohen Zug um den Mund und die eigentümlich verwüste
624 2337 2979 2570 ten Linien des Gesichtes. Ja, Saxberger hatte fast
621 2510 2940 2710 den Eindruck, als wäre die, welche bei der Tür so
612 2661 3049 2858 stattlich erschienen war, jetzt, da sie stoh zu th
606 2831 2785 3012 nen setzte, plötzlich eine ganz ande geworden.
593 2961 2934 3176 Sie sah den alten Herrn mit grossen Augen an. Sie
602 3136 3003 3333 verweilte mit ihrem Blick so lange auf ihm, dass es
599 3315 3021 3476 ihm fast peinlich war. Dann lächelte sie ihn an und
590 3460 2216 3675 sagte: "Also auch Künstler?....!“
