3336 4088
2750 427 2943 576 188
646 626 2934 813 es noch nichtrecht... er hatte das Blatt gesehen.
646 781 2945 954 Es war dasselbe, in welchem vor wenigen Tagen die
646 936 2902 1112 Notiz erschienen war, dass u. a. auch der greise
644 1076 2828 1269 Dichter Saxberger seine Mitwirkung zugesagt ha
667 1228 2858 1430 be. Und nun, nach einer freundlichen, gja hoch-
661 1410 2902 1597 achtungsvollen Erwähnung diese höhnischen Worte,
658 1468 3010 1720 mit denen ja gerade er getroffen wurde. Es war ihm
673 1699 2969 1875 unfassbar..... Er fragte sich, was er den Leuten
667 1860 2788 2024 denn eigentlich getan hätte?.... Einige Junge
670 1977 2864 2162 Herren, von denen einige recht angefahrt..... Ja,
676 2164 2878 2328 war es denn gestattet einen redlichen Menschen.
679 2279 2937 2486 der nichts böses verübt in dieser Weise zu behan
690 2448 2919 2641 deln? Angejahrt.... das var spöttisch gesagt, er
684 2583 2940 2758 fühlte es wohl - über sein Alter machte man sich
687 2744 2937 2922 da lustig — darüber, dass er, der alte Narr sich
690 2910 2852 3062 dem Kreis dieser jungen zugesellt, zu denen er
690 3030 2907 3238 ja gar nicht mehr gehörte — mit denen im Verein
696 3197 2273 3375 er sich als Anfänger bekannte-....
1100 3355 2995 3542 Und diese da, warum sagten sie denn jetzt
