3352 4120
2796 479 2963 711 102
2660 625 2773 809 let
1139 672 2916 976 "Haben Sie sich sie immer aufgehaben?"
759 839 1380 1068 fragte Bltnk.
1128 1000 2957 1267 Bolling wollte sich anfangs gegen diese
747 1220 3064 1368 Bemerkung auflehnen. Er erinnerte sich aber, dass
1473 1327 1651 1422 was
756 1374 2585 1565 Blink Kritiker sei, und lachte gutmütig.
1181 1517 3085 1711 "Na, was brauchen denn Sie für eine Stim
762 1684 2553 1892 mung?" fragte Meter den kleine Winder.
1202 1827 2927 2038 "Ich", erwidafte dieser errötend....
779 2005 2651 2199 "ick kann eigentlich immer schretben....
1187 2151 2553 2335 "Immer!!“ lachten die andern.
1187 2297 3029 2475 Winder sah wie hilfesuchend umher. Sein
759 2377 2960 2639 Elieb endlich auf dem Antlitz Saxbergers ruhen.
774 2609 2603 2737 der ihn mit Freundlichkeit betrachtete.
1175 2728 3085 2921 Das Gespräch nahm seinen Fortgang. Schon
771 2865 3165 3061 als Staufner von seiner Eigenhoff nur an bestimmten
771 2999 3040 3234 Orten zu dichten gesprochen hatte, war dem alten
765 3165 2927 3335 Herrn eine plötzliche Erinnerung gekommen. Er
774 3311 3082 3478 wusste mit einemmale wo ihm seinerzeit die besten
782 3445 2883 3641 Gedanken zugeflogen waren. Er erinnerte sich,
