3352 4104
2877 497 3017 658 83
793 635 2124 878 Alle, die ihn hergeletteten.
1200 775 3055 1015 Er öffnete rasch das Fenster und beugte
808 977 2958 1217 sich hinaus. Ohne Zweifel hatten sie erwartet,
808 1185 3157 1317 dass er sich noch einmal zeigen würde, denn gleich
799 1279 2976 1492 wie sein Kopf erschten, klang es wieder zu ihm
802 1434 2915 1627 herauf. Hoch, hoch, Hoch! Er verbeugte sich.
796 1630 3075 1759 Noch einigemale schriene sie, hoch, er rief thnen
813 1738 3160 1925 ein herzliches Gutenacht zu, dann machten sie sich
813 1972 1940 2086 langsam auf den Heimbeg.
1209 2119 3058 2262 Er sah sie die Strasse hinabwandeln; er
819 2206 2941 2376 verfolgte sie mit dem Blick bis XX sie um die
805 2400 3099 2534 Ecke verschwunden waren. Dann war es in der Fasse
808 2546 3002 2701 still. Kein Mensch war wett und brett zu sehen.
793 2713 2970 2844 Jetzt merkte der alte Herr erst, dass es etwas
816 2859 2920 2988 kühl im Zimmer geworden. Er schloss rasch das
2385 2947 2520 3049 him
802 3032 2973 3152 Fenster und entfernte sich von demselben. Dann
813 3154 3040 3304 setzte er sich auf den Sessel, der neben seinem
834 3280 2882 3482 offenen Bette stand und schüttelte den Kopf
808 3438 2906 3675 Er war gerührt. Das Kerzenlich auf dem Nacht
