3384 4104
2846 343 3025 575 179
725 540 2857 777 tet, aber die Anwesenden lachten viel und zum
722 742 2373 968 Schluss wurde er stürmisch gerufen.
1088 901 2937 1106 Einige von den Bekannten und Verwandten
748 1097 3031 1218 der Komitémitglieder kamen nun, nachdem das ganze
733 1194 3075 1376 vorüber war, ins das kleine Zimmer und hatten die
733 1367 2995 1537 üblichen liebenswürdigen oder begeisterten Worte
745 1564 3028 1705 für die Freunde. Einige Herren, die Saxberger gar
736 1725 3101 1851 nicht kannte, traten auf ihn zu und beglückwünscht¬
757 1857 3039 1995 ten ihn. Nach und nach hatten sich alle Leute ent
757 1983 3036 2148 fernt mit Ausnahme von einigen, die noch an ihren
748 2103 3001 2280 Tischen sitzen blieben, ein letztes Glas Bier zu
757 2309 1132 2479 trinken.
1150 2376 3048 2593 Der kleine Winder war hereingekommen und
751 2567 3086 2799 sagte errötend zu Saxberger: "Es war wirklich sehr
748 2799 1074 2960 schön.
1156 2872 3048 3063 Die Freunde setzten sich zusammen, tran¬
757 3075 3033 3212 ken ziemlich viel und waren sehr lustig. Saxber
757 3215 3010 3353 ger aber stahl sich davon. Er setzte sich allein
769 3391 3078 3538 in einen Wagen und fuhr nach Hause. Wie er in der
