3336 4104
2782 399 2977 614 104
764 609 2814 801 dem Bild, das er sich von ihr gemacht hatte.
755 747 2995 962 Und einmal sagte er ihr im Ton der Verwunderung:
769 913 3012 1131 "Ich hätte gar nicht gedacht, dass Sie das alles
772 1091 1594 1286 so gut verstehen.
1194 1200 2989 1421 "Zwei Seelen", erwiderte sie, "wohnen
775 1390 3026 1565 ach, in meiner Brust.....freilich bin ich Künst
772 1545 2986 1740 lerin und hänge an meiner Kunst mit aller Kraft
772 1674 3078 1875 meines Herzens, aber manchmal sehne ich mich nach
775 1858 2998 2030 Frieden, nach Stille, nah....“ sie brach plötz
784 2056 1183 2199 Ich ab.
1212 2130 2521 2337 „Wornach?“ fragte Saxberger.
1183 2260 2963 2466 Sie senkte den Blick und schwieg. Und
798 2438 3089 2627 wie sie ihn dann plötzlich wieder erhob sagte sie
792 2616 1746 2811 mit Entschiedenheit.
1177 2728 3089 2911 "Lassen wirs.... es ist gut so.... ich ge
795 2900 3087 3112 höre der Kunst. Niemandem — " sie wiederholte das
792 3072 2989 3230 Wort und sah Herrn Saxberger betnahe streng an.
807 3201 2934 3362 „ Niemandem wird es gelingen mich
815 3354 1751 3572 ihr zu entfremden.
