3352 4136
2694 625 2872 802 129
652 853 2917 1021 Freunde sind wir doch eigentlich nicht...dachte
649 1012 2998 1135 er. Und es fiel ihm ein: wie immer sonst die Dinge
649 1147 3049 1322 stünden - er, Saxberger war doch immerhin auch wenn
652 1334 2947 1448 er heute keine Zelle mehr schrieb, ein Mensch der
655 1466 2935 1646 einen Beruf hatte, er war das, was man mtt einem
661 1637 3007 1781 gewissen Rechte ein nützliches Mitglied der mensch
652 1766 2833 1940 lichen Gesellschaft nennt. — Linsmann aber war,
652 1904 2881 2067 wenn er nicht mehr schrieb - - und er schrieb ja
652 2082 2956 2259 1 Jängst nicht mehr - nichts, gar nicht - ein "zer
649 2223 2959 2388 knetschter Kerl," wie er sich selbst genannt., der
646 2379 3061 2541 nichts tun konnte, als schimpfen und sich von allen
649 2526 2938 2718 Leuten, selbst vom kleinen Winder Geld ausleihen.
649 2691 2998 2875 Und dieser Herr Linsmann hing sich jetzt kollegtal
652 2833 1168 3040 in ihn ein.
1078 2950 2941 3151 "Soll ich Ihnen was erzählen,„Herr Sax -
646 3148 2875 3283 berger?“ sagte er. "Ich hab Aussichten! Ich hab
625 3259 1247 3448 Aussichten!"
1048 3430 2962 3638 Saxberger sah ihn befremdet an und blieb
