3304 4056
2619 452 2824 640 192
695 612 2702 866 literarischen Vereins "Begeisterung" statt.
709 795 2876 998 Von den jungen Autoren selbst, zum Teil von be
700 915 2999 1126 währten deklamatorischen Kräften, wurden Gedichte
718 1106 2870 1264 und Novelletten zur Vorlesung gebracht, welche
718 1272 2919 1464 beim Publikum lebhaften Beifall fanden. Die jun
720 1389 2853 1615 gen Dichter, wir nennen unter anderm die Namen,
712 1569 2945 1735 Staufner, Meter, Christian, Sa###berger, Linsmann,
726 1724 2813 1921 berechtigen zweifellos zu schönen Hoffnungen.
738 1852 2927 2058 wenn auch noch nicht in allen der gährende Most
729 2053 2433 2241 zum kräftigen Wein geworden ist....
1141 2147 3065 2353 Staufner legte das Blatt hin und zunächst
749 2336 1438 2516 schwiegen alle.
1164 2433 3025 2667 "Na, das geht ja... " meinte er schliess
746 2644 992 2842 lich.
1175 2664 3033 2979 "Das geht!" fragte Belling mit unverkenn
746 2927 1264 3153 barem Hohn.
1318 3059 2890 3288 "Gewiss, es ist doch immehin — na,
758 3228 2173 3425 es ist doch der gute Wille da!
1123 3353 2853 3559 "Finden Sief" fragte Belling Dichhöh
