3336 4088
2888 524 3060 671 187
823 586 2834 797 es. Und im selben Augenblich sagte Fräulein
817 792 2919 978 Gasteiner mit einem Seitenblick auf den alten
797 941 3049 1099 Herrn: "Meiner Kunst soll mich nichts mehr ent -
823 1099 1392 1288 fremden....“
1214 1268 3099 1423 "In Neu -Ruppin", sagte Friedinger, "möch
809 1375 2995 1623 te der Staufner auch mit seinen Balladen Erfolg
795 1564 1150 1702 haben."
1228 1676 2933 1874 "Du bist ein Ochse", schrie Staufner.
789 1845 2913 2026 Hier steht kein Wort von meinen Balladen. Ich
797 2003 3034 2153 weiss sehr wohl, was dieser Idiot mit seinen bos
797 2133 3063 2288 haften Bemerkungen gemeint hat- ich weiss es!...
1214 2271 3071 2443 "Gebt acht", sagte Meter... "die dort" -
795 2457 2998 2615 und er wies auf den Nebentisch "haben die Sache
795 2617 2046 2792 sicher auch schon gelesen.“
1245 2744 2950 2919 In der Tat hatten sich vom Tisch der
792 2913 2902 3099 "Talentlosen", einige flüchtig nach ihnen um
795 3085 1161 3260 gewandt.
1186 3178 2944 3367 Saxberger sass schwetgend da, während
783 3350 2978 3544 die Rufe und Reden ihn umschwirrten. Er begriff
