<?xml version="1.0" encoding="UTF-8" standalone="yes"?>
<PcGts xmlns="http://schema.primaresearch.org/PAGE/gts/pagecontent/2013-07-15" xmlns:xsi="http://www.w3.org/2001/XMLSchema-instance" xsi:schemaLocation="http://schema.primaresearch.org/PAGE/gts/pagecontent/2013-07-15 http://schema.primaresearch.org/PAGE/gts/pagecontent/2013-07-15/pagecontent.xsd">
    <Metadata>
        <Creator>prov=READ-COOP:name=TrHtr:version=2.1.0:model_id=51170:date=14_08_2023_22:17</Creator>
        <Created>2023-05-10T14:38:35.004+02:00</Created>
        <LastChange>2023-08-14T22:17:02.343+02:00</LastChange>
        <TranskribusMetadata docId="1428643" pageId="55422617" pageNr="27" tsid="132827912" status="IN_PROGRESS" userId="64420" imgUrl="https://files.transkribus.eu/Get?id=SRPHRJPSIVNOUGKYRTNQTYRD&amp;fileType=view" xmlUrl="https://files.transkribus.eu/Get?id=SRFJWKDMFGCWFPMDORHOEHHP" imageId="44696696"/>
    </Metadata>
    <Page imageFilename="1428643_0027.jpg" imageWidth="3320" imageHeight="4072">
        <ReadingOrder>
            <OrderedGroup id="ro_1711815587677" caption="Regions reading order">
                <RegionRefIndexed index="0" regionRef="tr_2"/>
                <RegionRefIndexed index="1" regionRef="tr_1"/>
            </OrderedGroup>
        </ReadingOrder>
        <TextRegion id="tr_2" custom="readingOrder {index:0;}">
            <Coords points="752,839 3191,839 3191,2592 752,2592"/>
            <TextLine id="tr_2_tl_1" custom="readingOrder {index:0;}">
                <Coords points="740,982 2972,933 2972,776 2558,676 1993,837 1770,743 740,818"/>
                <Baseline points="755,913 782,907 826,907 871,907 916,907 961,904 1006,907 1050,907 1095,904 1140,904 1185,904 1229,901 1274,904 1319,904 1364,904 1409,904 1453,907 1498,904 1543,904 1588,904 1632,904 1677,907 1722,904 1767,907 1812,910 1856,907 1901,904 1946,904 1991,901 2036,901 2080,901 2125,901 2170,901 2215,901 2259,901 2304,901 2349,901 2394,898 2439,898 2483,898 2528,901 2573,901 2618,895 2662,895 2707,895 2752,895 2797,895 2842,892 2886,892 2931,889 2976,889"/>
                <TextEquiv>
                    <Unicode>Meter nichtl Er ging ein paar Mal im Zt mer hin</Unicode>
                </TextEquiv>
            </TextLine>
            <TextLine id="tr_2_tl_2" custom="readingOrder {index:1;}">
                <Coords points="752,1120 2655,1105 2969,1051 2969,933 752,963"/>
                <Baseline points="770,1059 779,1059 823,1053 868,1056 913,1053 958,1056 1003,1050 1047,1050 1092,1050 1137,1050 1182,1050 1226,1050 1271,1053 1316,1050 1361,1050 1406,1050 1450,1050 1495,1047 1540,1047 1585,1047 1629,1047 1674,1047 1719,1047 1764,1047 1809,1047 1853,1050 1898,1047 1943,1047 1988,1047 2033,1047 2077,1047 2122,1044 2167,1047 2212,1047 2256,1044 2301,1047 2346,1044 2391,1044 2436,1044 2480,1047 2525,1044 2570,1044 2615,1044 2659,1047 2704,1047 2749,1044 2794,1041 2839,1041 2883,1041 2928,1044 2973,1044"/>
                <TextEquiv>
                    <Unicode>und her. Dann zündes er die Lampe an. Und dann</Unicode>
                </TextEquiv>
            </TextLine>
            <TextLine id="tr_2_tl_3" custom="readingOrder {index:2;}">
                <Coords points="749,1271 3041,1259 3062,1111 749,1120"/>
                <Baseline points="767,1215 788,1218 832,1221 877,1221 922,1215 967,1215 1012,1212 1056,1212 1101,1215 1146,1215 1191,1212 1235,1218 1280,1212 1325,1212 1370,1215 1415,1212 1459,1212 1504,1212 1549,1212 1594,1212 1638,1212 1683,1209 1728,1206 1773,1209 1818,1212 1862,1209 1907,1209 1952,1209 1997,1209 2041,1212 2086,1209 2131,1209 2176,1209 2221,1212 2265,1212 2310,1212 2355,1209 2400,1206 2444,1209 2489,1209 2534,1206 2579,1206 2624,1206 2668,1209 2713,1206 2758,1206 2803,1206 2848,1206 2892,1206 2937,1206 2982,1203 3027,1203 3071,1200"/>
                <TextEquiv>
                    <Unicode>öffnete er zögernd und ein wenig vor stch hinläch¬</Unicode>
                </TextEquiv>
            </TextLine>
            <TextLine id="tr_2_tl_4" custom="readingOrder {index:3;}">
                <Coords points="758,1431 2999,1365 3141,1425 3186,1293 758,1317"/>
                <Baseline points="776,1370 817,1367 862,1367 907,1367 952,1367 997,1367 1041,1367 1086,1367 1131,1367 1176,1367 1221,1367 1265,1367 1310,1367 1355,1364 1400,1364 1444,1364 1489,1364 1534,1364 1579,1364 1624,1364 1668,1364 1713,1364 1758,1364 1803,1364 1847,1364 1892,1361 1937,1361 1982,1364 2027,1364 2071,1361 2116,1361 2161,1364 2206,1364 2250,1361 2295,1364 2340,1364 2385,1364 2430,1361 2474,1361 2519,1364 2564,1364 2609,1364 2653,1364 2698,1364 2743,1361 2788,1361 2833,1358 2877,1358 2922,1358 2967,1358 3012,1358 3056,1355 3101,1355 3146,1352 3191,1352"/>
                <TextEquiv>
                    <Unicode>elnd den Bücherschrank und büchte sich. In dem unter</Unicode>
                </TextEquiv>
            </TextLine>
            <TextLine id="tr_2_tl_5" custom="readingOrder {index:4;}">
                <Coords points="761,1607 3089,1552 3089,1438 2700,1404 761,1438"/>
                <Baseline points="779,1519 814,1516 859,1513 904,1516 949,1516 994,1516 1038,1516 1083,1519 1128,1516 1173,1516 1218,1516 1262,1513 1307,1513 1352,1513 1397,1513 1441,1513 1486,1516 1531,1513 1576,1513 1621,1513 1665,1513 1710,1510 1755,1513 1800,1510 1844,1510 1889,1510 1934,1510 1979,1513 2024,1510 2068,1510 2113,1513 2158,1513 2203,1513 2247,1510 2292,1510 2337,1510 2382,1513 2427,1510 2471,1510 2516,1510 2561,1510 2606,1510 2650,1510 2695,1510 2740,1510 2785,1510 2830,1510 2874,1510 2919,1507 2964,1507 3009,1507 3054,1504 3098,1501"/>
                <TextEquiv>
                    <Unicode>sten Fach unter alten Zettschriften und Broschüren</Unicode>
                </TextEquiv>
            </TextLine>
            <TextLine id="tr_2_tl_6" custom="readingOrder {index:5;}">
                <Coords points="752,1727 2337,1758 2618,1685 3044,1767 3068,1555 755,1610"/>
                <Baseline points="770,1665 791,1665 835,1665 880,1665 925,1665 970,1668 1015,1665 1059,1671 1104,1668 1149,1665 1194,1668 1238,1668 1283,1665 1328,1665 1373,1665 1418,1668 1462,1665 1507,1665 1552,1662 1597,1662 1641,1662 1686,1662 1731,1662 1776,1662 1821,1662 1865,1662 1910,1659 1955,1662 2000,1662 2044,1662 2089,1662 2134,1665 2179,1665 2224,1665 2268,1668 2313,1662 2358,1665 2403,1662 2447,1665 2492,1665 2537,1662 2582,1665 2627,1665 2671,1665 2716,1662 2761,1662 2806,1659 2850,1662 2895,1662 2940,1659 2985,1656 3030,1656 3074,1656"/>
                <TextEquiv>
                    <Unicode>musste ja wohl noch ein Exemplar liegen, oder</Unicode>
                </TextEquiv>
            </TextLine>
            <TextLine id="tr_2_tl_7" custom="readingOrder {index:6;}">
                <Coords points="752,1918 994,1939 1546,1851 2162,1881 2162,1767 2032,1730 1963,1764 1643,1712 1558,1767 1220,1773 978,1706 752,1724"/>
                <Baseline points="770,1827 782,1824 826,1815 871,1815 916,1815 961,1815 1006,1815 1050,1815 1095,1815 1140,1815 1185,1818 1229,1818 1274,1815 1319,1815 1364,1815 1409,1815 1453,1815 1498,1815 1543,1815 1588,1815 1632,1815 1677,1815 1722,1812 1767,1812 1812,1812 1856,1812 1901,1815 1946,1815 1991,1815 2036,1815 2080,1815 2125,1815 2170,1818"/>
                <TextEquiv>
                    <Unicode>oder drei von den Wanderungen.</Unicode>
                </TextEquiv>
            </TextLine>
            <TextLine id="tr_2_tl_8" custom="readingOrder {index:7;}">
                <Coords points="1163,2011 2425,1990 2600,2045 3032,1981 3032,1909 2836,1869 1163,1881"/>
                <Baseline points="1179,1970 1200,1967 1244,1967 1289,1967 1334,1970 1379,1967 1424,1970 1468,1973 1513,1967 1558,1970 1603,1967 1647,1967 1692,1967 1737,1967 1782,1964 1827,1964 1871,1967 1916,1967 1961,1967 2006,1967 2050,1967 2095,1970 2140,1970 2185,1970 2230,1967 2274,1964 2319,1967 2364,1967 2409,1967 2453,1970 2498,1976 2543,1976 2588,1973 2633,1970 2677,1967 2722,1967 2767,1970 2812,1970 2856,1967 2901,1964 2946,1964 2991,1961 3036,1961"/>
                <TextEquiv>
                    <Unicode>Ja da lagen sie. Mehr als drei. Er hatte</Unicode>
                </TextEquiv>
            </TextLine>
            <TextLine id="tr_2_tl_9" custom="readingOrder {index:8;}">
                <Coords points="743,2168 1706,2223 1884,2147 2969,2159 2990,1984 2069,2084 743,2032"/>
                <Baseline points="761,2119 803,2119 847,2119 892,2119 937,2119 982,2122 1026,2119 1071,2119 1116,2119 1161,2119 1206,2119 1250,2119 1295,2122 1340,2119 1385,2122 1429,2119 1474,2122 1519,2119 1564,2119 1609,2119 1653,2119 1698,2119 1743,2119 1788,2119 1832,2119 1877,2116 1922,2122 1967,2122 2012,2122 2056,2119 2101,2116 2146,2119 2191,2122 2236,2122 2280,2119 2325,2122 2370,2119 2415,2119 2459,2116 2504,2119 2549,2119 2594,2119 2639,2119 2683,2119 2728,2116 2773,2119 2818,2116 2862,2116 2907,2113 2952,2113 2997,2113"/>
                <TextEquiv>
                    <Unicode>noch xxx Exemplare davon. Es war doch merwür¬</Unicode>
                </TextEquiv>
            </TextLine>
            <TextLine id="tr_2_tl_10" custom="readingOrder {index:9;}">
                <Coords points="749,2350 3041,2334 3041,2156 2473,2226 749,2202"/>
                <Baseline points="767,2268 806,2271 850,2274 895,2274 940,2277 985,2277 1029,2274 1074,2271 1119,2274 1164,2274 1209,2271 1253,2271 1298,2271 1343,2271 1388,2268 1432,2268 1477,2268 1522,2268 1567,2268 1612,2268 1656,2268 1701,2271 1746,2271 1791,2268 1835,2268 1880,2268 1925,2265 1970,2265 2015,2268 2059,2271 2104,2271 2149,2271 2194,2268 2239,2271 2283,2271 2328,2271 2373,2271 2418,2268 2462,2271 2507,2271 2552,2271 2597,2271 2642,2271 2686,2271 2731,2271 2776,2274 2821,2271 2865,2271 2910,2271 2955,2268 3000,2265 3045,2259"/>
                <TextEquiv>
                    <Unicode>dig. Er hatte diese dünnen Bändchen gewiss viele</Unicode>
                </TextEquiv>
            </TextLine>
            <TextLine id="tr_2_tl_11" custom="readingOrder {index:10;}">
                <Coords points="737,2504 2627,2504 3044,2449 3044,2340 737,2344"/>
                <Baseline points="752,2424 764,2424 809,2421 853,2424 898,2424 943,2427 988,2427 1032,2424 1077,2424 1122,2424 1167,2421 1212,2424 1256,2424 1301,2427 1346,2427 1391,2427 1435,2427 1480,2424 1525,2424 1570,2424 1615,2424 1659,2424 1704,2424 1749,2424 1794,2421 1838,2424 1883,2424 1928,2424 1973,2424 2018,2424 2062,2424 2107,2424 2152,2424 2197,2427 2241,2427 2286,2427 2331,2427 2376,2427 2421,2427 2465,2424 2510,2421 2555,2421 2600,2421 2645,2421 2689,2424 2734,2424 2779,2424 2824,2421 2868,2424 2913,2424 2958,2418 3003,2418 3048,2415"/>
                <TextEquiv>
                    <Unicode>male in den abgelaufenen Jahren gesehen. Er hatte</Unicode>
                </TextEquiv>
            </TextLine>
            <TextLine id="tr_2_tl_12" custom="readingOrder {index:11;}">
                <Coords points="758,2655 3065,2652 3065,2522 2854,2498 758,2519"/>
                <Baseline points="776,2582 791,2579 835,2579 880,2579 925,2579 970,2579 1015,2579 1059,2579 1104,2579 1149,2576 1194,2579 1238,2579 1283,2579 1328,2579 1373,2579 1418,2576 1462,2579 1507,2576 1552,2576 1597,2576 1641,2576 1686,2573 1731,2576 1776,2576 1821,2579 1865,2576 1910,2576 1955,2576 2000,2576 2044,2579 2089,2579 2134,2576 2179,2576 2224,2579 2268,2579 2313,2579 2358,2579 2403,2576 2447,2576 2492,2573 2537,2573 2582,2576 2627,2576 2671,2576 2716,2576 2761,2576 2806,2576 2850,2576 2895,2576 2940,2579 2985,2579 3030,2576 3074,2570"/>
                <TextEquiv>
                    <Unicode>ste stoher auch in der Hand gehabt und hatte es</Unicode>
                </TextEquiv>
            </TextLine>
        </TextRegion>
        <TextRegion id="tr_1" custom="readingOrder {index:1;}">
            <Coords points="770,2681 3042,2681 3042,3514 770,3514"/>
            <TextLine id="tr_1_tl_1" custom="readingOrder {index:0;}">
                <Coords points="758,2809 1468,2769 1770,2830 1891,2745 2932,2809 2932,2664 2694,2606 758,2655"/>
                <Baseline points="776,2752 791,2743 835,2737 880,2734 925,2734 970,2734 1015,2734 1059,2731 1104,2731 1149,2734 1194,2734 1238,2734 1283,2734 1328,2731 1373,2734 1418,2734 1462,2734 1507,2734 1552,2737 1597,2734 1641,2734 1686,2734 1731,2737 1776,2734 1821,2731 1865,2734 1910,2734 1955,2737 2000,2740 2044,2740 2089,2734 2134,2734 2179,2734 2224,2731 2268,2734 2313,2737 2358,2737 2403,2731 2447,2734 2492,2737 2537,2737 2582,2731 2627,2734 2671,2734 2716,2734 2761,2731 2806,2734 2850,2731 2895,2731 2940,2731"/>
                <TextEquiv>
                    <Unicode>gar nicht bemerkt. Er hatte sogar ein falsches</Unicode>
                </TextEquiv>
            </TextLine>
            <TextLine id="tr_1_tl_2" custom="readingOrder {index:1;}">
                <Coords points="755,2969 3017,2908 2951,2809 2235,2769 2057,2839 755,2812"/>
                <Baseline points="773,2889 782,2889 826,2886 871,2886 916,2886 961,2886 1006,2889 1050,2889 1095,2889 1140,2889 1185,2886 1229,2889 1274,2886 1319,2886 1364,2889 1409,2889 1453,2886 1498,2886 1543,2886 1588,2889 1632,2886 1677,2886 1722,2889 1767,2886 1812,2892 1856,2892 1901,2889 1946,2886 1991,2886 2036,2889 2080,2889 2125,2886 2170,2886 2215,2886 2259,2886 2304,2886 2349,2889 2394,2889 2439,2889 2483,2889 2528,2886 2573,2889 2618,2889 2662,2889 2707,2886 2752,2886 2797,2886 2842,2886 2886,2886 2931,2886 2976,2883 3021,2886"/>
                <TextEquiv>
                    <Unicode>innerungsbild von ihnen. Er stellte sich die Van</Unicode>
                </TextEquiv>
            </TextLine>
            <TextLine id="tr_1_tl_3" custom="readingOrder {index:2;}">
                <Coords points="755,3102 3035,3077 2978,2935 755,2963"/>
                <Baseline points="773,3036 817,3033 862,3033 907,3033 952,3036 997,3036 1041,3036 1086,3036 1131,3039 1176,3039 1221,3039 1265,3042 1310,3042 1355,3042 1400,3039 1444,3039 1489,3039 1534,3039 1579,3039 1624,3036 1668,3036 1713,3039 1758,3039 1803,3039 1847,3036 1892,3039 1937,3039 1982,3039 2027,3039 2071,3036 2116,3036 2161,3036 2206,3036 2250,3039 2295,3039 2340,3039 2385,3036 2430,3039 2474,3042 2519,3039 2564,3039 2609,3036 2653,3036 2698,3036 2743,3039 2788,3039 2833,3039 2877,3039 2922,3039 2967,3039 3012,3039 3042,3036"/>
                <TextEquiv>
                    <Unicode>derungen vor, wie sie, eben erschienen, im Auslage</Unicode>
                </TextEquiv>
            </TextLine>
            <TextLine id="tr_1_tl_4" custom="readingOrder {index:3;}">
                <Coords points="752,3228 2960,3262 2899,3111 752,3108"/>
                <Baseline points="770,3191 773,3188 817,3188 862,3185 907,3185 952,3185 997,3185 1041,3185 1086,3185 1131,3188 1176,3188 1221,3188 1265,3188 1310,3191 1355,3188 1400,3188 1444,3188 1489,3188 1534,3185 1579,3185 1624,3185 1668,3185 1713,3185 1758,3185 1803,3185 1847,3185 1892,3185 1937,3185 1982,3185 2027,3188 2071,3191 2116,3191 2161,3191 2206,3188 2250,3188 2295,3188 2340,3191 2385,3188 2430,3185 2474,3185 2519,3185 2564,3188 2609,3188 2653,3185 2698,3188 2743,3188 2788,3191 2833,3188 2877,3185 2922,3185 2967,3188"/>
                <TextEquiv>
                    <Unicode>fenster einiger Buchhändler geprangt hatten. Et</Unicode>
                </TextEquiv>
            </TextLine>
            <TextLine id="tr_1_tl_5" custom="readingOrder {index:4;}">
                <Coords points="755,3419 2851,3398 2821,3256 2313,3310 755,3231"/>
                <Baseline points="773,3343 817,3340 862,3343 907,3346 952,3346 997,3343 1041,3346 1086,3346 1131,3346 1176,3346 1221,3346 1265,3346 1310,3349 1355,3346 1400,3346 1444,3343 1489,3343 1534,3343 1579,3343 1624,3343 1668,3343 1713,3343 1758,3340 1803,3340 1847,3343 1892,3343 1937,3343 1982,3343 2027,3340 2071,3343 2116,3343 2161,3343 2206,3346 2250,3343 2295,3346 2340,3346 2385,3343 2430,3346 2474,3346 2519,3343 2564,3340 2609,3340 2653,3340 2698,3343 2743,3346 2788,3346 2833,3346 2859,3346"/>
                <TextEquiv>
                    <Unicode>dunkelgrünes, schlankes Bändchen, auf dessen</Unicode>
                </TextEquiv>
            </TextLine>
            <TextLine id="tr_1_tl_6" custom="readingOrder {index:5;}">
                <Coords points="761,3548 1380,3603 1579,3558 1670,3603 2307,3585 2304,3391 2235,3382 1773,3467 1329,3388 761,3422"/>
                <Baseline points="779,3498 823,3498 868,3498 913,3495 958,3495 1003,3498 1047,3498 1092,3498 1137,3495 1182,3498 1226,3498 1271,3498 1316,3495 1361,3501 1406,3498 1450,3498 1495,3495 1540,3498 1585,3498 1629,3498 1674,3504 1719,3501 1764,3504 1809,3501 1853,3498 1898,3498 1943,3498 1988,3498 2033,3498 2077,3498 2122,3501 2167,3501 2212,3498 2256,3495 2301,3495 2313,3498"/>
                <TextEquiv>
                    <Unicode>banddecke in hellen ; grossen ab</Unicode>
                </TextEquiv>
            </TextLine>
            <TextLine id="tr_1_tl_7" custom="readingOrder {index:6;}">
                <Coords points="2347,3564 2597,3567 2642,3594 2661,3576 2715,3591 2790,3555 2863,3561 2863,3410 2781,3428 2670,3382 2633,3401 2564,3382 2495,3416 2416,3388 2347,3404"/>
                <Baseline points="2364,3498 2409,3498 2453,3501 2498,3498 2543,3495 2588,3498 2633,3498 2677,3501 2722,3498 2767,3498 2812,3498 2856,3501 2871,3501"/>
                <TextEquiv>
                    <Unicode>dünnen Buol</Unicode>
                </TextEquiv>
            </TextLine>
        </TextRegion>
    </Page>
</PcGts>
