3384 4120
583 714 3186 914 sonst nie was hört und eine Schauspielerin die in Iglau
597 895 1885 1029 gespielt hat., vor Jahren.
580 967 2996 1186 Das Blatt kommt nicht zu S tande, man findet keinen
547 1150 2969 1311 Finanzmann. Das Frühjahr kommt. Im Kaffeehaus wid
570 1308 2907 1504 es leerer. Einmal soll er in den Prater mitgehen.
600 1439 2802 1596 Es hat ihn gewundert, dass man an sei em Stamm
570 1583 3038 1747 tis h nichts von ihm weiss. Draussen in der Vorstadt.
567 1708 2986 1881 Einäml, geh er mit der ideaalen Gesellschaft in den
616 1832 3156 2016 Prater, aber der Rausch der begeisterung istverrqucht,
583 1940 2976 2163 man kümmert sich nicht mehr um ihn. Er sitzt wieder
636 2058 3137 2298 in seinem Stübchen, er hört von der alten Schauspie
600 2239 3084 2448 lerin, dass sie eigentlich ein Verhältnis mit einem
508 2291 3143 2573 im jungen Dichter hat. Er wundert sich, dass er von den
597 2438 3179 2727 Dichtern nichts hört. Jahrelang wartet er af den Ruhm
619 2586 3245 2871 der Jungen. Der will aber auch nicht kommen. Vielleicht
633 2737 2907 3012 wird auch einmal so einer in dreissig Jahren ent
646 2825 3146 3160 deckt welden Es tut ihm weh, dass ihn alle verlassen
646 3005 3097 3297 Eines Abends geht er wieder weg in sein Stammbeisel.
692 3114 3071 3441 Sitzt unter seinen Freunden, er neben dem Wirt. Es
675 3248 3055 3566 ist ihm, als wäre er von eier lange Fahrt zurückge
669 3363 3182 3648 kehrt. Trinkt seine zwei oder drei Glas Bier und end
