3384 4136
2877 442 3033 612 64
756 601 3003 882 Saxbergermusste mit den andern über die unglaub
776 768 3024 1014 liche Blindheit staunen, mit welcher die Theater
785 958 3074 1201 direktoren gerade immer ke talentlosesten Künst -
788 1072 3091 1289 Ier inne engagierten und sich die besten nicht nur
806 1222 3118 1442 von Berlin Leipzig, Hamburg sondern auch von der
794 1386 3153 1638 Klagenfurter und Linzer Direktion wegschnappen las
826 1518 3156 1776 sen. Fräulein Gasteiner selbst redete wenig drein.
820 1688 3132 1913 Sie begnügte sich ab und zu wehmütig, beistimmend
826 1863 3170 2054 mit dem Kopfe zu nicken, oder ein mildes "gemiss s
841 2013 3062 2215 so ist es“ drein zu hauchen. Und gerade als dt
835 2186 3115 2379 Erbitterung auf höchste gestiegen war, sagte sie
847 2306 3047 2564 wie eine Königin, die verurteilt und begnadigt:
873 2464 3167 2672 "Kinder lassen wir jetzt die armen Hascherln (ste
861 2593 3082 2868 meinte die Tragödinnen der Wiener Theater) und
879 2737 3214 2989 reden wir von Eurem Abend. — Durch dieses "Kinder"
879 2951 3182 3132 das Fräulein Gasteiner so oft gebrauchte, kam sich
867 3109 2441 3317 Saxberger wie ausgeschlossen vor.
1263 3229 3088 3457 „Grossartig sind die Sachen die ihr mir
891 3419 2306 3619 geschickt habt, grossartig!!
