3368 4136
2950 648 3130 785 162
878 709 2973 956 Blancs etwas tronisch auf sich gerichtet sah.
1238 910 3025 1084 Friedinger öffnete die Türe wieder zur
869 1067 3075 1270 Hälfte sah in den Saal und wandte sich
2133 1209 2601 1386 sagte er.
881 1235 2090 1410 der zu den andern. "Leut!!
1302 1366 3162 1529 "Ich bin nur neugierig", meinte Staufner
892 1532 2947 1674 "wie sich die Zeitungen verhalten werden. Ob
878 1718 3118 1834 die "Neue Freie" zum Beisptel uen schicken wird.
1258 1837 3147 2002 "Sicher nicht", sagte Fräulein Gasteiner,
889 1994 3127 2148 "schon weil ich auf dem Programm stehe. Wenn die
875 2142 3089 2281 nur könnten, die hätten mich lägst vernichtet"
1299 2281 3086 2462 "Die Zeitungen sind übrigens nicht die
863 2459 3200 2584 Hauptsache", sagte Blink. "Auf das Publikum kommte
1317 2578 3104 2758 Durch die halboffene Tür drang ein Ge
872 2616 1093 2805 an."
1133 2656 1238 2726 G.F.P
881 2746 3133 2900 räusch von Sesseln, die gerückt wurden. Staufner
869 2889 3078 3069 blickte in den Saal. "Er füllt sich", sagte er.
884 3054 3150 3179 "Und doch wars ein Unsinn", meinte Belling, "dass
869 3171 3092 3363 Du Tische hast aufstellen lassen. Das stört die
866 3336 2383 3502 Stimmung wenn die Kerle essen. “
1253 3496 3156 3711 "Im Gegenteil", erwiderte Staufner. "Aux-
