3368 4136
2822 519 2997 645 23
675 630 3012 941 Jetzt den Gesamnteindruck in sich nachwirken ltess
687 835 2988 1094 war doch eigentlich alles eigentümlich frisch ge¬
690 1016 2816 1233 blieben, und MeI Lebenslust war aus den alten
687 1176 3009 1387 Blättern zu ihm aufgeflogen. Bei manchen Liebesge
702 1296 3124 1517 dicht war ihn sogar wie im Nebel irgend ein blasses,
702 1459 2958 1703 süsses Gesicht vorübergezogen, das er einmal ge
706 1625 3063 1794 sehen, geliebt, gehüsst hatte. Die blassen süssen
712 1767 3072 2011 Gesichter! Wo varen die jetzt...... Wenn er die jun
739 1893 3114 2141 gen Mädchen anschaute, die an ihn vorübergingen war
727 2065 3027 2267 ihm doch eigentlich immer, als wären das noch die
727 2237 3009 2448 selben, die er vor dreissig und vierzig und fünf
730 2352 2928 2587 zig Jahren da begegnet. Als wären es dieselben,
736 2533 3036 2710 die er damals geküsst und die er - ja! öte er be
2478 2647 2958 2909 an eine stelle.
742 2710 1091 2934 sungen.
1137 2852 3105 3057 Er war auf den Ring gekommen, dorthin, wo
754 3006 2961 3226 die vielen Strassen sich kreuzen, wo in heiterm
751 3163 3018 3350 Lichtgrau die Votivkirche steht, wo der Lärm von
757 3341 3060 3519 den vielen Wägen durcheinanderschwirrt und wi die
763 3476 2894 3678 grossen Ströme der Menschen einander begegnen.
