3352 4104
2972 523 3114 650 59
801 705 3160 850 die ins Haus..Sarberger konnte sich aber nicht zur
789 832 3217 983 Lektüre des klein und eng geschriebenen Manuskriptes
810 983 1476 1216 entschliessen.
1210 1137 3072 1343 Bald konnte man daran denken den Termin
804 1315 3163 1476 für den Vortragsabend festzusetzten und sich um ein
810 1448 3184 1624 geeignetes Lohal für die Veranstaltung umzuschauen.
798 1642 3175 1796 An dem Abend, an welchem eben diese Fragen das er
807 1739 3130 1926 stemal eingehend besprochen wurden, trat, wie die
819 1920 3163 2083 Gesellschaft schon einige Zeit versammelt war, ei
813 2047 3160 2256 ne Dame ins Kaffeehaus. Sie schritt unbefangen mit
819 2204 3178 2380 einem heitern Lächeln an den Tisch, an welchem die
816 2371 3166 2564 Freunde sassen. "Das ist die Gasteiner", flüsterte
807 2528 1911 2700 Meier dem Saxberger zu.
1249 2673 3157 2839 "Servus Kinder", grüsste die Eintretende,
841 2833 3081 3018 "wte gehts euch denn......servus Belling", setzte
617 2948 762 3121 816
825 2969 3078 3193 ste hinzu, indem sie dem Schauspteler, der unter
832 3136 2473 3335 den übrigen sass, die Hand reichte.
1240 3305 2966 3486 “Servus Gasteiner“, erwiderte dieser.
