3384 4136
2748 548 2893 723 34.
705 696 3078 920 mit einem pfiffigen Gesicht auf den kleinen Winder
705 893 2929 1089 wies", "dieser Herr tst ein Kind und schreibt -
705 1044 1123 1207 alles. "
1195 1162 3120 1356 "Ah", sagte Saxberger lächelnd und wandte
726 1338 3105 1504 sich an den jungen Menschen, der mit übereinander -
729 1480 3090 1664 geschlagenen### Beinen und über den Knten gekreuzten
714 1640 2893 1795 Händen in beträchtlicher Verlegenheit dasass -
744 1804 1782 1967 "alles schreiben Sie?"
1141 1964 3069 2109 Ja", erwiderte Winder und schaute mit ver
720 2100 2612 2249 wirrtem Auge im ganzen Kaffeehaus herum.
1180 2239 3038 2415 In diesem Augenblicke erschien ein sehr
720 2433 3153 2587 kleiner, nachldssig gekleideter Mann in der Tür, der
720 2584 3053 2718 wie er einen fremden Herrn bei dem Tische sitzten
729 2699 3090 2896 sah, zögerte näher zu treten. Aber Meter bemerkte
738 2884 3041 3017 ihn sofort und winkte ihn herbet. "Komm nur", sag
729 3050 3138 3208 te er. Der Kleine trat mit kaum verhehltem Misstrau
732 3184 1168 3359 en näher.
1171 3320 3057 3501 Albert Staufner.-Herr Saxberger", sagte
657 3335 1032 3480 reine se
708 3507 3135 3677 Meter. Staufner verbeugte sich kurz und sagten als
