3368 4120
2892 479 3015 641 53
1093 623 2886 832 "Meine Herren", erwiderte dieser, "Sie
714 785 3024 987 müssen nämlich wissen, ich hab mir ja das Dichten
732 964 2939 1128 schon ganz abgewöhnt! Es hat sich ja nie wer um
717 1099 3074 1296 mich gekümmert! So mit wanzig und dreisstg Jahren
738 1249 3074 1446 spürt man das nicht; aber nach und nach..... nicht
720 1381 3083 1587 wahr Herr eier, wir haben ja neulich darueber ge
732 1525 3071 1749 sprochen." Dieser nichte und Winder betrachtete den
738 1719 2948 1843 jungen Mann, der eine so intime.Unterredung mit
2204 1810 2310 1910 12
738 1831 3059 2037 dem alten Poeten gehabt hatte, mit stiller Bæoun
735 1995 1064 2213 derung.
1128 2095 3121 2301 Nun begann man über den Unverstand und die
729 2322 3039 2489 Ungerechtigkeit der Menge zu reden; darüber hatte
741 2495 2995 2674 sch on jeder seine Erfahrungen. Saxberger fühlte
735 2636 3003 2839 wie schlimm die Menschen ihm mitgespielt hatten.
723 2795 1895 2962 Er klagte mit den andern.
1146 2948 2939 3139 Es war spät geworden, die Gesellschaft
732 3077 2962 3286 trennte sich. "Sie sollten Ihre Memotren schrei
735 3244 2945 3391 ben“, sagte Staufner beim Abschied zu dem alten
717 3430 1037 3594 Herrn.
