3352 4088
2791 517 2923 620 42
1116 598 2953 836 "An was für einem Theater ist er denn!"
1113 788 3041 986 "Jetzt ist er nirgends. Im vorigen Winter
692 971 2902 1092 war er in Abbazzia...... Und dann die Gasteiner.“
1161 1095 3029 1266 “Wie es kommen auch Damen in Ihre Gesell
692 1266 1116 1420 schaft?"
1107 1395 2998 1597 "Freilich. Das ist eine sehr merkwürdige
683 1573 1008 1720 Person,
1062 1561 3107 1738 die wird Sie interessieren. Sie hat ein herr
1050 1729 1453 1880 organ. ”
677 1753 977 1937 Itches
1065 1865 1904 2054 „Wo ist denn die?"
1095 2003 2992 2180 "Die war an veschiedenen Bühnen. Sie ist
677 2165 3038 2325 aber zu exzentrisch, sie fügt sich nicht in das ge
592 2340 1720 2508 reglte Theaterleben. "
1068 2424 3008 2656 Meier erzählte noch von einigen Mitglie —
671 2632 2986 2776 dern des Kreises. Dann sagte er ziemlich unvermit
662 2776 3074 2962 telt: "Und werden Sie gegebenenfalls auch gestatten,
665 2941 3011 3092 dass an unserm Vortragsabende etwas von Ihnen gele
665 3119 1146 3245 sen wird?"
1110 3176 2995 3404 "Was brauchens denn micht" erwiderte Sax
629 3411 2809 3573 berger. „Sie haben ja eine so retche Auswahl.“
