3304 4056
1191 725 3062 995 „Es muss ja jeder Mensch seinen Beruf ha
766 900 3009 1105 ben. Es ist nicht so arg. Nur die Avancementsver¬
757 1117 3059 1283 hältnisse könnten besser sein, das ist schon wahr
737 1283 2985 1411 Aber jetzt gehts mir recht gut, oh ja, ich kann
754 1384 3104 1610 nicht klagen. Der alte Herr nichte gutmütig. Früh
766 1535 3053 1740 er, setzte er fort, " ja fretlich, da wars nicht
766 1717 3098 1865 so wie jetzt. Sie bringen mich erst darauf. Es ist
763 1818 2545 2034 schon wahr, eine Zeit hat gegeben —
2709 1886 3047 2067 er läckt
757 2034 3000 2189 elte - "da bin ich nicht gerne ins Acht gegangen.
1158 2165 2952 2340 “Nicht wahr.“ rief der junge Mann ange¬
695 2233 950 2340 G.C.F.P.P
745 2311 1550 2507 nehm berührt aus.
1176 2477 3038 2670 "Früher, wie ich ein "Dichter" war, frei
677 2474 790 2646 V:S:
734 2634 3118 2851 lich, freilich, da bin ich sogar manchmal ganz ohne
731 2762 2118 2961 Entschuldigung ausgeblieben.
1138 2937 3068 3127 "Oh das versteh ich so gut!...." rief Wol.
734 3062 3038 3276 gang Meter. Die Wanderungen konnten nicht geschri
734 3243 3026 3421 ben sein, während Sie in Ihrem Amt sassen Tag für
748 3395 3053 3600 Tag. Diesen stolzen Versen hört man es ja an, das
769 3573 3127 3739 sie einer schuf. der die Fesseln der Alltäglichheit
