3352 4088
2905 398 3039 614 87
1220 603 3004 860 Nein, nein, so ging es nicht. Des mit
837 828 2050 1071 dem Kranze war lächerlich.
1208 866 3106 1155 Und er fragte sich: nun, was hat die Ju
845 1082 2972 1372 gend gemacht?.... die Jugend.... sie kam, sie
857 1220 3182 1495 beugte ihr Knte.... da tst der alte Mann erwacht..
854 1366 3086 1638 aus dem Traume ist er erwacht.... ich habe getr
875 1603 2943 1799 träumt.... ich habe mein Leben geträunt......
878 1720 3159 1919 ja, das war gut, von da aus musste es weiter ge-
875 1863 3121 2097 führt werden: dass er sein Leben eigentlich ge-
889 2039 3039 2235 träumt hätte. Aber wie nun weiter?.... Immmer
883 2203 3130 2375 wieder dieselben Worte.... geträmtes Leben, je
901 2314 3179 2533 träumtes Leben.... und davon konnte er nicht weg.
889 2439 3241 2720 Es war als hielte ihn jemand auf diesenpaar Silber
913 2577 3226 2864 fest, wie man einen auf einen Sessel niederdrückt
898 2790 3188 3016 Er rieb sich die Stim, er fing wieder an im Zim
910 2890 3177 3162 mer hin und her zu gehen, dass var besser. Aller
927 3057 3141 3314 dings fiel ihm nichts witter ein. Aber seine Un
936 3282 3001 3522 ruhe wurde durch die Bewegung beschwichtigt.
924 3355 3124 3659 Bewegung! Ja... auf die Strasse - in die Luft
