3352 4120
2797 645 2966 787 132
1578 1495 3167 1705 Als Eduard Saxberger am folgenden
707 1717 2972 1862 Nachmittag zu Hause sass, meldete ihm seine Haus
719 1862 3070 2031 hälterin den Besuch einer Dame. Gleich darauf trat
716 2028 2892 2190 Fräulein Ludwiga Gasteiner ins Zimmer. Sie tat
737 2131 3111 2344 ganz unbefangen ein, mit einem heitern Lächeln, als
716 2335 2939 2498 wäre sie erwartet worden und streckte dem alten
710 2463 3075 2658 Herrn, der kaum Zett hatte sich von seinem Staunen
710 2587 2898 2771 zu erholen, ihre Hand entgegen. Sie trug einen
719 2768 2981 2936 kleinen Hut, eine gelbe Frühjahrsjacke und hatte
725 2898 2924 3117 ihre dunkle Boa um den Hals geschlungen. In der
707 3078 2895 3226 Linken hielt sie einen Roten Schirm und einen
707 3283 977 3428 Buch.
1140 3368 3120 3608 "Ich hoffe Sie nicht zu stören", sagte sie
