3320 4072
716 722 3054 1040 staben der Titel zu lesen stand. Aber das Bändchen
719 980 2956 1160 das er in der Hand hielt war eigentlich blau und
722 1139 3003 1313 die Buchstaben waren klein. Und nun fiel ihm auch
734 1274 3063 1472 ein: er hatte die Bücher unzähligemale gesehen, ja
728 1451 3087 1649 er erkannte sie wieder.... er hatte nur nicht mehr
731 1577 3135 1801 die Empfindung gehabt: das sind die Wanderungen, die
737 1751 2374 1966 Ich selbst, ich seihst geschrieben!
1139 1894 3090 2098 Und er setzte sich zum Schreibttsch, stell
752 2053 3015 2251 te die Lampe zurecht und schlug das eine Exemplar
737 2215 2971 2419 auf. Wie lange er da nicht hineingeblickt hattet
728 2350 3108 2509 Die Ränder waren vergelbt, der Druck schien ihm ver-
749 2509 3012 2695 altet. Und nun begann er zu lesen. Die ersten Ver¬
752 2611 3024 2815 se waren ihm fremd. Aber wie er nur ein wenig vor
758 2770 3126 2983 ter las, wurde sein Gedächtnis lebendig. Es war, als
755 2950 3003 3108 kämen bekannte Klänge näher und immer nääher. Und
755 3087 3111 3276 bald war ihm kein Wort mehr fremd. Er fing an halb
809 3243 977 3339 lant
752 3228 3051 3411 leter zu deklamteren, und nichte mit dem Kopfe da
764 3393 3171 3585 zu, wie man es zu tun pflegt, wenn man gut Behanntes
848 3552 1870 3825 Weder zu hören bekommt.
