3320 4072
2759 494 2884 711 15
1039 902 1182 1057 G.C.F.P.
979 1036 1220 1241 G.H.F.P.
1259 1167 2872 1387 Am nächsten Tage erhielt Herr Sax
661 1363 3045 1542 berger durch die Post ein dünnes Bändchen zugesandt
652 1521 2970 1717 auf dessen Titelblatt zu lesen stadt. Gedichte von
652 1714 3045 1851 Wolfgang Meter. Auf dem ersten innern Blatt war mit
649 1818 2952 2012 Tinte geschrieben: Dem Dichter der Wanderungen in
658 2000 2860 2146 inniger Dankbarheit der Autor. Das ist eine hüb
649 2119 2955 2307 sche Aufmerksamkeit, dachte der alte Herr und legte
652 2280 2914 2441 das Büchlein auf seinen Schreibttsdh mit dem Ent
646 2432 2973 2628 schlüsse es abends zu lesen. Gedichtel Wer ihm das
628 2583 2961 2759 prophezetht hättel Seit vielen Jahren hatte er nur
628 2735 2926 2935 mehr die Zeitung und vor dem Schlafengehen irgend
631 2875 2342 3077 einen "unterhaltenden" Roman gelesen.
1021 3039 2839 3202 Als er heute nach dem Mittagessen nach
616 3191 2774 3449 Hause kam und sich auf den Divan legte, begann
646 3357 2946 3622 er sich in die Gedichte Wolfgang Meters zu vertie
