3336 4104
2815 566 2998 707 185
1245 696 2770 921 Fräulein Gasteiner trat eben ein
888 885 2998 1102 und sah, wie sich fast alle zugleich über das
873 1057 3133 1209 Blatt beugten, einige sitzend, einer über den xxx
868 1209 3136 1448 Kopf des andern hinübersehend. "Was habt Ihr den
888 1406 1099 1507 da?"
1245 1434 3091 1710 Sie setzte sich nieder und las mit. Wie
888 1651 2984 1826 ste zu ende war, sagte sie nichts weiter als:
899 1814 2829 2026 "Das habt Ihr Herrn Linsmann zuverdanken."
1305 1955 2617 2167 „Wiel“ sagte dieser drohend.
1271 2102 3122 2313 "Gewiss" - erwiderte Fräulein Gasteiner.
899 2254 1668 2432 "Ihrer Rede!- "
1259 2403 2978 2623 Linemann sprang auf, wollte etwas er
893 2550 2939 2770 widern. Man hielt ihn auf den Sessel nieder.
871 2705 3091 2927 Er schüttelte berächtlich den Kopf und murmelte
890 2857 2815 3068 nur etwas sehr böses zwischen den Zähnen.
1381 3015 3136 3220 "Warum sagen Sie, Ihr habt das zu ver¬
893 3150 3119 3381 danken!" sagte Staufner. Sie sind wohl auch ein
893 3305 2147 3508 bisschen dabei beteiligt!"
1333 3463 3156 3632 "Von mir ist gar keine Rede", erwiderte
