3368 4136
2795 649 2961 774 166
806 765 3050 922 dem Vortrag und von dem Eindruck verlieren kon-
818 904 3088 1076 ten, den die Rede auf das Publikum machen musste.
1203 1061 3044 1215 Der kleine Winder stand an der Eingangs
800 1245 3085 1455 türe und winkte mit den Augen einer sehr jugend -
797 1369 3053 1583 lichen Gesellschaft zu, lauter Kollegen vom Gymna
800 1553 3109 1680 stum her, bet denen er für die "Begeisterung" Pro
791 1663 2824 1823 paganda gemacht hatte. Und Linsmann begann:
1224 1846 3139 2021 “Hochverehrte Damen, hoch verehrte Herren!
777 2012 2913 2187 Seit Jahren tobt der Kampf der Getster in den
788 2143 2534 2353 blühenden Fluren deutscher Kunst...."
1186 2309 2934 2504 Es war fast vollkommen still im Saal.
774 2478 3115 2661 Während des Vortrags erschienen noch ein paar jun
785 2635 3038 2816 ge Menschen, die aber, um keine Störung zu ver -
774 2768 2937 2940 ursachen an den Türen stehen blieben. Linsmann
779 2887 2943 3082 sprach mit volltönender Stimme und die grossen
818 3032 3041 3269 Worte von dem Banner des Ideals, von der echten
768 3177 3085 3370 und keuschen Kunst, von dem ehrlichen undbeschei-
774 3388 3156 3530 denen Streben klangen in manchen Momenten so frisch
768 3539 2958 3648 und rein, als kämen sie aus der Brust des Red -
