3336 4104
2866 493 3015 683 89
791 590 2963 832 rer zugerufen. Er atmete auf, als wäre nun mit
803 797 2583 972 einemmal ein Band von ihm genommen....
788 949 3126 1121 Ja, was fiel ihm denn nur ein, gerade heute, wo er
814 1103 3103 1258 gar nicht in der Laune, wo er milde und abgespannt
806 1252 3100 1404 war, mit der Abfassung seines Gedichtes sich abzu¬
808 1424 3149 1602 plagen. Er nahm sich fest vor heute gar nicht mehr
814 1550 3038 1716 daran zun denken. — Der ganze Tag sollte nur der
803 1719 3053 1894 Erholung gewidmet sein. Nun war ihm wieder wohl.
803 1853 3146 2040 Er zweifelte auch gar nicht daran, dass ihm morgen
814 2014 3044 2166 oder übermorgen mit Leichtigkeit gelingen werde,
808 2180 3155 2332 wonach er heute mit so viel Mühe und so vergeblich
814 2335 3106 2513 gerungen. Er beschloss heute nicht zu seinen jun
814 2475 3103 2641 gen Freunden zu gehen. Er fürchtete den Dunst und
814 2618 3059 2814 den Lärm. Und noch etwas anderes hielt ihn davon
806 2782 2980 2974 zurück, etwas was ihm schon die vorhergehenden
817 2922 3141 3138 Tage ab und zu in den Sinn gekommen war: er wollte
806 3085 1973 3298 sich etwas rarer machen.
1159 3272 3158 3441 Er beschloss ein Stündhen in einem kleinen
736 3278 969 3397 G.H.F.P.
791 3421 3141 3575 Kaffeehaus, nahe seiner Wohnung zu verbringen, das
