3320 4104
2657 563 2842 687 183
734 720 2959 877 unterbrach sich sofort: "vielleicht steht da was
740 877 2971 1048 drin". er nahm es in dte Hand. Sofort hatte sein
717 1037 2971 1222 Blick eine Nottz entdeckt. "Da steht was", sagte
726 1199 883 1303 er.
1093 1348 2934 1485 Und Saxberger fühlte in diesem Augenbli
743 1485 1987 1645 cke ein leises Herzklopfen.
1113 1611 2923 1810 "Ah!!" rief Staufner aus, während sich
726 1780 1973 1976 sein Gesicht verdüsterte...
1115 1928 2746 2147 "Nun...was gibts.... lies! lies....
709 2085 1160 2284 hört!....
1174 2214 3094 2399 Er las: Ein literartscher Verein, der den
729 2351 2817 2559 vielversprechenden Namen "Begeisterung" trägt
709 2545 2934 2727 hat vorgestern einen Vortragsabend veranstaltet.
706 2688 2954 2889 Einige junge Herren — wir müssen übrigens konsta
726 2822 2943 3038 tieren, dass einige dieser jungen Herren bereits
712 3015 2867 3192 ztemlich angejahrt waren - haben das dringende
706 3158 2957 3352 Bedürfnis empfunden, ihre mehr oder minder gelun
717 3282 2859 3455 genen Produkte einigen gutmütigen Freunden vor
703 3447 2909 3601 zulesen, oder durch einige in weitesten Kreisen
