3368 4168
2734 621 2904 776 111
740 734 3040 949 Weg zuweilen nicht allein gegangen war. Er wusste
737 906 2992 1009 nicht mehr mit wem. Er konnte sich an keine be -
752 1003 2901 1191 stimnte Person erinnern, und das gab seiner Er
749 1167 2186 1379 innerung eine besondere Wehmut.
1143 1352 3059 1546 Er schritt langsam den gelinde abstetgen
734 1491 3083 1658 den, breiten Weg hinab, der gleich neben der Breil¬
740 1670 2989 1794 cke beginnt um dann gleichmässig und eben weiter
737 1822 3128 2004 zu verlaufen. Die nahen Berge, die ihm gerade gegen
731 1988 2904 2113 über au fragten, lagen schon in verschwo mmenen
731 2131 2898 2273 Umrissen da und der dämmrige HimmelXXXK senkte
731 2261 3025 2410 sich tief auf sie herab. Auf dem Flusse trieb ein
721 2452 2952 2631 langes Schiff stronaufwärts uon Pferden gezogen,
724 2616 2919 2743 die ihren schweren, müden Trab auf der Böschung
721 2728 2934 2916 gingen. Auf der andern Sette des Kanals standen
718 2862 3152 3016 die hohen weissen, und gelben Häuser der Brigittenau
718 3056 3013 3168 die immer trostloser und kahler wurden, je wetter
721 3152 3113 3331 gegen die Grenze der Stadt zu sie rückten¬. Viele
709 3340 2898 3504 hohe Fabriksschlote rugten darüber in die Luft.
694 3513 3062 3653 Auf dem diesseitigen U fer war die Aussicht völlig
