3384 4136
2751 589 2834 698 2
583 721 3225 889 te Manuskripte. So spät wird er erst erkannt. Jetzt aber
579 856 3202 1040 wird sich die Jugend um ihn scharen, spät kommt der Ruhm
576 1083 1205 1191 aber er kommt
576 1159 3021 1320 Am nächsten Tag erscheinen zwei Herren und biten ihn
625 1290 2992 1458 der Vorlesung, vom Verein Ideal veranstaltet, beizu
583 1402 3035 1600 wohnen. eventuelf selbst was zu dichten. Was Nedes?
599 1544 3035 1744 Ja. Sie nehmen ihn ins Kaffehaus mit, ein niederes
599 1682 3038 1906 Lokal, ein Tisch wo noch drei andre sind, man stellt
609 1827 3216 2024 die Herren vor, er wird nach sei her Biographie gefr agt.
615 1962 3011 2172 Es wird eine Zeitung gegründet, er soll in die erse
615 2100 3008 2314 Nummer hineinschreiben. Was weues? Ja. In vierzehn
625 2231 3117 2459 Tagen Vortragsabend. Ob er nicht selbst etwas aus sei
629 2393 2837 2600 nen werken lesen könnte? Nun ja, er wird s tun.
648 2465 3163 2748 In der Zeitung steht am nächsten Tag.: In der und der
648 2613 3193 2870 Vorlesung wird der greise Dichter ###. ungedruckte Werke
658 2775 2992 3011 vorlesen. Ihn schwindelt. Es kommt der grosse Tag.
668 2909 3189 3163 Aber er wird immer wieder verschoben. Endlich kommts
681 3015 3071 3298 zu S tande. Ein kleiner Saal in der Vorstadt ist ge
727 3120 3258 3433 mietet worden. Er hat die jngen Herren um ihre Schrif
704 3252 3265 3568 ten gebennte n. Er hat noch ein Bändehen Gedicht erhalt
757 3426 3186 3673 ten. Auch ein Schauspiele wirkt mit, von dem man
405 3798 566 4012 re-
