3352 4120
2739 587 2920 783 148
672 809 934 1007 ein."
1092 896 2774 1104 „Aber regen Sie sich doch nicht auf!
663 1110 2999 1288 Is schon gemacht. Ich komm nicht! gar hetne Idee!!
660 1264 2888 1457 Ich bin so froh, wenn ich mir den Stiefel nicht
675 1422 2902 1612 anhören muss! Und gar, wenn solche alte Schach
683 1556 2978 1729 teln zum Deklamieren aufgnommen werden." Und wie
686 1717 2041 1892 der schielte er nach der Tür.
1042 1845 2900 2035 Saxberger schwieg. Er verachtete diesen
680 2021 2900 2225 Menschen. Ja - das war einer von denen, mit de
683 2152 2917 2368 nen er bisher gelebt und "geistig" verkehrt hat
701 2333 2841 2494 te. Freilich war das einer der ungebildetsten.
689 2456 2929 2657 Aber sie waren ja doch alle vom gleichen Schlag.
689 2634 2996 2792 Alte Philister! Wie jung war doch er - "der grei
701 2765 2993 2946 se Dichter" - gegen alle diese.... und er begriff
701 2923 2829 3121 so ganz, dass er unter diesen Mens chen hatte
701 3078 2862 3294 verkommen miissen. Und damit schwand sein Zorn.
689 3238 2961 3402 Er fühlte sich vor sich selber entschuldigt. Die
698 3411 3040 3618 Grossinger hatten die Luft um ihn dich und dump
