3336 4104
2777 526 2977 764 105
1076 720 2885 958 Während ste biesher ziemlich leise ge¬
732 886 3122 1106 sprochen, hatte sie nun ihre Stimme erhoben, so das,
717 1085 2679 1240 die zunächst Sitzenden sie hören konnten.
1124 1219 2843 1418 Auch heute wurde als die Mitternacht
726 1365 3021 1526 nahte Grünksprüche ausgebracht, hauptsächlich auf
726 1537 2986 1686 den kommenden Vortragsabend und auf die Kunst
732 1671 3021 1879 allgemeinen. Auf dem Nachhauseweg wurde Saxberger
737 1826 2513 2022 von der ganzen Gesellschaft beglettet.
1151 1969 3114 2138 "Passens auf", sagte Linsmann, "die Gastei
735 2120 2483 2320 ner hat mit dem Christian ein Gspusi.
2554 2126 3024 2293 G.H.F.P.
1097 2275 2986 2462 Saxberger sah' Linsmann an.“Was.... soll
737 2465 2120 2644 mich denn das interessieren.
1157 2572 3075 2772 “Ich hab nur gemeint, Sie wissens nicht.
720 2641 2299 2956 Das ist überhaupt eine feine.. "
1160 2885 2162 3090 „Wie meinen Sie dass“
1187 3042 3081 3241 "Oh die Wetber, die Weiber - - " er hielt
749 3191 2965 3387 eine Weile inne, dann setzte er in weinerlichem
743 3354 3033 3560 Ton dazu: "Hams denn eine Ahnung wie ich hineinge
752 3503 2849 3723 fallen bin? - - " er redete wetter hein Wert.
