3352 4152
2962 613 3134 800 120
1718 1351 3061 1566 Am Tage darauf, als Herr Sax
820 1577 3010 1752 berger ins Kafjehaus trat waren die Mitglieder
825 1744 2976 1899 der "Begeisterung" vollzähltg versammelt. Auch
808 1879 3013 2094 Fräulein Gasteiner war daund wie Herr Saxberger
814 2024 3078 2221 sich niedersetzte, gab sie ihm die Hand mit läch
828 2188 3098 2371 elnden Augen, die sie gleich wieder niederschlug,
831 2337 2996 2563 als wäre zwischen ihnen, etwas sehr süsses und
839 2555 2142 2727 geheimnissolles vorgefallen.
1235 2637 2996 2866 Auf dem Tische lagen einige bedruckte
822 2784 3072 3004 Blätter. Es war, das ferztge Programm für den Vor
848 2936 3004 3202 tragsabend. Saxberger nahm eines- er entdeckte
845 3126 2993 3349 seinen Namen und mit einem gelinden Schrecken
837 3245 2965 3496 las er: 3. Eduard Saxberger, Abendstimmungen.
837 3476 2097 3635 Fräuleth Ludwiga Gasteiner.
