3336 4088
719 663 3019 880 durch nichts haben drucken lassen, wir waren darü
728 874 3066 1038 ber verwundert und betrübt. Und es war ja auch nur
716 1063 3125 1262 ein Zufall, der uns — hier darf ich wohl sagen mich
707 1190 3153 1352 Ihr köstliches Buch gewissermassen neu hat entdecken
716 1345 1172 1550 lassen. “
1380 1423 1510 1593 be
1128 1491 3165 1736 Saxberger war von dem Worten, die er hörte
716 1690 3054 1848 sonderbar berührt. Redete dieser junge Mann wirk -
713 1848 3193 2052 lich von thut War es denn möglich, dass der junge thm
716 1944 3007 2195 ganz fremde Mensch, ihn und dieses vergessene Buch
716 2164 3156 2375 kanntel "Wiese sind Sie denn auf das Buch gekommen!"
719 2282 1187 2461 fragte er.
1141 2365 2942 2598 "Das war sehr einfach", erwiderte Herr
704 2570 3057 2796 Wolfgang Meter. "Wie ich einmal bei einem Antiquar
719 2725 3122 2923 Umschau hielt, ham mir unter andern Büchern auch Ihr
710 2868 3032 3063 kleines Bändchen in die Hand. Die ersten Gedichte
701 3022 3091 3208 die ich darain las wirkten gleich mit unbeschretblt
707 3171 3091 3416 cher Kraft auf mich. Ich nahm das Buch mit mir nach
691 3323 3178 3531 Hause und las es in einem Zug von Anfang zu Ende, was
763 3488 3187 3701 einem ja bet einer Gedichtensammlung nicht so leicht
