3368 4120
2813 615 2929 737 46
728 761 3085 957 mit schwarzem Vollbart und einer Glatze, der einen
731 954 3079 1122 schwarzen, verschlissenen Salonrock trug. Als die
734 1070 3109 1281 ser Herr, der den Namen Liesmann führte, dem Herrn
731 1226 3180 1425 Saxberger vorgestellt wurde, retchte er ihm die Hand
740 1382 3103 1605 drückte sie ihm ein paar Mal und nichte einigemale
755 1513 3143 1776 so ernstmit dem Kopf, als wollte er ihn seiner inni
755 1727 1914 1905 gen Teilnahme versichern.
1137 1828 3070 2049 Das Gespräch drehte sich um den Vortrags
758 1993 3122 2235 abend. Staufner, der wie neulich im Winterrock und
755 2171 3143 2321 mit dem Hut auf dem Kopf dasass, hatte einen Zettel
764 2315 2984 2510 vor sich liegen und machte eifrig Nottzen. Das
761 2483 3018 2684 Programm war betnahe festgestellt; ausser Blink,
767 2645 3021 2825 der nur Kritiker war and dem kleinen Winder, der
764 2785 3223 2966 alles schrieb, (der immer andächtig dasass) und um den
780 2950 3131 3125 sich keiner kümmerte, waren alle Anwesenden im Pro
780 3109 3091 3284 gramm vertreten. Der hahle Herr mit dem schwarzen
783 3247 3058 3455 Vollbart war dazu ausersehen den Abend mit etnem
780 3369 3091 3651 Vortrag zu eröffnen, der den Titel führen sollte:
