3352 4120
2785 531 2921 724 45
1485 1222 2891 1436 Dret Abende später kam ein se
628 1439 2981 1605 lebhaftes Verlangen über Saxberger wieder seine juni
637 1608 2972 1783 gen Freunde zu sehen, dass er seinen täglichen Spa
631 1762 2948 1910 ziergang im Freien abkürzte und bereits um sieben
631 1937 2782 2052 Uhr abends vor der Tür des Kaffeehauses stand.
1035 2103 2903 2200 Als er eintrat sah er an einem grösseen
637 2148 3063 2366 Tische seine Bekannten neben einigen Fremden sitzen.
631 2351 2900 2511 Meier kam ihm xxxat Schritte entgegen, schüttel te
652 2498 3051 2664 Ihm die Hand und die andern Herren erhoben sich von
2188 2655 2281 2734 er
649 2655 2996 2849 ihren Plützen. Diejentgen, welche nicht kannte wur
652 2818 2966 2990 den ihm vorgestellt. Der eine war Friedinger, ein
646 2975 2918 3144 ziemlich grosser und behäbiger junger Mensch mit
658 3165 2867 3289 einem kleinen Schnurbärtchen; der ahdse war der
646 3292 3060 3470 Schaspieler Belling mit einem höhmischen Zug um den
637 3425 2915 3609 Mund, der dritte ein bereits etwas reiferer Herr
