3336 4088
632 629 3033 892 passtert. Als ich dann wieder das Titelblatt besah
639 870 3008 1055 und die Jahressahl 1853 betrachtete, sagte ich mir:
629 1006 3023 1172 Den Mann hättest Du wohl kennen mögen — ich brachte
645 1148 3029 1351 das Buch noch am selben Abend in unsern kleinen
636 1336 1373 1505 Kreis mit.... "
1064 1465 2434 1650 "Was ist das für ein Kreis? "
660 1617 2915 1783 „Es ist ein Kreis junger Schriftsteller die sich
660 1715 3051 1947 settab von der grossen Heerstrasse halten. Wenn ich
657 1910 3011 2126 Ihnen die Namen derselben sagte würde Ihnen nicht
666 2048 3107 2280 viel geholfen sein. Man kennt diese Namen heute noch
657 2224 3066 2403 nicht. Wir sind einfach Künstler, nichts weiter als
676 2385 3113 2539 das, und unsre Zeit wird kommen. "Herr Meter sprach
679 2536 2400 2743 diese Worte ruhig aberentschieden aus.
1040 2687 3104 2872 Der alte Herr hörte aufmerksam zu und nickte
676 2835 3150 3017 mit dem Kopf. Es war so seltsam. Künstler, Küntler -
669 2996 3076 3184 wie nur das Wort klang! Wie miteinemmale verwerrne
673 3174 3033 3329 Bilder in ihm auftauchten von fernen Tagen und ver
688 3286 3091 3501 gessenen Menschen. Namen fielen ihm ein und Schick
697 3424 3091 3702 alle — und endlich sah er stóh selbst, wie man sich
