3352 4120
789 652 2072 891 tes Gentel“ Er weinte fast.
1217 840 2667 1032 "Gewiss", entgegnete Meter....
1193 987 3059 1160 Mitternacht war vorbei, als man endlich
801 1121 3080 1340 ans Aufbrechen dachte. Saxberger verspürte nicht
801 1295 3077 1489 die geringste Müdigkeit. Er hätte bis zum frühen
789 1444 3074 1645 Morgen das itzen können, den jungen Leuten zu hö
801 1591 3062 1785 ren und mit ihnen plaudern. Als er aufstand, var
807 1764 3125 1958 ihm trotz allen Abwehrens Fräulein Gastetrer beim
801 1923 3202 2090 Anziehen des Winterrooks behilflich, und wie er sein
807 2063 3172 2240 Halstuch aus der Tasche zog, liess siehs nicht
819 2225 2999 2422 nehmen ihm dasselbe eigenhändig um den Hals zu
828 2344 3208 2589 schlingen und es in sehr zierliche Falten zu legen.
1235 2503 1322 2589 ab
1241 2524 3142 2712 Wie die Gesellschaft auf die Strasse hin
828 2664 3226 2921 austrat, lag eine milde, blaue Nacht über der Stadt
819 2820 2996 3014 Alle empfanden diese kühle und weiche Luftmach
843 2978 3229 3157 dem schwillen, augenbrennenden Dunst des Wirtshauses
861 3157 951 3232 ev
852 3151 3032 3334 als eine Wohltat. Während man da drin gesessen,
846 3301 3041 3507 schien unversehens Frühlingswetter hereingebro
852 3468 2927 3708 chen., und Fräulein Gasteiner rief aus: "de
