3384 4136
2804 427 2934 606 30
713 593 2998 809 wisse Unterschiede der Bildung vergessen, die ja
741 729 3192 966 gewiss zwischen ihm und den meisten andern bestanden.
1138 876 2998 1122 Sie standen vor der Tür des alten Wiener
735 1027 2980 1285 Kaffeehauses. Saxberger kannte es. Er erinnerte
756 1187 3229 1408 sich, dass er es in früheren Jahren ab und zu besucht
750 1375 3195 1556 hatte. Meter öffnete die Tür und liess den alten Her
763 1498 3078 1710 ren zu erst eintreten. Der niedrige gewölbte Saal
769 1707 3084 1882 war noch ziemlich voll und die Luft war fast be-
769 1830 3161 2039 klemmend vor Dunst und Rauch. In einem grossen Saal
781 1996 3103 2171 der sich an den ersten anschloss wurde an einigen
781 2152 3020 2349 Brettern Billard gespielt. Am Eingang blieb Sax
793 2257 3176 2528 berger ebenen Augenblick stehen um seinen jungen Be
809 2448 3201 2672 gleiter wieder vorauszulassen. "Hier sind sie", sag
809 2614 3047 2798 te dieser und wies mit den Augen an einen Tisch,
815 2749 3115 2964 der nicht weit vom Eingang in einer Fensterntsohe
815 2921 2977 3112 stand und an welchem dret junge Männer sassen.
839 3032 3100 3247 „Guten Abend“, sagte Meter. — und indem er stch
827 3216 3118 3447 zu Saxberger wandte, steltte ervor: "Herr Winder,
821 3355 3223 3604 Herr Christian. Herr stud. Phil. Blink, Herr - " er
