3352 4104
2815 548 2940 712 72
626 626 2952 885 keit und Indolenz der Menge ruhig thren hohen und
637 873 2892 1028 schönen Idealen nachgestrebt. "Ein Vertreter die
631 1054 2836 1236 sen Edeln, meine Freunde, ist heute unter uns!
623 1221 2991 1364 Nie hat er sich hervorgedrängteinsam ist er in sei
634 1326 2895 1516 ner Klause gesessen, weltfern, die Welt verach -
637 1463 2842 1689 tend, die ihn nicht verstand. Nun aber sind die
623 1623 2803 1832 Leute gekommen, dte ihn verstehen und sie sind
637 1766 2946 1969 zu ihm gewallfahrtet haben ihn beschworen sich an
646 1921 2940 2121 Ihre Spitze zu stellen und haben ihm gesagt: trag
626 2109 2970 2294 Du die Fahne, keiner ist würdiger als Du. (bravo,
640 2261 2985 2452 bravo! ) Du hast der Nation ein Kunstwak geschenkt
634 2410 3023 2574 sie hat es nicht beachtet. Wir aber-wollen der Na-
640 2547 2803 2764 tion sagen wer Du bist, wir werden sie wingen
629 2717 2988 2892 uns zu hören! Zu der Fahne die Du hochhä1st, schwö-
629 2842 2830 3020 ren wir. Du bist unser Leher, unser Met ter Du.
617 3032 1999 3199 Lebe hoch, Eduard Saxberger!"
1037 3178 2874 3342 Die Gläser klangen zusammen. Saxberger,
631 3297 2794 3485 der stolz und verwirrt war und dem Tränen, der
617 3476 2982 3664 Rührung im Auge standen, stand auf, die entfernter
