3320 4056
2711 471 2905 700 203
774 635 1548 872 nichts davon! "
1240 788 2439 1011 “Sie Herr von Saxberger?"
1311 937 3027 1120 "Ich geb Ihnen mein Wort, gar nichts
850 1104 2899 1300 versteh ich. Wenn etwas sehr schön oder sehr
850 1294 3003 1472 schlecht ist, da werd ich Ihnen vielleicht den
850 1463 3003 1624 Unterschied sagen können, aber Ihnen sagen, ob
850 1662 1902 1796 Sie ein Talent haben?"
1335 1695 3150 1918 "Ja weß soll mirs denn sagen können, ###
861 1954 1640 2085 wenn nicht Stof"
1297 2022 3142 2224 "Freilich ists schwer -, besonders bei se
872 2234 3025 2379 jungen Leuten, wie bei Ihnen ist es schwer. So
869 2398 2946 2537 lang man jung ist, bringt man vielleicht man
877 2540 3063 2668 ches zusammen..... und dannn.... ja dann ist es
869 2706 2504 2831 halt vorüber, man weiss nicht wie.
1297 2869 3000 2976 "Aber das kann ich mir sehr gut vor -
888 3008 3000 3153 stellen, sagte Winder, "dass man später die
869 3150 3044 3292 Lust verltert, wenn man eben keine Ermunterung
891 3295 2262 3453 und keine Anerkennung findet.
1319 3431 2943 3649 “Glauben Stel....“ fragte Saxberger.
