3336 4152
2977 583 3138 724 136
847 686 3103 882 kann man ja den Titel auf dem Programm streichen
847 847 2177 1067 und was anderes hinsetzen. “
1219 987 3144 1204 "Hier wäre vielleicht ein Gedicht", sagte
832 1172 3179 1360 Saxberger, der immerfort blätterte. Sie sass neben
844 1327 3144 1515 ihm, rückte nun noch näher und blickte in die auf
844 1500 3091 1617 geschlageneSeite. Und sie begann zu laesen, zu -
838 1603 3076 1802 erst leise, dann lauter endlich mit voller Stim
829 1790 2016 1960 me und vollem Ausdruck.
1178 1957 3182 2089 Es war, als sei es ursprünglich gar nicht
847 2104 3035 2253 ihre Absicht gewesen wirklich vorzutragen., als
835 2230 2326 2376 rissen die Verse selbst sie hin.
1289 2359 3059 2558 Saxberger hörte mit Behagen zu. Diese
841 2546 3065 2710 Verse voriesen zu hören war ihm ein süsse noch
832 2687 3167 2848 nie gekosteter Reiz.... Er dachte kaum daran, dass
844 2860 2945 3021 es gerade Fräuleln Gasteiner war, die las - er
841 2997 3123 3205 wusste auch kaum, ob ihm die Verse gefielen, aber
838 3147 3053 3331 als Fräulein Gasteiner geendet hatte und es nun
829 3317 3179 3513 plötzlich still im Zimmer geworden war und sie nun
841 3454 3138 3662 einander ganz nahe sassen, da sah er wieder diese
