<?xml version="1.0" encoding="UTF-8" standalone="yes"?>
<PcGts xmlns="http://schema.primaresearch.org/PAGE/gts/pagecontent/2013-07-15" xmlns:xsi="http://www.w3.org/2001/XMLSchema-instance" xsi:schemaLocation="http://schema.primaresearch.org/PAGE/gts/pagecontent/2013-07-15 http://schema.primaresearch.org/PAGE/gts/pagecontent/2013-07-15/pagecontent.xsd">
    <Metadata>
        <Creator>prov=READ-COOP:name=TrHtr:version=2.1.0:model_id=51170:date=14_08_2023_22:17</Creator>
        <Created>2023-05-10T14:38:55.465+02:00</Created>
        <LastChange>2023-08-14T22:17:46.772+02:00</LastChange>
        <TranskribusMetadata docId="1428643" pageId="55423758" pageNr="184" tsid="132828090" status="IN_PROGRESS" userId="64420" imgUrl="https://files.transkribus.eu/Get?id=CNYYKKDPBHVLNAWYCILGZWXY&amp;fileType=view" xmlUrl="https://files.transkribus.eu/Get?id=MYQFWLFNNQQBVNBVESPNUABM" imageId="44697837"/>
    </Metadata>
    <Page imageFilename="1428643_0184.jpg" imageWidth="3352" imageHeight="4104">
        <ReadingOrder>
            <OrderedGroup id="ro_1711816019411" caption="Regions reading order">
                <RegionRefIndexed index="0" regionRef="tr_1"/>
                <RegionRefIndexed index="1" regionRef="tr_2"/>
            </OrderedGroup>
        </ReadingOrder>
        <TextRegion id="tr_1" custom="readingOrder {index:0;}">
            <Coords points="796,618 3184,618 3184,1923 796,1923"/>
            <TextLine id="tr_1_tl_1" custom="readingOrder {index:0;}">
                <Coords points="2801,688 2819,685 2840,700 2861,685 2881,683 2908,706 2923,697 2938,715 2956,709 2979,718 2985,602 2970,602 2929,573 2917,585 2876,588 2867,579 2843,594 2828,582 2804,582"/>
                <Baseline points="2817,674 2856,674 2901,674 2945,671 2990,668"/>
                <TextEquiv>
                    <Unicode>174</Unicode>
                </TextEquiv>
            </TextLine>
            <TextLine id="tr_1_tl_2" custom="readingOrder {index:1;}">
                <Coords points="783,887 2243,834 2427,893 2614,828 2914,908 2944,760 2350,712 783,792"/>
                <Baseline points="799,856 844,856 889,856 934,853 978,853 1023,853 1068,850 1113,850 1158,850 1202,850 1247,847 1292,847 1337,847 1381,847 1426,847 1471,847 1516,847 1561,847 1605,844 1650,844 1695,844 1740,841 1784,838 1829,838 1874,835 1919,835 1963,835 2008,832 2053,832 2098,832 2143,832 2187,832 2232,832 2277,832 2322,829 2366,829 2411,826 2456,826 2501,823 2545,826 2590,826 2635,823 2680,826 2725,826 2769,823 2814,823 2859,820 2904,820 2948,820"/>
                <TextEquiv>
                    <Unicode>ben der Türe, aüch jetzt noch, als Belling auf</Unicode>
                </TextEquiv>
            </TextLine>
            <TextLine id="tr_1_tl_3" custom="readingOrder {index:2;}">
                <Coords points="795,1039 2306,1089 2608,988 3068,1003 3071,893 798,950"/>
                <Baseline points="811,1011 841,1014 886,1011 931,1011 976,1011 1020,1011 1065,1008 1110,1008 1155,1008 1199,1008 1244,1005 1289,1005 1334,1005 1378,1002 1423,1005 1468,1002 1513,1002 1558,1002 1602,999 1647,996 1692,996 1737,996 1781,996 1826,993 1871,993 1916,993 1960,990 2005,993 2050,993 2095,993 2140,990 2184,990 2229,990 2274,987 2319,987 2363,987 2408,987 2453,987 2498,987 2542,987 2587,984 2632,981 2677,984 2722,981 2766,978 2811,978 2856,978 2901,978 2945,976 2990,976 3035,973 3080,978"/>
                <TextEquiv>
                    <Unicode>dem Pödtum erschienen war, um einige Gedichte von</Unicode>
                </TextEquiv>
            </TextLine>
            <TextLine id="tr_1_tl_4" custom="readingOrder {index:3;}">
                <Coords points="786,1243 2730,1202 3042,1151 3045,1068 789,1074"/>
                <Baseline points="805,1167 811,1167 856,1164 901,1164 946,1167 990,1164 1035,1164 1080,1164 1125,1161 1170,1161 1214,1161 1259,1161 1304,1161 1349,1158 1393,1155 1438,1155 1483,1155 1528,1155 1572,1155 1617,1152 1662,1152 1707,1149 1752,1149 1796,1149 1841,1149 1886,1149 1931,1146 1975,1146 2020,1143 2065,1143 2110,1143 2154,1140 2199,1140 2244,1140 2289,1140 2334,1143 2378,1140 2423,1140 2468,1140 2513,1137 2557,1137 2602,1137 2647,1134 2692,1134 2736,1131 2781,1131 2826,1131 2871,1131 2916,1128 2960,1128 3005,1125 3050,1128"/>
                <TextEquiv>
                    <Unicode>Geibel, Lenau und Goethe vorzutragen. Da schaute</Unicode>
                </TextEquiv>
            </TextLine>
            <TextLine id="tr_1_tl_5" custom="readingOrder {index:4;}">
                <Coords points="792,1398 3098,1338 3128,1196 795,1273"/>
                <Baseline points="808,1319 853,1319 898,1319 943,1319 987,1316 1032,1319 1077,1319 1122,1316 1167,1313 1211,1313 1256,1310 1301,1310 1346,1307 1390,1307 1435,1307 1480,1304 1525,1304 1569,1304 1614,1304 1659,1301 1704,1301 1749,1298 1793,1298 1838,1298 1883,1298 1928,1301 1972,1298 2017,1298 2062,1298 2107,1298 2151,1298 2196,1295 2241,1295 2286,1292 2331,1292 2375,1292 2420,1292 2465,1289 2510,1289 2554,1289 2599,1289 2644,1289 2689,1289 2734,1286 2778,1286 2823,1283 2868,1283 2913,1283 2957,1283 3002,1283 3047,1280 3092,1277 3136,1274"/>
                <TextEquiv>
                    <Unicode>er auf und er erblickte sich plötzlich in dem Spie</Unicode>
                </TextEquiv>
            </TextLine>
            <TextLine id="tr_1_tl_6" custom="readingOrder {index:5;}">
                <Coords points="795,1507 3057,1502 3175,1481 3175,1338 798,1421"/>
                <Baseline points="811,1480 856,1474 901,1474 946,1471 990,1468 1035,1468 1080,1465 1125,1465 1170,1465 1214,1465 1259,1462 1304,1462 1349,1462 1393,1459 1438,1459 1483,1456 1528,1453 1572,1453 1617,1450 1662,1453 1707,1453 1752,1450 1796,1450 1841,1450 1886,1447 1931,1447 1975,1447 2020,1447 2065,1447 2110,1444 2154,1444 2199,1441 2244,1441 2289,1441 2334,1441 2378,1441 2423,1441 2468,1441 2513,1438 2557,1438 2602,1438 2647,1438 2692,1438 2736,1435 2781,1435 2826,1435 2871,1435 2916,1432 2960,1432 3005,1429 3050,1426 3095,1426 3139,1423 3184,1423"/>
                <TextEquiv>
                    <Unicode>gel, der gerade der Türe gegenüber hing. Sein Blick</Unicode>
                </TextEquiv>
            </TextLine>
            <TextLine id="tr_1_tl_7" custom="readingOrder {index:6;}">
                <Coords points="795,1641 3151,1611 3175,1481 798,1558"/>
                <Baseline points="811,1620 856,1617 901,1617 946,1617 990,1614 1035,1614 1080,1614 1125,1614 1170,1611 1214,1611 1259,1608 1304,1608 1349,1608 1393,1608 1438,1602 1483,1605 1528,1605 1572,1605 1617,1602 1662,1602 1707,1599 1752,1596 1796,1596 1841,1596 1886,1596 1931,1596 1975,1593 2020,1593 2065,1593 2110,1593 2154,1590 2199,1590 2244,1590 2289,1587 2334,1587 2378,1587 2423,1584 2468,1584 2513,1587 2557,1590 2602,1584 2647,1584 2692,1584 2736,1581 2781,1581 2826,1578 2871,1578 2916,1578 2960,1575 3005,1575 3050,1575 3095,1572 3139,1572 3184,1575"/>
                <TextEquiv>
                    <Unicode>kam ihm fremd, beinahe unheimlich vor - es war merk</Unicode>
                </TextEquiv>
            </TextLine>
            <TextLine id="tr_1_tl_8" custom="readingOrder {index:7;}">
                <Coords points="792,1789 1421,1852 2920,1795 3113,1769 3116,1689 795,1709"/>
                <Baseline points="808,1766 838,1766 883,1766 928,1763 973,1766 1017,1766 1062,1763 1107,1763 1152,1763 1196,1763 1241,1758 1286,1758 1331,1755 1375,1755 1420,1755 1465,1752 1510,1752 1555,1752 1599,1752 1644,1749 1689,1746 1734,1746 1778,1743 1823,1746 1868,1746 1913,1743 1957,1743 2002,1743 2047,1743 2092,1743 2137,1743 2181,1740 2226,1740 2271,1737 2316,1740 2360,1737 2405,1737 2450,1734 2495,1734 2540,1731 2584,1731 2629,1731 2674,1731 2719,1728 2763,1728 2808,1725 2853,1725 2898,1725 2942,1725 2987,1725 3032,1725 3077,1725 3122,1725"/>
                <TextEquiv>
                    <Unicode>würdig, wie das Weinen seine Züge verändert hatte.</Unicode>
                </TextEquiv>
            </TextLine>
            <TextLine id="tr_1_tl_9" custom="readingOrder {index:8;}">
                <Coords points="780,1950 2920,1914 3077,1893 3080,1772 1804,1872 780,1834"/>
                <Baseline points="796,1913 799,1913 844,1913 889,1913 934,1913 978,1913 1023,1913 1068,1913 1113,1913 1158,1913 1202,1913 1247,1910 1292,1907 1337,1907 1381,1904 1426,1904 1471,1904 1516,1904 1561,1901 1605,1901 1650,1901 1695,1898 1740,1898 1784,1895 1829,1895 1874,1895 1919,1895 1963,1895 2008,1895 2053,1895 2098,1895 2143,1892 2187,1895 2232,1895 2277,1895 2322,1892 2366,1895 2411,1892 2456,1892 2501,1892 2545,1889 2590,1886 2635,1886 2680,1886 2725,1883 2769,1880 2814,1877 2859,1880 2904,1877 2948,1877 2993,1877 3038,1874 3083,1877"/>
                <TextEquiv>
                    <Unicode>Und da, um den Hals - ach ja, das war ja noch der</Unicode>
                </TextEquiv>
            </TextLine>
        </TextRegion>
        <TextRegion id="tr_2" custom="readingOrder {index:1;}">
            <Coords points="796,1976 3175,1976 3175,3609 796,3609"/>
            <TextLine id="tr_2_tl_1" custom="readingOrder {index:0;}">
                <Coords points="780,2080 1502,2160 2893,2089 3027,2048 3030,1950 1086,2021 783,1962"/>
                <Baseline points="796,2065 841,2068 886,2068 931,2068 976,2068 1020,2068 1065,2065 1110,2065 1155,2062 1199,2062 1244,2062 1289,2062 1334,2062 1378,2059 1423,2059 1468,2059 1513,2056 1558,2053 1602,2053 1647,2053 1692,2053 1737,2050 1781,2050 1826,2050 1871,2050 1916,2047 1960,2047 2005,2047 2050,2047 2095,2047 2140,2047 2184,2047 2229,2047 2274,2044 2319,2041 2363,2041 2408,2041 2453,2041 2498,2041 2542,2041 2587,2041 2632,2038 2677,2038 2722,2035 2766,2035 2811,2035 2856,2035 2901,2032 2945,2032 2990,2032 3035,2026"/>
                <TextEquiv>
                    <Unicode>Kranz, den ihm die Gasteiner umgehängt hatte. Er</Unicode>
                </TextEquiv>
            </TextLine>
            <TextLine id="tr_2_tl_2" custom="readingOrder {index:1;}">
                <Coords points="804,2255 1466,2208 1564,2273 2837,2270 2884,2128 804,2131"/>
                <Baseline points="820,2217 829,2217 874,2220 919,2223 964,2220 1008,2220 1053,2220 1098,2217 1143,2214 1187,2214 1232,2214 1277,2208 1322,2208 1367,2208 1411,2208 1456,2208 1501,2208 1546,2208 1590,2205 1635,2205 1680,2205 1725,2202 1769,2202 1814,2202 1859,2202 1904,2199 1949,2199 1993,2199 2038,2196 2083,2196 2128,2196 2172,2196 2217,2196 2262,2196 2307,2193 2351,2193 2396,2193 2441,2190 2486,2190 2531,2190 2575,2187 2620,2187 2665,2184 2710,2184 2754,2184 2799,2181 2844,2184 2889,2184"/>
                <TextEquiv>
                    <Unicode>entfernte ihn und legte ihn auf ein Fauteut1.</Unicode>
                </TextEquiv>
            </TextLine>
            <TextLine id="tr_2_tl_3" custom="readingOrder {index:2;}">
                <Coords points="1199,2371 1451,2442 2617,2350 2938,2392 3045,2353 3048,2220 2528,2297 1202,2285"/>
                <Baseline points="1214,2360 1220,2360 1265,2360 1310,2360 1355,2357 1399,2357 1444,2360 1489,2357 1534,2357 1578,2354 1623,2357 1668,2354 1713,2354 1758,2354 1802,2351 1847,2351 1892,2351 1937,2348 1981,2348 2026,2348 2071,2348 2116,2348 2160,2348 2205,2345 2250,2345 2295,2345 2340,2345 2384,2343 2429,2343 2474,2343 2519,2343 2563,2340 2608,2340 2653,2340 2698,2337 2742,2337 2787,2337 2832,2337 2877,2337 2922,2337 2966,2337 3011,2334 3056,2331"/>
                <TextEquiv>
                    <Unicode>Die andern blieben nahe bei der Tür, um</Unicode>
                </TextEquiv>
            </TextLine>
            <TextLine id="tr_2_tl_4" custom="readingOrder {index:3;}">
                <Coords points="786,2540 1573,2516 1736,2594 3036,2531 3119,2508 3122,2377 786,2445"/>
                <Baseline points="802,2525 844,2522 889,2525 934,2522 978,2525 1023,2522 1068,2522 1113,2522 1158,2519 1202,2519 1247,2516 1292,2516 1337,2513 1381,2513 1426,2513 1471,2513 1516,2513 1561,2513 1605,2510 1650,2510 1695,2510 1740,2510 1784,2507 1829,2504 1874,2504 1919,2504 1963,2504 2008,2501 2053,2501 2098,2501 2143,2501 2187,2501 2232,2501 2277,2498 2322,2498 2366,2498 2411,2495 2456,2495 2501,2495 2545,2495 2590,2495 2635,2495 2680,2492 2725,2492 2769,2492 2814,2492 2859,2492 2904,2489 2948,2489 2993,2489 3038,2489 3083,2489 3127,2489"/>
                <TextEquiv>
                    <Unicode>Bolling zu hören. Er setzte sich nun an den Tisch.</Unicode>
                </TextEquiv>
            </TextLine>
            <TextLine id="tr_2_tl_5" custom="readingOrder {index:4;}">
                <Coords points="795,2709 2795,2697 2852,2588 798,2611"/>
                <Baseline points="811,2677 844,2677 889,2674 934,2674 978,2677 1023,2674 1068,2674 1113,2671 1158,2671 1202,2671 1247,2668 1292,2668 1337,2665 1381,2665 1426,2665 1471,2665 1516,2665 1561,2662 1605,2662 1650,2659 1695,2659 1740,2659 1784,2659 1829,2659 1874,2656 1919,2656 1963,2653 2008,2653 2053,2650 2098,2650 2143,2650 2187,2650 2232,2650 2277,2647 2322,2647 2366,2647 2411,2644 2456,2644 2501,2644 2545,2644 2590,2644 2635,2641 2680,2644 2725,2644 2769,2644 2814,2644 2859,2644"/>
                <TextEquiv>
                    <Unicode>ihm gegenüber nahm Fräulein Gasteiner Platz.</Unicode>
                </TextEquiv>
            </TextLine>
            <TextLine id="tr_2_tl_6" custom="readingOrder {index:5;}">
                <Coords points="1184,2828 1424,2822 1599,2929 2285,2840 2635,2914 3083,2798 3083,2709 1187,2757"/>
                <Baseline points="1202,2817 1208,2817 1253,2811 1298,2811 1343,2811 1387,2811 1432,2811 1477,2811 1522,2811 1566,2811 1611,2808 1656,2808 1701,2808 1746,2808 1790,2805 1835,2805 1880,2805 1925,2802 1969,2802 2014,2802 2059,2802 2104,2799 2149,2799 2193,2796 2238,2796 2283,2793 2328,2793 2372,2796 2417,2802 2462,2799 2507,2796 2551,2793 2596,2790 2641,2790 2686,2787 2731,2787 2775,2787 2820,2787 2865,2787 2910,2787 2954,2787 2999,2784 3044,2781 3089,2775"/>
                <TextEquiv>
                    <Unicode>"Nun, waren Sie zufrieden?" flüsterte sie</Unicode>
                </TextEquiv>
            </TextLine>
            <TextLine id="tr_2_tl_7" custom="readingOrder {index:6;}">
                <Coords points="804,3062 967,3068 1018,3098 1243,3048 1347,3074 1410,3057 1413,2902 1312,2911 1282,2938 1196,2896 1140,2923 1024,2914 994,2941 902,2914 807,2929"/>
                <Baseline points="823,2981 838,2984 883,2981 928,2981 973,2981 1017,2978 1062,2978 1107,2978 1152,2978 1196,2975 1241,2975 1286,2972 1331,2972 1375,2972 1420,2972"/>
                <TextEquiv>
                    <Unicode>ihm innig zu.</Unicode>
                </TextEquiv>
            </TextLine>
            <TextLine id="tr_2_tl_8" custom="readingOrder {index:7;}">
                <Coords points="1163,3128 2166,3202 2754,3131 2911,3187 3092,3113 3068,3021 2312,3057 2190,2991 2045,3059 1166,3065"/>
                <Baseline points="1181,3122 1220,3122 1265,3122 1310,3119 1355,3119 1399,3119 1444,3119 1489,3119 1534,3119 1578,3119 1623,3119 1668,3116 1713,3116 1758,3116 1802,3116 1847,3116 1892,3116 1937,3116 1981,3113 2026,3113 2071,3113 2116,3110 2160,3110 2205,3110 2250,3110 2295,3110 2340,3107 2384,3107 2429,3107 2474,3107 2519,3107 2563,3107 2608,3104 2653,3107 2698,3104 2742,3104 2787,3104 2832,3101 2877,3098 2922,3098 2966,3101 3011,3098 3056,3098 3101,3101"/>
                <TextEquiv>
                    <Unicode>Er ntokke nur. Dann fiel ihm ein, dass er</Unicode>
                </TextEquiv>
            </TextLine>
            <TextLine id="tr_2_tl_9" custom="readingOrder {index:8;}">
                <Coords points="813,3294 2638,3306 2982,3261 3015,3169 816,3208"/>
                <Baseline points="829,3283 871,3283 916,3283 961,3283 1005,3286 1050,3283 1095,3280 1140,3280 1184,3280 1229,3280 1274,3280 1319,3277 1364,3274 1408,3277 1453,3274 1498,3277 1543,3274 1587,3271 1632,3271 1677,3271 1722,3268 1766,3268 1811,3268 1856,3265 1901,3265 1946,3265 1990,3265 2035,3262 2080,3262 2125,3262 2169,3259 2214,3259 2259,3256 2304,3256 2348,3256 2393,3256 2438,3256 2483,3256 2528,3256 2572,3256 2617,3256 2662,3256 2707,3253 2751,3253 2796,3250 2841,3250 2886,3247 2931,3247 2975,3247 3020,3247"/>
                <TextEquiv>
                    <Unicode>ihr ja doch danken musste. Er streckte ihr über</Unicode>
                </TextEquiv>
            </TextLine>
            <TextLine id="tr_2_tl_10" custom="readingOrder {index:9;}">
                <Coords points="810,3487 2582,3502 2778,3419 3166,3448 3169,3341 813,3356"/>
                <Baseline points="826,3438 847,3438 892,3438 937,3441 981,3441 1026,3438 1071,3438 1116,3435 1161,3435 1205,3435 1250,3435 1295,3432 1340,3432 1384,3432 1429,3429 1474,3429 1519,3429 1563,3429 1608,3426 1653,3429 1698,3426 1743,3423 1787,3423 1832,3423 1877,3423 1922,3423 1966,3423 2011,3423 2056,3420 2101,3420 2146,3420 2190,3420 2235,3417 2280,3417 2325,3420 2369,3423 2414,3423 2459,3417 2504,3414 2548,3414 2593,3414 2638,3411 2683,3411 2728,3411 2772,3411 2817,3408 2862,3408 2907,3408 2951,3408 2996,3408 3041,3405 3086,3405 3130,3405 3175,3402"/>
                <TextEquiv>
                    <Unicode>den Tisch die Hand hin und sagte: “Ich danke Ihnen!</Unicode>
                </TextEquiv>
            </TextLine>
            <TextLine id="tr_2_tl_11" custom="readingOrder {index:10;}">
                <Coords points="1232,3683 3012,3629 3101,3608 3104,3499 1234,3537"/>
                <Baseline points="1247,3599 1274,3590 1319,3590 1364,3590 1408,3593 1453,3593 1498,3593 1543,3590 1587,3593 1632,3593 1677,3593 1722,3593 1766,3590 1811,3590 1856,3587 1901,3587 1946,3590 1990,3587 2035,3587 2080,3587 2125,3587 2169,3587 2214,3584 2259,3584 2304,3581 2348,3584 2393,3581 2438,3581 2483,3581 2528,3581 2572,3578 2617,3578 2662,3581 2707,3584 2751,3584 2796,3581 2841,3578 2886,3575 2931,3575 2975,3572 3020,3572 3065,3572 3110,3575"/>
                <TextEquiv>
                    <Unicode>"Warum sind Sie denn so traurig?" fragte</Unicode>
                </TextEquiv>
            </TextLine>
        </TextRegion>
    </Page>
</PcGts>
