3368 4136
2800 559 2971 733 173
739 695 3012 896 jungen Freunde umringten und ihm dte Hand drück
745 860 3030 1041 ten und, ihn beglückwünschten, und das Fräulein Gas
745 1014 2930 1218 tetner ihm thren Lorbeerkranz um den Hals hing,
754 1177 2992 1354 dachte er bei sich: Warum armer Teufelt was soll
763 1330 2998 1508 das bedeuten? weil ich alt bin? Sehe ich so klug
754 1475 3048 1635 lich aus? oder hab ich mich nur beim Verbeugen so
757 1644 2998 1800 lächerlich benommen? Und wie er die Worte "armer
775 1780 3045 1939 Teufel" immer wieder in seinen Ohren klingen hör
775 1919 2986 2137 te, nahmen sie einen immer traurigern, mitleids
777 2090 3154 2273 vollern Ausdruck an...... Tränen rannen ihm über die
783 2253 2992 2403 Wangen, aber er wusste es: es war nicht Rührung
783 2389 2983 2590 über seinen Erfolg - neih, es war ein quälender
786 2548 3051 2696 Schmerz, der Zorn über die unbegreiflichen Worte
804 2702 3116 2841 irgend eines Unbewannten, den er nie finden würde.
1197 2865 2974 3045 Aber die jungen Leute um ihn glaubten
807 2974 3116 3175 ganz gut zu begreifen, warum der alte Herr weinte.
795 3140 3154 3338 Und Friedinger sagte zu Blink: "Es ist ihm wohl zu
807 3338 1351 3485 vergönnen!"
1227 3459 3181 3686 Und noch immer stand Saxberger wortlos ne
