3352 4152
2735 559 2903 689 127
1413 603 1638 775 Oser:
650 704 2918 952 len, oder einfacher: er hatte die Stimmung nicht
665 866 3001 1064 gefunden! Ja varum hatte er denn das nicht gesagt?
656 999 2974 1197 Kein Mensch häte ihm das übel nehmen können; alle
665 1171 3007 1386 hätten es begriffen - mehr als das: ste wären viel
671 1339 2930 1537 leicht sogar angenehm berührt gewesen. Was hatte
689 1493 2933 1673 ihn nur veranlasst eine Unwahrheit zu sagen, und
683 1641 2977 1789 nochdazu eine, die viel unvorteilhafter klang als
689 1753 3063 1951 die Wahrheit! Er kränkte sich beinahe. Er hatte die
680 1948 2894 2128 Empfindung, als wenn seine Stellung erschüttert
689 2087 2986 2282 wäre. Es nagte an ihm die ganze Zeit, während die
698 2259 2959 2421 jungen Leute längst nicht mehr daran dachten und
704 2409 2865 2563 die übrigen Programmnummern durchsprachen.Auch
712 2560 2900 2714 die feuchten Bliche mit denen Ludwiga Gasteiner
707 2746 2909 2871 nun ab und zu sekundenlang an ihm hing brachten
710 2900 2152 3054 ihn nicht aus seiner Misslaune.
1117 3030 2959 3193 Und wie dann eine Pause in der Unterhal
718 3166 2968 3332 tung entstand, begann er plötzlich zu reden ohne
721 3332 3060 3482 es sich früher eigentlich vorgenoemen zu haben und
715 3471 2939 3689 sagte als wäre die ganze Zeit von nichts anderm
