3352 4120
2788 497 2940 733 25
1141 730 3070 932 "Darf ich fragen wie Sie die letzten Tage
766 899 1586 1132 verbracht haben?"
1205 999 2906 1232 "Danke sehr, mir ist es recht gut ge
778 1190 3133 1399 gangen. Na und was haben denn Sie gemacht? Ja rich
772 1371 3043 1532 tig! Ich muss Ihnen ja noch für die Gedichte dan
781 1465 3124 1686 ken, die Sie mir überschickt haben und für die lie
778 1686 3167 1859 benswürdigen Worte..... hat mich sehr gefreut, sehr
784 1829 3046 2013 gefreut— " Saxberger hielt inne und Meter sprach
781 1980 3097 2168 nichts in der Erwartung etwas über seine Gedichte
778 2125 3212 2304 zu hören. Aber auch Saxberger sagte vorläufig nichts
775 2262 3182 2470 Es tat ihm wohl, dass an seiner Seite ein junger Po
793 2449 3043 2601 et spazierte, der auf seine Anerkennung wartete.
1193 2598 3003 2767 So gingen beide wohl eine halbe Minute
781 2616 872 2791 5
796 2746 3061 2915 schwetgend einher, bis endlich Meter begann.“ Und
802 2909 2964 3073 darf ich fragen ob methe bescheidenen Verse so
799 3037 3158 3233 glücklich waren Ihren Beifall zu finden!" Und sein
787 3182 2716 3376 Blick hing andächtig an Saxbergers Augen.
1202 3336 3203 3527 Dieser blieb stehen und nichte mit dem Kop
805 3482 972 3775 se.
