3336 4088
2964 639 3081 747 86
834 785 3130 979 wunderung, dass ihm so im stillen Dasitzen nichts
849 950 3086 1099 einfallen wollte. Er stand auf,er ging im Zimer
828 1064 3101 1238 hin und her, er murmelte vor sich hin. Er wollte
840 1276 3179 1421 nach den einzelnen Worten haschen, die nicht still
834 1424 3069 1590 hielten, die plötzlich wieder, kaum aufgetaucht
1049 1508 1142 1622 in
840 1578 3136 1750 wie Nebel zu verschwinden schtenen. Er musste
843 1744 3043 1918 sie laut vor sich hin sagen, um sie nicht immer
843 1834 3086 2043 wieder zu verlieren.... Ein alter Mann.... ver -
840 2014 2944 2206 gessen..... vergessen.... im Traum gelegen....
846 2154 3133 2392 geräumt..... nun bin ich erwicht.... vergessen.....
849 2342 1401 2464 geträumt....
1229 2450 3081 2665 Er kam nicht vorwärts. Es war, als wenn
840 2549 3031 2773 die Gedanken stch stauten, er wusste mit einem
837 2796 3147 2970 male gar nicht vorüber er nachdachte. Er trat zum
840 2930 3089 3092 Fenster, schaute ins Wette, in den grauen Himmel
843 3078 3142 3290 Und er begann wieder. Vergessen.... da tst dte Ju
840 3238 3031 3473 gend gekommen... da haben sie mir den Kranz ge
843 3421 1311 3554 bracht....
