3368 4168
2783 639 2962 770 112
738 738 3019 982 eingeengt. Der Weg führte an Holzplätzen hin und
738 938 3043 1165 dte Scheite und Balhen waren so hoch geschichtet.
759 1096 3004 1320 dass sie den Blick fast vollständig versperrten.
747 1221 3076 1436 Nur zwischen den einzelnen, eingeplankten Plätzen
767 1427 3073 1619 führten enge Pfade hinaus, die wieder in breitere
761 1622 1622 1768 Strassen mündeten.
1186 1687 3043 1893 Nur wenige Leute begegneten ihm. Einige
761 1908 3139 2069 Liebespaare - ein ppar Finanzwächter - Frauen, die
776 2025 3052 2228 Kinder an der Hand führten. Auf der Uferböschung
794 2165 2968 2389 sassen einige ärmlich gekleidete Menschen. Ein
785 2362 3186 2520 Paar fiel dem alten Herrn auf: sie, ein ganz junges
794 2514 3058 2682 Geschöpf in blauem Leinenkleidchen, ohne Hut mit
803 2619 3073 2849 einem Kopftuck, das herabgesunken war und dessen
803 2834 3016 2983 Enden um den Nacken hingen; er, ein sehr langer
806 2924 3016 3159 kränklich aussehender junger Mann, mit blassem,
824 3091 3046 3297 bartlosem Gesicht. Er sah die beiden von Wettem
818 3231 3037 3446 sich entgegen kommen, es war, als schwebten ste
821 3371 3142 3595 langsam aus dem Dunkel, hervor. Sie schwiegen, sah
