3400 4136
1375 708 1955 831 Später Ruhm.
535 799 3011 982 Er sitzt in seinem Dachstübchen ist ein alter Beamter
541 982 2792 1133 hat seinen Stammtisch hat seine Jgend vergessen.
586 1085 3024 1259 Etwas sonderbares geschieht. Ein Herr lässt sich mel¬
551 1236 2853 1410 den er freut sich den Dichter der Wanderöngen zu
564 1378 3146 1555 begrüssen. Ja Sie sind ein Dichter. Wir halten das Ba n
605 1517 3104 1700 ner der Ideale hoch wir kennen Ihr Werk wir lesen es
570 1655 3101 1852 uns gegenseitig vor wir verehren Sie, Wir? Eine Grup
638 1790 3059 2009 pe junger Leute fern von der Klique mit edelm Stre
586 1922 2937 2138 ben. Erweisen Sie uns die Ehre einmal einen Abend
628 2058 2946 2280 mit uns zu verbringen und nehmen Sie dies es Bänd
1365 2235 1719 2318 bestreidene
609 2254 2660 2421 chen Gedichte als Reichen unser Verehrung.
615 2334 3143 2563 Er bleibt erstaunt und gerührt zurück. Ja, er war ein
712 2470 3056 2698 Dichter. Er war es also doch. Nun nachdem er zwan
634 2573 3049 2843 zig Jahre und mehr nicht an den Dichterberuf gedacht
696 2724 3027 2991 jetzt erinnert er sich: er hat einen Band Gedichte
650 2824 3159 3133 herausgegeben, auch ein Epos auch zwei oder drei Trauer
705 2991 3046 3259 spiele hat er eingereicht und hier in diesem alten
663 3075 3252 3410 Kasten liegen ja noch Manuskripte, rückgesandte vergill-
