3368 4136
2977 406 3102 656 62
1205 552 3120 838 Alsdann Kinder, was gibts denn sonst neu
758 799 3114 987 es? Iessas da ist ja auch der kleine Winder" ( sie
755 939 3150 1124 hatte ihn längst gesehen) wie gehts Dir denn, klei
761 1101 3141 1306 ner Winder?" Ohne eine Antwort abzuwarten wandte st
761 1241 3150 1458 stch zum Kellner. "öringen Sie mir was Sie wollen!"
1184 1393 1912 1596 "Etne Melange?"
1187 1545 3036 1748 „Um Gotteswillen! keine Melange - einen
755 1646 3114 1873 Absynth! - " Und sich zu den übrigen wendend: "für
758 1843 3039 2052 Absynt könnte ich ein Verbrechen begehen! Morden
781 2022 2982 2216 könnte ich für Absynth. — — Alsdann Kinder, wer
775 2171 1927 2359 fährt denn Sonntag mitz"
1208 2317 3170 2514 „Wohin denn, wohin denu,?“ fragten einige
635 2374 749 2553 G.C.P.
1244 2449 3123 2651 "Ich gastler in Wiener Neustadt als "Wat
772 2562 987 2830 s8."
1202 2744 3054 2965 "Du musst eine famose "Jane Eyre" sein",
778 2920 3144 3138 sagte Volling. "Schad, dass der Rochester nicht in
767 3105 3144 3281 mein fach schlägt. In der "Watse" möcht toh einmal
775 3254 1545 3445 mit Dir spielen.
1921 3305 2007 3397 Pr.
1166 3370 3066 3603 "Alle fahren wir hinaus", sagte Staufer -
796 3549 2950 3725 „Wenn man nur einige von diese lumpigen Wiener
