<?xml version="1.0" encoding="UTF-8" standalone="yes"?>
<PcGts xmlns="http://schema.primaresearch.org/PAGE/gts/pagecontent/2013-07-15" xmlns:xsi="http://www.w3.org/2001/XMLSchema-instance" xsi:schemaLocation="http://schema.primaresearch.org/PAGE/gts/pagecontent/2013-07-15 http://schema.primaresearch.org/PAGE/gts/pagecontent/2013-07-15/pagecontent.xsd">
    <Metadata>
        <Creator>prov=READ-COOP:name=TrHtr:version=2.1.0:model_id=51170:date=14_08_2023_22:17</Creator>
        <Created>2023-05-10T14:38:35.542+02:00</Created>
        <LastChange>2023-08-14T22:17:03.469+02:00</LastChange>
        <TranskribusMetadata docId="1428643" pageId="55422654" pageNr="31" tsid="132827916" status="IN_PROGRESS" userId="64420" imgUrl="https://files.transkribus.eu/Get?id=URSJLMIBOCEJPCVUKYJDPUWB&amp;fileType=view" xmlUrl="https://files.transkribus.eu/Get?id=ZTDKRRNQUBAPIBLWEWSZMBOR" imageId="44696733"/>
    </Metadata>
    <Page imageFilename="1428643_0031.jpg" imageWidth="3368" imageHeight="4136">
        <ReadingOrder>
            <OrderedGroup id="ro_1711815598556" caption="Regions reading order">
                <RegionRefIndexed index="0" regionRef="tr_1"/>
                <RegionRefIndexed index="1" regionRef="tr_2"/>
            </OrderedGroup>
        </ReadingOrder>
        <TextRegion id="tr_1" custom="readingOrder {index:0;}">
            <Coords points="349,648 3181,648 3181,2445 349,2445"/>
            <TextLine id="tr_1_tl_1" custom="readingOrder {index:0;}">
                <Coords points="2738,744 2762,750 2811,714 2850,732 2871,729 2877,596 2844,593 2814,612 2790,599 2778,599 2759,612 2744,609"/>
                <Baseline points="2754,704 2793,707 2837,707 2882,698"/>
                <TextEquiv>
                    <Unicode>22</Unicode>
                </TextEquiv>
            </TextLine>
            <TextLine id="tr_1_tl_2" custom="readingOrder {index:1;}">
                <Coords points="714,934 2808,898 2973,868 2979,717 2561,672 720,795"/>
                <Baseline points="731,919 743,919 787,916 832,916 877,919 922,916 966,916 1011,913 1056,913 1101,913 1145,913 1190,910 1235,907 1280,907 1324,904 1369,904 1414,901 1459,898 1504,898 1548,898 1593,898 1638,898 1683,895 1727,895 1772,895 1817,892 1862,892 1906,889 1951,886 1996,886 2041,886 2085,883 2130,883 2175,883 2220,880 2264,877 2309,880 2354,877 2399,874 2444,874 2488,871 2533,868 2578,868 2623,868 2667,868 2712,865 2757,862 2802,862 2846,862 2891,859 2936,859 2981,850"/>
                <TextEquiv>
                    <Unicode>er vielleicht doch ein Dichter sein könnte hatte</Unicode>
                </TextEquiv>
            </TextLine>
            <TextLine id="tr_1_tl_3" custom="readingOrder {index:2;}">
                <Coords points="726,1072 2961,1051 3028,943 2714,979 2371,883 729,970"/>
                <Baseline points="743,1071 749,1071 793,1068 838,1068 883,1065 928,1068 972,1068 1017,1065 1062,1065 1107,1065 1151,1062 1196,1062 1241,1062 1286,1059 1330,1059 1375,1059 1420,1056 1465,1053 1509,1050 1554,1050 1599,1047 1644,1047 1689,1044 1733,1044 1778,1044 1823,1044 1868,1041 1912,1041 1957,1041 2002,1035 2047,1038 2091,1035 2136,1032 2181,1032 2226,1035 2270,1032 2315,1032 2360,1032 2405,1023 2449,1026 2494,1023 2539,1023 2584,1023 2629,1023 2673,1020 2718,1017 2763,1017 2808,1017 2852,1014 2897,1011 2942,1011 2987,1008 3031,1002"/>
                <TextEquiv>
                    <Unicode>er längst vergessen. Betnahe stebzig Jahre war er</Unicode>
                </TextEquiv>
            </TextLine>
            <TextLine id="tr_1_tl_4" custom="readingOrder {index:3;}">
                <Coords points="328,1066 343,1066 358,1078 395,1069 413,1081 431,1075 437,1081 464,1081 473,964 455,964 431,985 383,985 377,979 337,982"/>
                <Baseline points="349,1065 384,1062 429,1056 474,1056"/>
                <TextEquiv>
                    <Unicode>/</Unicode>
                </TextEquiv>
            </TextLine>
            <TextLine id="tr_1_tl_5" custom="readingOrder {index:4;}">
                <Coords points="729,1223 2561,1208 3003,1163 3006,1051 2636,1127 2413,1036 732,1103"/>
                <Baseline points="746,1211 772,1214 817,1214 862,1214 907,1214 951,1208 996,1211 1041,1208 1086,1208 1130,1208 1175,1205 1220,1205 1265,1202 1310,1205 1354,1202 1399,1199 1444,1199 1489,1196 1533,1196 1578,1196 1623,1193 1668,1190 1712,1190 1757,1190 1802,1190 1847,1187 1891,1184 1936,1184 1981,1184 2026,1181 2070,1178 2115,1181 2160,1178 2205,1178 2250,1178 2294,1175 2339,1175 2384,1175 2429,1172 2473,1172 2518,1169 2563,1169 2608,1166 2652,1163 2697,1163 2742,1163 2787,1163 2831,1160 2876,1160 2921,1157 2966,1154 3010,1145"/>
                <TextEquiv>
                    <Unicode>alt geworden. Das Leben war ihm zwischen den Hön</Unicode>
                </TextEquiv>
            </TextLine>
            <TextLine id="tr_1_tl_6" custom="readingOrder {index:5;}">
                <Coords points="729,1362 2756,1356 3022,1332 3025,1244 2082,1184 732,1268"/>
                <Baseline points="746,1360 749,1363 793,1363 838,1360 883,1360 928,1360 972,1357 1017,1357 1062,1357 1107,1357 1151,1354 1196,1354 1241,1351 1286,1351 1330,1348 1375,1345 1420,1345 1465,1345 1509,1345 1554,1342 1599,1339 1644,1342 1689,1339 1733,1339 1778,1339 1823,1339 1868,1336 1912,1336 1957,1333 2002,1333 2047,1330 2091,1330 2136,1330 2181,1333 2226,1330 2270,1327 2315,1330 2360,1327 2405,1324 2449,1324 2494,1318 2539,1318 2584,1318 2629,1316 2673,1316 2718,1313 2763,1313 2808,1313 2852,1313 2897,1310 2942,1310 2987,1307 3031,1298"/>
                <TextEquiv>
                    <Unicode>den zeronnen — und keine Stunde, keine Minute war</Unicode>
                </TextEquiv>
            </TextLine>
            <TextLine id="tr_1_tl_7" custom="readingOrder {index:6;}">
                <Coords points="732,1515 2341,1536 2982,1470 2985,1326 735,1437"/>
                <Baseline points="749,1515 752,1515 796,1512 841,1512 886,1512 931,1509 975,1509 1020,1506 1065,1506 1110,1504 1154,1501 1199,1501 1244,1498 1289,1495 1333,1495 1378,1492 1423,1489 1468,1489 1512,1489 1557,1486 1602,1486 1647,1483 1692,1483 1736,1483 1781,1483 1826,1480 1871,1477 1915,1477 1960,1477 2005,1474 2050,1474 2094,1471 2139,1471 2184,1471 2229,1468 2273,1468 2318,1468 2363,1468 2408,1465 2452,1465 2497,1462 2542,1459 2587,1459 2632,1459 2676,1456 2721,1456 2766,1453 2811,1453 2855,1453 2900,1450 2945,1447 2990,1450"/>
                <TextEquiv>
                    <Unicode>es in den dret letzten Jahrzehnten durch das</Unicode>
                </TextEquiv>
            </TextLine>
            <TextLine id="tr_1_tl_8" custom="readingOrder {index:7;}">
                <Coords points="732,1666 3052,1615 2756,1467 735,1585"/>
                <Baseline points="749,1662 775,1662 820,1662 865,1662 910,1659 954,1659 999,1656 1044,1659 1089,1656 1133,1656 1178,1653 1223,1653 1268,1653 1313,1650 1357,1650 1402,1647 1447,1647 1492,1647 1536,1644 1581,1647 1626,1644 1671,1641 1715,1641 1760,1641 1805,1641 1850,1638 1894,1638 1939,1638 1984,1635 2029,1635 2073,1632 2118,1632 2163,1632 2208,1632 2253,1629 2297,1629 2342,1626 2387,1626 2432,1626 2476,1623 2521,1623 2566,1620 2611,1620 2655,1620 2700,1617 2745,1617 2790,1617 2834,1617 2879,1614 2924,1614 2969,1614 3013,1611 3058,1611"/>
                <TextEquiv>
                    <Unicode>stolze Bausstsein verschönt worden: nicht zu den</Unicode>
                </TextEquiv>
            </TextLine>
            <TextLine id="tr_1_tl_9" custom="readingOrder {index:8;}">
                <Coords points="723,1820 2687,1820 2955,1771 2958,1651 723,1738"/>
                <Baseline points="740,1814 769,1817 814,1814 859,1814 904,1811 948,1811 993,1811 1038,1811 1083,1808 1128,1808 1172,1808 1217,1805 1262,1802 1307,1802 1351,1802 1396,1802 1441,1802 1486,1802 1530,1802 1575,1799 1620,1796 1665,1796 1709,1796 1754,1793 1799,1796 1844,1793 1888,1790 1933,1787 1978,1787 2023,1787 2068,1787 2112,1784 2157,1784 2202,1781 2247,1778 2291,1778 2336,1781 2381,1781 2426,1778 2470,1778 2515,1775 2560,1775 2605,1772 2649,1772 2694,1769 2739,1769 2784,1769 2828,1766 2873,1766 2918,1766 2963,1760"/>
                <TextEquiv>
                    <Unicode>Andern zu gehören. Im Gegenteil - er hatte sich</Unicode>
                </TextEquiv>
            </TextLine>
            <TextLine id="tr_1_tl_10" custom="readingOrder {index:9;}">
                <Coords points="756,1997 3169,1952 3172,1817 3019,1750 2283,1850 759,1871"/>
                <Baseline points="772,1969 808,1966 853,1966 898,1963 942,1963 987,1960 1032,1960 1077,1957 1122,1957 1166,1954 1211,1954 1256,1954 1301,1951 1345,1951 1390,1951 1435,1951 1480,1948 1524,1948 1569,1948 1614,1948 1659,1945 1703,1945 1748,1942 1793,1945 1838,1942 1882,1942 1927,1939 1972,1939 2017,1939 2062,1939 2106,1939 2151,1936 2196,1933 2241,1930 2285,1930 2330,1930 2375,1927 2420,1927 2464,1927 2509,1924 2554,1924 2599,1924 2643,1921 2688,1921 2733,1921 2778,1918 2822,1918 2867,1918 2912,1918 2957,1918 3002,1915 3046,1915 3091,1909 3136,1909 3181,1903"/>
                <TextEquiv>
                    <Unicode>ganz zu jenen andern gehörend gefühlt. Und alle rech</Unicode>
                </TextEquiv>
            </TextLine>
            <TextLine id="tr_1_tl_11" custom="readingOrder {index:10;}">
                <Coords points="741,2127 2895,2100 2922,1952 744,2042"/>
                <Baseline points="757,2112 778,2118 823,2115 868,2115 913,2115 957,2112 1002,2112 1047,2112 1092,2112 1136,2109 1181,2109 1226,2109 1271,2109 1316,2106 1360,2106 1405,2103 1450,2103 1495,2103 1539,2103 1584,2103 1629,2097 1674,2097 1718,2097 1763,2097 1808,2094 1853,2094 1897,2094 1942,2091 1987,2091 2032,2091 2076,2091 2121,2091 2166,2091 2211,2088 2256,2088 2300,2085 2345,2085 2390,2082 2435,2079 2479,2079 2524,2079 2569,2079 2614,2076 2658,2076 2703,2073 2748,2073 2793,2070 2837,2070 2882,2070 2927,2073"/>
                <TextEquiv>
                    <Unicode>neten ihn auch so ganz zu den Ihrigen und kein</Unicode>
                </TextEquiv>
            </TextLine>
            <TextLine id="tr_1_tl_12" custom="readingOrder {index:11;}">
                <Coords points="735,2280 3118,2250 3139,2085 1961,2187 1377,2115 735,2226"/>
                <Baseline points="752,2270 772,2273 817,2270 862,2267 907,2267 951,2270 996,2264 1041,2264 1086,2264 1130,2264 1175,2261 1220,2261 1265,2258 1310,2258 1354,2258 1399,2256 1444,2258 1489,2256 1533,2256 1578,2253 1623,2253 1668,2253 1712,2250 1757,2250 1802,2250 1847,2250 1891,2250 1936,2247 1981,2247 2026,2244 2070,2244 2115,2244 2160,2241 2205,2241 2250,2241 2294,2238 2339,2238 2384,2238 2429,2235 2473,2238 2518,2235 2563,2235 2608,2235 2652,2232 2697,2229 2742,2229 2787,2229 2831,2229 2876,2229 2921,2226 2966,2226 3010,2226 3055,2226 3100,2223 3145,2223"/>
                <TextEquiv>
                    <Unicode>Mesch ahnte wer er denn eigentlich war! Nur die Ju</Unicode>
                </TextEquiv>
            </TextLine>
            <TextLine id="tr_1_tl_13" custom="readingOrder {index:12;}">
                <Coords points="759,2449 2756,2419 2781,2256 762,2359"/>
                <Baseline points="775,2435 811,2426 856,2426 901,2426 945,2423 990,2423 1035,2420 1080,2417 1125,2420 1169,2417 1214,2417 1259,2414 1304,2414 1348,2414 1393,2411 1438,2411 1483,2411 1527,2408 1572,2408 1617,2408 1662,2405 1706,2405 1751,2402 1796,2402 1841,2402 1885,2402 1930,2402 1975,2402 2020,2399 2065,2399 2109,2396 2154,2396 2199,2396 2244,2393 2288,2393 2333,2393 2378,2393 2423,2390 2467,2393 2512,2390 2557,2387 2602,2387 2646,2384 2691,2384 2736,2381 2781,2378"/>
                <TextEquiv>
                    <Unicode>gend in Wien ahnte es - oder wusste es gar!</Unicode>
                </TextEquiv>
            </TextLine>
        </TextRegion>
        <TextRegion id="tr_2" custom="readingOrder {index:1;}">
            <Coords points="769,2483 3136,2483 3136,3665 769,3665"/>
            <TextLine id="tr_2_tl_1" custom="readingOrder {index:0;}">
                <Coords points="1160,2579 3106,2558 3106,2458 2829,2386 1163,2488"/>
                <Baseline points="1175,2569 1187,2569 1232,2566 1277,2566 1321,2566 1366,2563 1411,2563 1456,2563 1501,2563 1545,2560 1590,2563 1635,2560 1680,2560 1724,2557 1769,2560 1814,2557 1859,2557 1903,2554 1948,2551 1993,2551 2038,2551 2082,2551 2127,2551 2172,2548 2217,2548 2261,2551 2306,2551 2351,2548 2396,2545 2441,2545 2485,2542 2530,2542 2575,2539 2620,2536 2664,2539 2709,2536 2754,2536 2799,2536 2843,2536 2888,2536 2933,2533 2978,2533 3022,2533 3067,2533 3112,2536"/>
                <TextEquiv>
                    <Unicode>Wo blieb sie nur, diese Jugend? Volle drei</Unicode>
                </TextEquiv>
            </TextLine>
            <TextLine id="tr_2_tl_2" custom="readingOrder {index:1;}">
                <Coords points="756,2738 2311,2772 2976,2714 3022,2549 759,2663"/>
                <Baseline points="772,2727 787,2730 832,2730 877,2724 922,2724 966,2727 1011,2730 1056,2724 1101,2724 1145,2724 1190,2724 1235,2724 1280,2724 1324,2721 1369,2721 1414,2718 1459,2718 1504,2718 1548,2715 1593,2715 1638,2712 1683,2715 1727,2712 1772,2712 1817,2712 1862,2712 1906,2712 1951,2709 1996,2709 2041,2706 2085,2706 2130,2706 2175,2706 2220,2706 2264,2706 2309,2703 2354,2706 2399,2703 2444,2700 2488,2697 2533,2697 2578,2697 2623,2694 2667,2691 2712,2694 2757,2691 2802,2691 2846,2691 2891,2691 2936,2688 2981,2682 3025,2676"/>
                <TextEquiv>
                    <Unicode>Tage waren seit dem Besuche Wolfgang Meters ver-</Unicode>
                </TextEquiv>
            </TextLine>
            <TextLine id="tr_2_tl_3" custom="readingOrder {index:2;}">
                <Coords points="759,2886 2690,2898 2835,2883 2838,2720 2404,2802 1247,2756 759,2826"/>
                <Baseline points="775,2882 784,2885 829,2882 874,2879 919,2882 963,2879 1008,2879 1053,2876 1098,2876 1142,2876 1187,2876 1232,2873 1277,2873 1321,2873 1366,2873 1411,2873 1456,2870 1501,2867 1545,2867 1590,2867 1635,2867 1680,2867 1724,2867 1769,2864 1814,2864 1859,2861 1903,2858 1948,2858 1993,2858 2038,2858 2082,2858 2127,2858 2172,2858 2217,2855 2261,2855 2306,2852 2351,2852 2396,2852 2441,2849 2485,2849 2530,2846 2575,2846 2620,2846 2664,2846 2709,2846 2754,2846 2799,2846 2843,2849"/>
                <TextEquiv>
                    <Unicode>strichen. Wenn er überhaupt nicht mehr käme?</Unicode>
                </TextEquiv>
            </TextLine>
            <TextLine id="tr_2_tl_4" custom="readingOrder {index:3;}">
                <Coords points="1169,3046 3043,3046 3127,3025 3130,2886 1169,2925"/>
                <Baseline points="1184,3025 1211,3028 1256,3025 1301,3025 1345,3025 1390,3025 1435,3025 1480,3022 1524,3022 1569,3022 1614,3022 1659,3022 1703,3022 1748,3019 1793,3016 1838,3016 1882,3016 1927,3013 1972,3013 2017,3010 2062,3010 2106,3010 2151,3010 2196,3010 2241,3010 2285,3008 2330,3005 2375,3005 2420,3005 2464,3002 2509,3002 2554,3002 2599,2999 2643,2999 2688,2999 2733,2999 2778,2999 2822,2999 2867,2999 2912,2999 2957,2996 3002,2993 3046,2993 3091,2990 3136,2987"/>
                <TextEquiv>
                    <Unicode>Es war ein klarer nicht sehr halter Winter</Unicode>
                </TextEquiv>
            </TextLine>
            <TextLine id="tr_2_tl_5" custom="readingOrder {index:4;}">
                <Coords points="756,3196 2768,3196 3073,3175 3106,3043 759,3130"/>
                <Baseline points="772,3196 784,3193 829,3193 874,3187 919,3187 963,3187 1008,3187 1053,3187 1098,3187 1142,3184 1187,3187 1232,3187 1277,3184 1321,3184 1366,3184 1411,3184 1456,3184 1501,3184 1545,3181 1590,3181 1635,3184 1680,3178 1724,3178 1769,3178 1814,3178 1859,3178 1903,3175 1948,3175 1993,3175 2038,3172 2082,3172 2127,3169 2172,3169 2217,3166 2261,3166 2306,3166 2351,3163 2396,3163 2441,3166 2485,3163 2530,3160 2575,3160 2620,3160 2664,3157 2709,3160 2754,3160 2799,3157 2843,3157 2888,3160 2933,3157 2978,3154 3022,3154 3067,3151 3112,3148"/>
                <TextEquiv>
                    <Unicode>abend und Saxberger ging auf die Strasse hinab; er</Unicode>
                </TextEquiv>
            </TextLine>
            <TextLine id="tr_2_tl_6" custom="readingOrder {index:5;}">
                <Coords points="753,3356 3031,3341 3073,3205 1326,3193 756,3284"/>
                <Baseline points="769,3354 796,3351 841,3351 886,3348 931,3348 975,3348 1020,3345 1065,3345 1110,3345 1154,3342 1199,3345 1244,3342 1289,3342 1333,3342 1378,3342 1423,3342 1468,3342 1512,3339 1557,3339 1602,3336 1647,3336 1692,3336 1736,3336 1781,3336 1826,3336 1871,3333 1915,3333 1960,3333 2005,3333 2050,3333 2094,3330 2139,3330 2184,3327 2229,3327 2273,3327 2318,3324 2363,3324 2408,3321 2452,3321 2497,3321 2542,3321 2587,3318 2632,3318 2676,3321 2721,3318 2766,3318 2811,3315 2855,3315 2900,3312 2945,3312 2990,3312 3034,3309 3079,3306"/>
                <TextEquiv>
                    <Unicode>hatte heute Nachmittag beim Sichten zu viel Staub</Unicode>
                </TextEquiv>
            </TextLine>
            <TextLine id="tr_2_tl_7" custom="readingOrder {index:6;}">
                <Coords points="768,3552 2705,3513 3085,3476 3088,3347 1304,3353 768,3434"/>
                <Baseline points="784,3515 805,3512 850,3506 895,3506 940,3503 984,3503 1029,3500 1074,3500 1119,3500 1163,3497 1208,3500 1253,3500 1298,3500 1342,3500 1387,3497 1432,3494 1477,3494 1521,3491 1566,3491 1611,3488 1656,3488 1700,3488 1745,3485 1790,3488 1835,3485 1880,3482 1924,3482 1969,3479 2014,3476 2059,3479 2103,3479 2148,3482 2193,3482 2238,3479 2282,3479 2327,3479 2372,3476 2417,3476 2461,3476 2506,3473 2551,3473 2596,3473 2640,3470 2685,3470 2730,3470 2775,3470 2820,3464 2864,3464 2909,3464 2954,3464 2999,3464 3043,3461 3088,3464"/>
                <TextEquiv>
                    <Unicode>geschlucht. Ja verstaubt war das alles wohl - zum</Unicode>
                </TextEquiv>
            </TextLine>
            <TextLine id="tr_2_tl_8" custom="readingOrder {index:7;}">
                <Coords points="759,3675 2741,3696 3115,3645 3118,3525 759,3579"/>
                <Baseline points="775,3655 793,3655 838,3655 883,3652 928,3652 972,3652 1017,3652 1062,3652 1107,3649 1151,3649 1196,3649 1241,3649 1286,3646 1330,3649 1375,3646 1420,3646 1465,3643 1509,3643 1554,3649 1599,3646 1644,3643 1689,3643 1733,3643 1778,3640 1823,3640 1868,3637 1912,3637 1957,3634 2002,3634 2047,3634 2091,3637 2136,3637 2181,3634 2226,3631 2270,3631 2315,3631 2360,3631 2405,3628 2449,3631 2494,3628 2539,3628 2584,3628 2629,3631 2673,3631 2718,3628 2763,3628 2808,3628 2852,3625 2897,3625 2942,3625 2987,3622 3031,3622 3076,3619 3121,3613"/>
                <TextEquiv>
                    <Unicode>mindesten äusserlich genommen. Aber sonst, wenn er</Unicode>
                </TextEquiv>
            </TextLine>
        </TextRegion>
    </Page>
</PcGts>
