3336 4104
2814 514 3005 720 184
801 720 2805 894 unbekannte Kunstgrössen vorlesen zu lassen.
790 889 3092 1060 Dagegen wäre ja gewiss nichts einzuwenden und wir
807 1048 3055 1225 wollen den jungen Herren ihr harmloses Vergnügen
801 1193 2997 1403 nicht stören. Für überflüsstg halten wir es nur
816 1350 2927 1501 den zahlreichen Unbeträchtlichkeiten eine Art
810 1493 3151 1649 programmrede vorauszuschicken, in welcher sich die
828 1623 3058 1821 jungen Herren, als die berechtigten Herolde ei -
828 1815 3014 1975 ner alle in seligmühenden Kunst aufzuspielen be
825 1975 3049 2131 lieben. Nun, wir müssen es sagen: Trompeten kön
836 2102 2939 2279 nen die jungen Herren, aber sonst nicht viel!
836 2245 3002 2433 „Idiot", setzte Staufner so eilig hinzu, als lä
848 2396 3090 2587 se er die Unterschrift des betreffenden Rezensen
851 2608 1057 2779 ten.
1205 2689 3087 2886 Ein kurzes Schweigen trat ein. Das Blatt
848 2866 2971 3049 wurde Staufner entrissen und ging von Hand zu
839 3063 1106 3223 Hand.
1237 3142 3127 3325 "Infamie.... das ist die Wiener Kritik...
871 3325 3130 3554 freche Fälschung... Journalistenwitz.... Krtin..
860 3496 1922 3705 wer mag das sein.... „
