<?xml version="1.0" encoding="UTF-8" standalone="yes"?>
<PcGts xmlns="http://schema.primaresearch.org/PAGE/gts/pagecontent/2013-07-15" xmlns:xsi="http://www.w3.org/2001/XMLSchema-instance" xsi:schemaLocation="http://schema.primaresearch.org/PAGE/gts/pagecontent/2013-07-15 http://schema.primaresearch.org/PAGE/gts/pagecontent/2013-07-15/pagecontent.xsd">
    <Metadata>
        <Creator>prov=READ-COOP:name=TrHtr:version=2.1.0:model_id=51170:date=14_08_2023_22:17</Creator>
        <Created>2023-05-10T14:38:34.751+02:00</Created>
        <LastChange>2023-08-14T22:17:01.814+02:00</LastChange>
        <TranskribusMetadata docId="1428643" pageId="55422599" pageNr="25" tsid="132827910" status="IN_PROGRESS" userId="64420" imgUrl="https://files.transkribus.eu/Get?id=GYWRQFCUGBBPSJODACSEILNJ&amp;fileType=view" xmlUrl="https://files.transkribus.eu/Get?id=QXSFRYNJLEBCICJKJXVESUSP" imageId="44696678"/>
    </Metadata>
    <Page imageFilename="1428643_0025.jpg" imageWidth="3320" imageHeight="4072">
        <ReadingOrder>
            <OrderedGroup id="ro_1711815582186" caption="Regions reading order">
                <RegionRefIndexed index="0" regionRef="tr_1"/>
                <RegionRefIndexed index="1" regionRef="tr_2"/>
            </OrderedGroup>
        </ReadingOrder>
        <TextRegion id="tr_1" custom="readingOrder {index:0;}">
            <Coords points="692,621 3048,621 3048,2254 692,2254"/>
            <TextLine id="tr_1_tl_1" custom="readingOrder {index:0;}">
                <Coords points="2761,693 2779,696 2794,711 2805,711 2814,702 2823,714 2841,708 2849,720 2864,720 2882,552 2844,552 2802,538 2799,532 2776,532"/>
                <Baseline points="2776,680 2788,680 2833,674 2877,671"/>
                <TextEquiv>
                    <Unicode>16</Unicode>
                </TextEquiv>
            </TextLine>
            <TextLine id="tr_1_tl_2" custom="readingOrder {index:1;}">
                <Coords points="676,890 2890,864 2896,702 1812,770 1146,682 955,781 679,770"/>
                <Baseline points="692,883 704,880 749,877 794,877 838,877 883,877 928,874 973,871 1018,871 1062,868 1107,865 1152,865 1197,862 1241,865 1286,865 1331,868 1376,865 1421,865 1465,862 1510,865 1555,862 1600,859 1644,856 1689,856 1734,856 1779,853 1824,853 1868,853 1913,850 1958,853 2003,850 2047,847 2092,847 2137,847 2182,844 2227,844 2271,844 2316,841 2361,838 2406,838 2450,838 2495,838 2540,835 2585,835 2630,832 2674,832 2719,832 2764,829 2809,826 2853,823 2898,820"/>
                <TextEquiv>
                    <Unicode>fen. Ah! das ging freilich nicht wie bei einem</Unicode>
                </TextEquiv>
            </TextLine>
            <TextLine id="tr_1_tl_3" custom="readingOrder {index:2;}">
                <Coords points="679,1060 990,1031 1175,1113 1466,1022 1918,1069 2371,990 2873,1046 2899,861 993,943 682,890"/>
                <Baseline points="695,1026 707,1029 752,1026 797,1029 841,1026 886,1023 931,1023 976,1020 1020,1020 1065,1018 1110,1018 1155,1015 1200,1015 1244,1012 1289,1012 1334,1012 1379,1009 1424,1009 1468,1009 1513,1012 1558,1009 1603,1006 1647,1006 1692,1006 1737,1006 1782,1003 1827,1003 1871,1003 1916,1003 1961,1000 2006,1003 2050,1000 2095,1000 2140,1000 2185,997 2230,991 2274,991 2319,988 2364,991 2409,988 2453,988 2498,988 2543,988 2588,988 2633,988 2677,985 2722,982 2767,979 2812,979 2856,973 2901,970"/>
                <TextEquiv>
                    <Unicode>ä „unterhaltenden“ Roman. Schon nach den ersten</Unicode>
                </TextEquiv>
            </TextLine>
            <TextLine id="tr_1_tl_4" custom="readingOrder {index:3;}">
                <Coords points="679,1243 2306,1149 3002,1198 3005,1002 1175,1113 682,1060"/>
                <Baseline points="695,1179 725,1176 770,1176 814,1176 859,1179 904,1179 949,1176 994,1176 1038,1176 1083,1173 1128,1173 1173,1170 1218,1167 1262,1167 1307,1170 1352,1167 1397,1161 1441,1161 1486,1164 1531,1164 1576,1161 1621,1161 1665,1161 1710,1164 1755,1161 1800,1155 1844,1155 1889,1155 1934,1155 1979,1152 2024,1152 2068,1149 2113,1152 2158,1149 2203,1149 2247,1146 2292,1149 2337,1146 2382,1143 2427,1143 2471,1143 2516,1143 2561,1143 2606,1140 2650,1140 2695,1140 2740,1137 2785,1137 2830,1134 2874,1134 2919,1131 2964,1131 3009,1125"/>
                <TextEquiv>
                    <Unicode>Versen sah er das ein. Saxberger las mit grosser</Unicode>
                </TextEquiv>
            </TextLine>
            <TextLine id="tr_1_tl_5" custom="readingOrder {index:4;}">
                <Coords points="693,1381 3043,1307 3043,1213 2873,1146 696,1243"/>
                <Baseline points="710,1334 719,1334 764,1331 809,1331 853,1331 898,1331 943,1331 988,1331 1032,1331 1077,1328 1122,1328 1167,1328 1212,1328 1256,1325 1301,1325 1346,1322 1391,1319 1435,1319 1480,1319 1525,1319 1570,1316 1615,1316 1659,1316 1704,1313 1749,1316 1794,1313 1838,1310 1883,1310 1928,1310 1973,1310 2018,1307 2062,1307 2107,1307 2152,1307 2197,1304 2241,1304 2286,1304 2331,1304 2376,1304 2421,1301 2465,1298 2510,1298 2555,1298 2600,1295 2645,1295 2689,1292 2734,1292 2779,1292 2824,1289 2868,1289 2913,1289 2958,1286 3003,1286 3048,1280"/>
                <TextEquiv>
                    <Unicode>Gewissenhaftigkeit; er las umso sorglicher und auf</Unicode>
                </TextEquiv>
            </TextLine>
            <TextLine id="tr_1_tl_6" custom="readingOrder {index:5;}">
                <Coords points="690,1530 2902,1498 3026,1457 3029,1334 693,1381"/>
                <Baseline points="707,1480 746,1483 791,1480 835,1480 880,1483 925,1480 970,1477 1015,1477 1059,1477 1104,1477 1149,1480 1194,1474 1238,1477 1283,1477 1328,1477 1373,1474 1418,1471 1462,1468 1507,1465 1552,1465 1597,1465 1641,1465 1686,1465 1731,1465 1776,1465 1821,1465 1865,1462 1910,1459 1955,1459 2000,1459 2044,1456 2089,1456 2134,1453 2179,1453 2224,1453 2268,1453 2313,1453 2358,1453 2403,1450 2447,1450 2492,1447 2537,1447 2582,1444 2627,1444 2671,1444 2716,1444 2761,1441 2806,1441 2850,1438 2895,1438 2940,1438 2985,1435 3030,1432"/>
                <TextEquiv>
                    <Unicode>merksamer je schwerer es ihm wurde zu einem klaren</Unicode>
                </TextEquiv>
            </TextLine>
            <TextLine id="tr_1_tl_7" custom="readingOrder {index:6;}">
                <Coords points="684,1666 2949,1639 2990,1478 687,1566"/>
                <Baseline points="701,1629 710,1629 755,1629 800,1627 844,1627 889,1627 934,1627 979,1627 1023,1627 1068,1624 1113,1624 1158,1624 1203,1621 1247,1621 1292,1621 1337,1621 1382,1618 1426,1618 1471,1618 1516,1618 1561,1618 1606,1618 1650,1618 1695,1615 1740,1612 1785,1612 1830,1612 1874,1612 1919,1612 1964,1612 2009,1609 2053,1609 2098,1606 2143,1606 2188,1606 2233,1603 2277,1603 2322,1600 2367,1600 2412,1597 2456,1597 2501,1597 2546,1597 2591,1597 2636,1597 2680,1594 2725,1591 2770,1591 2815,1591 2859,1588 2904,1585 2949,1582 2994,1582"/>
                <TextEquiv>
                    <Unicode>Urteil zu kommen. Im wurde ganz ängstlich. Das et</Unicode>
                </TextEquiv>
            </TextLine>
            <TextLine id="tr_1_tl_8" custom="readingOrder {index:7;}">
                <Coords points="687,1851 3032,1757 3032,1657 2767,1613 690,1698"/>
                <Baseline points="704,1788 710,1788 755,1785 800,1782 844,1785 889,1782 934,1782 979,1782 1023,1779 1068,1776 1113,1776 1158,1776 1203,1776 1247,1776 1292,1773 1337,1776 1382,1773 1426,1770 1471,1770 1516,1770 1561,1767 1606,1767 1650,1767 1695,1767 1740,1764 1785,1764 1830,1764 1874,1764 1919,1761 1964,1764 2009,1764 2053,1761 2098,1761 2143,1758 2188,1758 2233,1755 2277,1755 2322,1755 2367,1752 2412,1755 2456,1752 2501,1752 2546,1749 2591,1749 2636,1746 2680,1746 2725,1746 2770,1746 2815,1746 2859,1743 2904,1743 2949,1743 2994,1740 3039,1737"/>
                <TextEquiv>
                    <Unicode>ne schten ihm festzustehen: es waren hübsche Verse</Unicode>
                </TextEquiv>
            </TextLine>
            <TextLine id="tr_1_tl_9" custom="readingOrder {index:8;}">
                <Coords points="696,1974 2858,1959 3037,1936 3040,1827 2074,1874 1786,1807 1290,1898 1169,1815 864,1815 696,1877"/>
                <Baseline points="713,1940 716,1943 761,1940 806,1937 850,1937 895,1940 940,1940 985,1937 1029,1937 1074,1937 1119,1934 1164,1934 1209,1931 1253,1931 1298,1937 1343,1931 1388,1931 1432,1928 1477,1928 1522,1931 1567,1931 1612,1928 1656,1928 1701,1928 1746,1925 1791,1928 1835,1925 1880,1922 1925,1922 1970,1922 2015,1919 2059,1922 2104,1922 2149,1919 2194,1919 2239,1916 2283,1913 2328,1913 2373,1913 2418,1913 2462,1910 2507,1913 2552,1913 2597,1907 2642,1907 2686,1907 2731,1904 2776,1904 2821,1901 2865,1904 2910,1901 2955,1901 3000,1898 3045,1898"/>
                <TextEquiv>
                    <Unicode>aber wenn er sich fragte, was er weiter darüber sa</Unicode>
                </TextEquiv>
            </TextLine>
            <TextLine id="tr_1_tl_10" custom="readingOrder {index:9;}">
                <Coords points="699,2115 2976,2100 3026,1933 699,2027"/>
                <Baseline points="716,2104 746,2095 791,2095 835,2095 880,2092 925,2092 970,2092 1015,2092 1059,2092 1104,2092 1149,2092 1194,2092 1238,2089 1283,2086 1328,2086 1373,2086 1418,2086 1462,2083 1507,2083 1552,2080 1597,2080 1641,2077 1686,2077 1731,2074 1776,2080 1821,2083 1865,2077 1910,2074 1955,2074 2000,2074 2044,2074 2089,2074 2134,2071 2179,2071 2224,2071 2268,2071 2313,2071 2358,2068 2403,2068 2447,2065 2492,2065 2537,2062 2582,2062 2627,2062 2671,2062 2716,2059 2761,2062 2806,2062 2850,2059 2895,2059 2940,2056 2985,2053 3030,2050"/>
                <TextEquiv>
                    <Unicode>gen möchte, so blieb er ratlos. Er kam zu einem Ge</Unicode>
                </TextEquiv>
            </TextLine>
            <TextLine id="tr_1_tl_11" custom="readingOrder {index:10;}">
                <Coords points="702,2247 878,2306 1413,2235 2647,2262 3020,2218 3023,2077 1486,2168 984,2106 702,2188"/>
                <Baseline points="719,2244 740,2244 785,2241 829,2241 874,2241 919,2241 964,2241 1009,2239 1053,2241 1098,2239 1143,2241 1188,2241 1232,2239 1277,2236 1322,2236 1367,2233 1412,2233 1456,2233 1501,2230 1546,2230 1591,2230 1635,2230 1680,2227 1725,2227 1770,2227 1815,2227 1859,2227 1904,2227 1949,2224 1994,2224 2038,2224 2083,2224 2128,2221 2173,2218 2218,2218 2262,2218 2307,2218 2352,2218 2397,2218 2442,2215 2486,2215 2531,2215 2576,2215 2621,2212 2665,2212 2710,2212 2755,2209 2800,2209 2845,2206 2889,2206 2934,2206 2979,2206 3024,2212"/>
                <TextEquiv>
                    <Unicode>dicht, das eine Landschaft zu schildern versuchte.</Unicode>
                </TextEquiv>
            </TextLine>
        </TextRegion>
        <TextRegion id="tr_2" custom="readingOrder {index:1;}">
            <Coords points="692,2311 3074,2311 3074,3628 692,3628"/>
            <TextLine id="tr_2_tl_1" custom="readingOrder {index:0;}">
                <Coords points="676,2406 2867,2406 2870,2256 676,2294"/>
                <Baseline points="692,2394 725,2394 770,2391 814,2391 859,2391 904,2391 949,2391 994,2391 1038,2391 1083,2388 1128,2385 1173,2388 1218,2385 1262,2388 1307,2385 1352,2385 1397,2382 1441,2382 1486,2379 1531,2379 1576,2376 1621,2376 1665,2376 1710,2376 1755,2376 1800,2373 1844,2373 1889,2373 1934,2373 1979,2370 2024,2373 2068,2370 2113,2370 2158,2370 2203,2370 2247,2367 2292,2367 2337,2367 2382,2364 2427,2364 2471,2364 2516,2364 2561,2361 2606,2361 2650,2364 2695,2361 2740,2361 2785,2361 2830,2364 2874,2370"/>
                <TextEquiv>
                    <Unicode>Da war ihm, als vermöchte er tiefer zu blicken,</Unicode>
                </TextEquiv>
            </TextLine>
            <TextLine id="tr_2_tl_2" custom="readingOrder {index:1;}">
                <Coords points="687,2573 2415,2514 2535,2585 2802,2567 2855,2403 690,2412"/>
                <Baseline points="707,2537 713,2540 758,2537 803,2537 847,2537 892,2540 937,2540 982,2537 1026,2537 1071,2537 1116,2534 1161,2534 1206,2531 1250,2534 1295,2534 1340,2534 1385,2531 1429,2528 1474,2528 1519,2525 1564,2528 1609,2525 1653,2525 1698,2525 1743,2525 1788,2522 1832,2522 1877,2522 1922,2522 1967,2522 2012,2519 2056,2519 2101,2519 2146,2519 2191,2516 2236,2516 2280,2516 2325,2513 2370,2513 2415,2513 2459,2513 2504,2510 2549,2510 2594,2513 2639,2513 2683,2513 2728,2510 2773,2510 2818,2507 2862,2507"/>
                <TextEquiv>
                    <Unicode>Das ging ihn näher an, als die früheren, worin</Unicode>
                </TextEquiv>
            </TextLine>
            <TextLine id="tr_2_tl_3" custom="readingOrder {index:2;}">
                <Coords points="708,2726 3067,2691 3067,2509 2470,2594 711,2582"/>
                <Baseline points="725,2692 746,2692 791,2689 835,2689 880,2689 925,2686 970,2686 1015,2686 1059,2683 1104,2683 1149,2683 1194,2683 1238,2683 1283,2683 1328,2683 1373,2680 1418,2680 1462,2680 1507,2680 1552,2680 1597,2677 1641,2677 1686,2677 1731,2674 1776,2674 1821,2674 1865,2671 1910,2671 1955,2671 2000,2671 2044,2671 2089,2671 2134,2671 2179,2671 2224,2668 2268,2665 2313,2665 2358,2665 2403,2665 2447,2665 2492,2668 2537,2665 2582,2665 2627,2665 2671,2665 2716,2662 2761,2662 2806,2665 2850,2662 2895,2659 2940,2659 2985,2659 3030,2659 3074,2656"/>
                <TextEquiv>
                    <Unicode>in welchen schöne Mädchen besungen wurden. Da klang</Unicode>
                </TextEquiv>
            </TextLine>
            <TextLine id="tr_2_tl_4" custom="readingOrder {index:3;}">
                <Coords points="705,2882 2987,2876 3055,2738 2647,2682 705,2761"/>
                <Baseline points="722,2848 734,2848 779,2845 823,2845 868,2845 913,2842 958,2842 1003,2839 1047,2839 1092,2839 1137,2839 1182,2836 1226,2839 1271,2836 1316,2836 1361,2836 1406,2833 1450,2833 1495,2833 1540,2833 1585,2830 1629,2833 1674,2833 1719,2830 1764,2827 1809,2827 1853,2827 1898,2827 1943,2827 1988,2824 2033,2824 2077,2824 2122,2824 2167,2824 2212,2824 2256,2824 2301,2821 2346,2821 2391,2821 2436,2821 2480,2818 2525,2818 2570,2818 2615,2815 2659,2815 2704,2815 2749,2815 2794,2815 2839,2818 2883,2815 2928,2812 2973,2812 3018,2809 3062,2809"/>
                <TextEquiv>
                    <Unicode>trgendwas in ihm mit. Er liebte die Natur. Er hatte</Unicode>
                </TextEquiv>
            </TextLine>
            <TextLine id="tr_2_tl_5" custom="readingOrder {index:4;}">
                <Coords points="708,3037 2949,2987 2926,2870 2347,2820 1660,2914 711,2882"/>
                <Baseline points="725,2997 764,2994 809,2997 853,2997 898,2994 943,2994 988,2994 1032,2994 1077,2991 1122,2991 1167,2988 1212,2988 1256,2988 1301,2988 1346,2991 1391,2985 1435,2985 1480,2985 1525,2985 1570,2982 1615,2982 1659,2982 1704,2982 1749,2985 1794,2982 1838,2979 1883,2979 1928,2979 1973,2979 2018,2979 2062,2979 2107,2979 2152,2976 2197,2976 2241,2976 2286,2976 2331,2973 2376,2976 2421,2973 2465,2970 2510,2970 2555,2970 2600,2970 2645,2967 2689,2970 2734,2970 2779,2970 2824,2970 2868,2964 2913,2964 2958,2955"/>
                <TextEquiv>
                    <Unicode>ste, je älter er wurde, desto liebergewonnen. Er</Unicode>
                </TextEquiv>
            </TextLine>
            <TextLine id="tr_2_tl_6" custom="readingOrder {index:5;}">
                <Coords points="705,3158 2197,3211 2802,3126 2964,3190 2964,2993 705,3046"/>
                <Baseline points="722,3146 728,3146 773,3143 817,3143 862,3143 907,3143 952,3143 997,3143 1041,3143 1086,3140 1131,3137 1176,3137 1221,3137 1265,3137 1310,3137 1355,3137 1400,3140 1444,3137 1489,3137 1534,3137 1579,3134 1624,3134 1668,3134 1713,3134 1758,3131 1803,3134 1847,3137 1892,3134 1937,3131 1982,3131 2027,3131 2071,3128 2116,3128 2161,3128 2206,3128 2250,3125 2295,3125 2340,3125 2385,3122 2430,3125 2474,3125 2519,3125 2564,3125 2609,3122 2653,3122 2698,3122 2743,3119 2788,3119 2833,3116 2877,3116 2922,3116 2967,3116"/>
                <TextEquiv>
                    <Unicode>hatte Beziehungen zu ihr gefunden, die ihn früher</Unicode>
                </TextEquiv>
            </TextLine>
            <TextLine id="tr_2_tl_7" custom="readingOrder {index:6;}">
                <Coords points="699,3355 1360,3287 2526,3337 2929,3275 2932,3199 2497,3137 2197,3214 702,3211"/>
                <Baseline points="716,3304 746,3298 791,3298 835,3295 880,3295 925,3295 970,3295 1015,3292 1059,3292 1104,3292 1149,3292 1194,3292 1238,3292 1283,3289 1328,3289 1373,3289 1418,3289 1462,3286 1507,3286 1552,3286 1597,3286 1641,3286 1686,3283 1731,3286 1776,3286 1821,3283 1865,3283 1910,3283 1955,3283 2000,3280 2044,3277 2089,3277 2134,3277 2179,3274 2224,3274 2268,3274 2313,3274 2358,3271 2403,3271 2447,3271 2492,3274 2537,3271 2582,3268 2627,3271 2671,3268 2716,3268 2761,3268 2806,3268 2850,3265 2895,3259 2940,3259"/>
                <TextEquiv>
                    <Unicode>noch nicht an sie gehnüpft hatten. Ach freilich</Unicode>
                </TextEquiv>
            </TextLine>
            <TextLine id="tr_2_tl_8" custom="readingOrder {index:7;}">
                <Coords points="705,3496 2559,3431 2796,3502 3052,3472 3055,3325 705,3355"/>
                <Baseline points="722,3451 728,3451 773,3451 817,3451 862,3448 907,3448 952,3451 997,3451 1041,3451 1086,3448 1131,3445 1176,3448 1221,3448 1265,3445 1310,3445 1355,3445 1400,3442 1444,3439 1489,3433 1534,3439 1579,3439 1624,3439 1668,3436 1713,3436 1758,3436 1803,3433 1847,3433 1892,3433 1937,3436 1982,3433 2027,3430 2071,3430 2116,3430 2161,3430 2206,3430 2250,3427 2295,3430 2340,3430 2385,3430 2430,3430 2474,3427 2519,3427 2564,3427 2609,3424 2653,3424 2698,3424 2743,3421 2788,3424 2833,3421 2877,3421 2922,3421 2967,3418 3012,3418 3056,3418"/>
                <TextEquiv>
                    <Unicode>Liebe, Jugend, — das var vorbet. Drum konnten ihm</Unicode>
                </TextEquiv>
            </TextLine>
            <TextLine id="tr_2_tl_9" custom="readingOrder {index:8;}">
                <Coords points="720,3681 1066,3613 2823,3642 2873,3522 2694,3463 723,3502"/>
                <Baseline points="737,3618 776,3612 820,3612 865,3612 910,3612 955,3612 1000,3612 1044,3609 1089,3609 1134,3609 1179,3606 1223,3606 1268,3606 1313,3606 1358,3606 1403,3606 1447,3603 1492,3603 1537,3603 1582,3603 1627,3603 1671,3603 1716,3603 1761,3603 1806,3600 1850,3600 1895,3600 1940,3600 1985,3600 2030,3600 2074,3600 2119,3600 2164,3597 2209,3597 2253,3597 2298,3597 2343,3597 2388,3597 2433,3597 2477,3597 2522,3594 2567,3591 2612,3591 2656,3591 2701,3591 2746,3588 2791,3591 2836,3588 2880,3588"/>
                <TextEquiv>
                    <Unicode>auch die Verse so wenig sagen. Was gingen in d</Unicode>
                </TextEquiv>
            </TextLine>
        </TextRegion>
    </Page>
</PcGts>
