3368 4120
2772 590 2952 697 175
752 851 958 961 ste.
1140 906 3044 1100 "Ich? - oh neth! - " sagte er. Es war un
761 1053 2914 1294 fassbar wie ihn das quälte. Es war, als hätte
764 1215 3059 1395 ihm einer plötzlich ein tiefes Leid gezeigt, dass
773 1383 3053 1557 auf ihm lastete, und von dem er bisher nichts ge
778 1548 1545 1739 wusst hatte....
1143 1661 2983 1898 Er blieb sitzen, fühlte sich ganz abge
796 1890 1554 2057 spannt und müde,
1204 1991 2975 2167 Nachdem Bolling unter viel Betfall ge
807 2144 3056 2321 endet, trat wieder die Gastiner auf und tag den
796 2266 3064 2460 Monolog aus der "Zenobta" vor. Die Türe zum Saal
804 2434 2975 2645 war halb offen und Saxberger konnte jedes Wort
816 2581 3024 2781 hören. Es war aus dem ersten Akt, den Saxberger
819 2735 2940 2928 schon gelesen hatte. Er fand den Monolog hohl
833 2897 3085 3122 und langweilig, und wie sie geendet, brach wieder
842 3036 3070 3261 ein lebhafter Betfall aus. Sie wurde zwetmal ge
839 3261 1146 3418 rufen.
1221 3342 3073 3568 Wenn ers so überlegte, geklatscht wurde
848 3478 3180 3710 eigentlich immer. Und er wusste nicht mehr recht,
