3352 4104
2866 379 3011 584 81
761 550 3089 848 er sich selber sagen musste: es ist nicht zu spät.
1180 726 3060 963 Und unwillkürlich musste er dann denken,
865 853 1131 1009 G.H.F.P.
772 874 3026 1166 ih welchen Ausdrücken, der heutige Abend von XIX
767 1070 2901 1281 irgend einem Unbetetligten geschildert werden
775 1224 3028 1461 musste. Und da tauchten stolze Worte in ihm auf:
778 1388 3034 1585 Sie geletteten ihn im Triumpf nach Hause
1472 1475 3026 1724 ihn den Poeten.... Und er freute
810 1594 1354 1773 im Triumpf.
1380 1628 1547 1759 den
801 1683 3063 1929 sich,wie von Tungen Léten einer nach dem andern
801 1811 3112 2088 an seine Seite kam, wie jeder Worte von ihm zu er
807 1958 2994 2233 haschen strebte, wie jeder versuchte, sich ihm
810 2120 3095 2360 möglichst angenehm zu machen. Und er freute sich
830 2242 2945 2522 in wie anspruchsloser Weise er sich selbst er
827 2418 3089 2652 zählen konnte, von den Enttäuschungen seiner Ju
830 2560 3098 2855 gend, von seiner stillen, einsamen Existenz, von
839 2762 3118 2985 seinem Wohnen in dem bescheidenen Gemach mit dem
836 2910 3072 3135 Blick auf die nahen Hügel des Wienerwaldes. Und
856 3026 3020 3318 auch die andächtigen, ja zärtlichen Bliche des
859 3202 3072 3465 Fräuleins Gasteiner taten ihm wohl, und als ihm
848 3384 2971 3636 Staufner einmal zuflüsterte: "schauen Sie der
