3336 4120
2858 453 3006 667 67
775 661 2988 873 gen doch nicht gehen“, setzte Friedinger hinzu.
1184 778 3104 1010 Noch nie war die Stimmung eine so gehobe
786 966 3099 1210 ne gewesen und so wenig heimisch sich Saxberger
798 1097 2956 1332 gerade heute im Anfange befühlt hatte, so wohl
804 1285 3113 1451 war ihm jetzt. Es war ja gar kein Zweifel: Sein
801 1425 3061 1613 Versprechen war es, das die Hoffnungsfreudigkeit
807 1584 3084 1767 der jungen Leute belebt hatte; um ihn und zu ihm
809 1744 2956 1926 ging die Rede; man sah zu ihm auf — er fühlte,
821 1897 2138 2103 dass er der Mittelpunkt war.
1221 2031 3119 2237 Es war heute noch so viel zu besprechen,
879 2164 2945 2388 dass man beschloss noch über die gewöhnliche
824 2367 3113 2515 Zeit beisammen zu bleiben und geme insam in einem
818 2510 3145 2739 Nacht Gasthaus das Nachtmahl einzunehmen. Saxberge
841 2681 2962 2823 wurde genötigt mitzugehen. Betm Verlassen des
827 2814 3148 3003 Kaffeehauses bemerkte er zu seinem Befemden, dass
847 2953 3023 3130 der Absynt des Fräulein Gasteiner, für den sie
841 3116 3157 3293 hätte ein Verbrechen begehen können, unberührt auf
850 3281 1680 3487 dem Tische stand.
1250 3415 3058 3641 Auf dem kurzen Wege vom Kaffeehaus ins
850 3557 3183 3777 Wirtshaus ging Fräulenn Gasteiner neben Saxberger
