3384 4168
2824 533 3005 708 114
762 673 3109 919 das Licht des Tages schien hastiger davon zu schle
765 871 3070 1061 chen und wie er nach der Richtung der Berge schau
765 1011 2984 1206 te waren sie völlig verschwunden. Die Nacht lag
765 1218 1108 1446 um ste.
1168 1295 2887 1488 Alles dies beobachtete Saxberger. Er
771 1434 3121 1651 konnte seine Sinne gegen diese äussern Dinge nicht
779 1615 3002 1823 verschliessen, so wenig sie ihm bedeuteten. Die
785 1749 3085 1956 Minuten und Viertelstunden gingen hin. Jetzt, wie
791 1941 3082 2122 die tiefere Dämmerung eintrat, fiel es ihm wieder
797 2095 3056 2264 mit Macht auf die Seele warum er eigentlich hie
809 2232 3186 2445 her gekommen war. Nachdenken wollte er ja über sein
812 2359 3118 2587 Gedicht, nachdenken. — Nach den Worten, noch den
809 2552 2081 2739 Versen wollte er ja suchen.
1209 2688 3112 2884 Er blieb einen Moment stehen, er schloss
824 2842 3020 3085 sogar die Augen. Da wurden aber alle Töne laut:
824 2958 3041 3210 Töne, die er noch gar nicht gehört hatte, kamen
836 3165 3133 3337 ihm zum Bewusstsein. Er hörte, wie Wagen über die
836 3287 3100 3512 nahe Brücke rollten, er hörte das Anschlagen der
830 3438 3002 3699 Pferdehufe auf dte nahe Böschung, er hörte das
