3352 4104
2752 563 2892 747 90
721 806 2224 989 er zuweilen zu besuchen pflegte.
1124 943 2995 1141 Da ging er hin, setzte sich an ein Fen
715 1086 2933 1270 ster, liess sich seine kleine Melange geben und
721 1246 3030 1375 schaute mit Interesse einer Billardpartie zu, die
721 1340 2998 1527 von einigen alten Herrn gesptelt wurde. Zuet von
721 1550 2974 1737 diesen waren ihm gute Bekannte. Sie gehörten der
736 1705 2983 1833 gleichen Tischgesellschaft an, wie er und hatten
736 1856 2895 1985 ihn bei seinem Eintreten mit einem sehr lauten
738 1996 3018 2177 "servus" begrüsst, das ihm so übel angebracht vor
733 2195 2928 2341 kam, dass er fast verstimmt wurde. Aber wie er
736 2306 2986 2490 erst wieder einige Minuten, an dem kleinen Tisch
736 2455 3012 2656 chen sass, fing er an sich so heimisch zu fühlen,
727 2615 3073 2825 dass er sogar die Aufforderung, für die Partie auf
724 2782 3044 2983 zuschreiben, gar nicht mehr übel nahm und sie mit
730 2948 2221 3120 grosser Aufmerksamkeit befolgte.
1118 3082 2822 3278 Da kam ein sehr interessanter Stoss,
736 3237 2957 3435 durch den die Partie in eine ganz neue Phase ge
724 3392 2916 3599 rückt wurde. Von diesem Augenblick an, war Herr
