3368 4104
2906 514 3052 699 58
776 624 2804 854 Einfluss wahrnehmen. Auf dringendes Bitten,
770 836 3162 1039 hatte Saxberger auch die Zeitschriften mitgebracht,
779 1006 3145 1168 In welchen seine in den Wanderungen nicht aufgenom
767 1153 3165 1320 menen Bedichte standen und nun gingen im Kaffeehaus
776 1314 3076 1487 die alten vergelbten Blätter von Hand zu Hand und
764 1457 3067 1639 man kam wir von einem Staunen ins andere, ### man
761 1630 3156 1774 diese Verse las, die einfach verschollen wären, wenn
761 1777 3010 1932 der Verein "Begeisterung" nicht existiert hätte.
1150 1935 3043 2141 Der kleine Winder bat Saxberger - es war
753 2093 3136 2255 die erste Anrede, welche er an ihn wagte - ihm eine
744 2228 2998 2410 der alten Nummern zu überlassen. Einige von den
735 2398 2938 2544 jungen Leuten hatten ihm Manuskripte übergeben.
726 2547 2989 2723 Er erhielt eigentlich nicht viel, fast alle waren
735 2670 3037 2861 eben mit einer grösseren Arbeit beschäftigit, die
726 2840 3073 3001 erst im Laufe der nächsten Monate vollendet werden
723 2995 2998 3180 sollte. Immerhin bekam er von Staufner einige Ge-
711 3136 3028 3351 dichte, die ihn an die Meters erinnerten und Frte
711 3297 3067 3512 dinger übergab ihm einige Erzählungen, die aus m
364 3339 1460 3512 Saxber ja nicht ganz verständlichen
702 3458 3028 3637 bekannten Gründen als humortstische bezeichnet wa
699 3604 3007 3810 ren. Christian schickte ihn eine filnfahtige Fragö¬
