3336 4088
2543 562 2668 742 37
598 702 2176 885 abende müssen wir veranstalten. "
1026 900 2903 1007 "Und wer soll hineingehen!" sagte Blink.
1029 1050 2741 1248 "Canaille", schrie Staufner indem er
604 1227 1090 1426 aufsprang.
1016 1358 3019 1557 Blink lachte nur kurz. Er schien derartige
589 1487 2582 1719 Ausdrücke gewohn t. Saxberger war erstaunt.
1023 1654 3001 1853 "Das sind blöde E inwendungen", fuhr Stauf
604 1828 2668 2002 ner fort, indem er sich wieder niedersetzte.
614 1972 2866 2173 "Wenn man gleich wieder so anfängt, Mitten unter
610 2149 2912 2320 uns! Schau doch einmal die dort an! " und er wies
614 2286 2921 2485 auf einen Tisch in der andern Ecke des Saales, wo
614 2448 2726 2628 aber zu Saxbergers Verwunderung niemand sass.
620 2585 3062 2756 "Die verstehens, die machen Reklame! Von dem dort -"
610 2750 2930 2927 und er wies auf einen derleeren Sessel - "von dem
607 2903 2924 3065 wird nächstens ein Stück aufgeführt! Und was s ind
604 3043 3052 3233 stel nichtæ! Alle zusammen sind sie nichts. Das sind
607 3168 2970 3361 keine Menschen, die Ideale haben! Streber sind se
607 3349 3004 3526 mit der Mode gehen sie. Um uns kümmert sich keiner,
604 3504 2955 3721 weil wir absetts von der Heerstrasse gehen und
