3352 4120
2754 430 2910 714 74
1876 561 2236 741 maudem
576 671 2806 881 eine spätete Erfüllung von xxx Beglückenden
570 824 2888 1052 zu sein, dass er vor vielen Jahrzehnten ### heiss
586 976 2937 1211 ersehnt und woran er in seinem grauen Altagsleben
586 1162 1074 1376 vergessen.
1086 1315 2708 1464 Und er erhob sich um zu danken. In
592 1446 2894 1601 demselben Augenbliche wurde die laute Versammlung
595 1601 3047 1775 still. Er hatte schon lang nicht vor einem grösseren
573 1784 2791 1964 Kreise gesprochen. In dem Moment, da die grosse
576 1925 2800 2132 Stille um ihn herum entstand, erinnerte er sich
583 2074 2791 2275 an die letzte Gelegenheit, xxx der es geschehen
573 2239 2888 2410 war: Es war beim Austritte eines Untergebenen aus
576 2379 2910 2577 dem Amte gewesen, den er damals mit warmen Worten,
573 2495 2864 2724 als Muster eines pflichtgetreuen Beamten geprie-
580 2647 2931 2858 sen. Und nun wie anders...... und plötzlich kamen
580 2824 3020 2992 ihm jene Worte auf die Lippen, mit denen der pflicht
570 2974 2873 3160 treue Beamte damals geantwortet hatte. Und er be
573 3145 1019 3343 gann....
973 3318 2922 3474 Ich bin so tief gerührt, dass ich keine
564 3416 2916 3672 Worte finden kann.... wirklich ich weiss gar nicht
