3352 4104
2957 526 3088 672 91
834 689 3053 829 Saxberger ganz bei der Sache. Er mischte sich
834 840 3041 994 drein, er gab Ratschläge, er nahm Partei, er er
832 971 3099 1137 bot sich sogar für einen der Herren einen schwie
843 1114 3070 1372 rigen Stoss zu machen, was übrigens höhnisch ab
843 1358 3070 1532 gelehnt wurde. Saxberger war darüber beinahe be
837 1489 3137 1654 leidigt und freute sich sehr, als dem Spötter der
837 1579 3094 1759 Stoss so missglückte, dass er die Partie darüber
852 1808 1178 2012 verlor.
1201 1808 3105 2053 Mit seinen beiden Bekannten, ging er als
849 2024 3065 2227 die Partie beendet war, ins Wirtshaus. Der eine
852 2210 3062 2358 der Hern war ein pensionierter Major, der andre
852 2329 3105 2503 der Inhaber eines grossen Deltkatessengeschäftes
1262 2503 3027 2684 Im Wirtshaus angelangt, nahmen sie qn
866 2637 3204 2829 threm Stamntisch Platz., wo etwa zehn Herren sasse
858 2794 2937 2977 Einer von ihnen hatte heute seinen Namenstag
861 2931 2989 3146 und liess zur Peter desselben einige Flaschen
864 3065 3175 3306 Wein auftragen. Die Unterhaltung war laut und leb
852 3256 3178 3440 haft, Saxberger sprach zuwetlen mit. Aber in mach
875 3466 3207 3663 en Augenblicken kam es ihm sonderbar vor, dass sie
