3384 4136
2829 346 3017 612 144
1198 580 2979 800 Die Haushälterin trat ein und meldete
802 718 2964 966 dass Herr Grossinger ihn zu sprechen wilnschte.
1215 911 3061 1089 Fräulein Gasteiner hatte indessen begon
811 1078 2238 1286 nen die Handschuhe anzuziehen.
1224 1207 3081 1388 "Ich will Sie nicht weiter stören", sag
832 1356 3072 1546 te 3 sie, "und ich denke, was die Gedichte an
838 1502 3090 1713 belangt, so sind Sie mit den heute gelesenen ein
832 1754 1409 1907 verstanden.“
1356 1760 3181 1980 “Ja, gewiss“, erwiderte Herr Saxberger,
846 1942 3201 2176 der ein wenig verlegen geworden war und beglettete
858 2106 3175 2328 sie zur Tür. Zu Grossinger, der eben eintrat, sag
858 2267 3119 2469 te er: "Entschuldigen Sie mich nur einen Moment.
858 2419 3148 2642 und gab dem Fräulein noch bis zur Wohnungstür da
864 2571 3025 2768 Geleite. Sie drückte ihm zum Abschied beinahe
873 2674 3192 3020 heftig die Hand. Er trat wieder ins Zimmer und be
890 2993 1781 3116 grüsste Grossinger.
1327 2993 3186 3233 "Meine Herren!" sagte der. "Ich bild mir
887 3245 3096 3389 ein, Sie sind gestorben, oder wenigstens schwer
884 3327 3063 3553 krank, weil man Sie schon afht Tag oder länger
899 3494 3198 3734 im Wirtshaus nimmer zu Gesicht kriegt, — und der
