3304 4088
627 706 2972 892 verloren, wissen Sie, mit der Jugend. Es sind auch
633 828 3008 1063 die Sorgen gekommen, die tägliche Arbeit, es hat se
627 1014 3039 1206 von selber aufgehört, ich habs gar nicht bemerkt...
682 1160 2923 1382 Der junge Mann hörte zu... er schüttelte
636 1325 1885 1553 den Kopf, bedauernd, ernst.
819 1446 3002 1666 "Ich hab ja auch noch anderes geschrieben,
639 1656 3088 1806 o ja... nicht nur Gedichte. Ich hab sogar einmal ein
2074 1800 2320 1937 G.H.F.P
1763 1778 2004 1937 G.H.F.P.
630 1800 1605 2013 Stück geschrieben. “
1044 1927 2966 2150 „Wie rief Meter aus, “ein Stück! wo ist es
636 2107 1367 2290 bitte, bitte! "
1105 2198 3082 2427 "Ich weiss nicht, ich weiss wirklich nicht
630 2396 2945 2579 mein Gott ich hab es seinerzeit in die Theater he
639 2588 2972 2756 rumgeschickt - drei Jahre ist es herumgereist oder
649 2710 3066 2899 uter, na dann hab ichs halt gehen lassen. — Das ist
2503 2850 2737 3024 ...
633 2865 2473 3069 ja auch schon viel über dreissig Jahre.
996 3005 3036 3161 Nach kurzem Schwetgen erhob sich Meter und
636 3176 2948 3340 indem er die eine Hand auf die Stuhllehne stützte
624 3310 2941 3541 rief er aus: “Es ist eben die alte Geschichte. An
649 3487 2856 3706 fangs genügt uns die eigenen Freude am Schaffen
