3352 4104
2872 596 3026 711 99
1627 1340 2993 1523 Am nächsten Abend begab sich
756 1470 3121 1719 Herr Eduard Saxberger wieder ins Kaffeehaus zu set
2961 1639 3097 1805 G.C.F.
762 1669 2899 1808 nen junge Freunden, und mit tiefer Genugtuung
777 1823 3076 1989 nahm er die ehrerbietigen Grüsse entgegen, mit de
768 1974 3070 2155 nen er bewillkomnt wurde. Auch Fräulein Gastetner
774 2140 3011 2270 war anwesend und wie sie ihm die Hand entgegen -
779 2249 3091 2424 streckte lag auf ihren Lippen ein Lächeln, als be
785 2412 2593 2611 grüsste sie einen alten, lieben Freund.
1191 2570 2896 2765 "Heut stehen wir angekündigt", sagte
765 2724 2984 2904 Meier, indem er ihm ein Zeitungsblat hinreichte
788 2878 2987 3053 und auf eine Nottz wies. Saxberger las: Vereins
768 3023 3150 3207 nachricht. — der literarische Verein "Begeisterung"
774 3195 3038 3376 wird demnächst eine Akademie veranstalten. Unter
779 3313 2931 3545 anderm hat auch der greise Dichter Eduard Sax
782 3441 2863 3648 berger seine freundliche Mitwirkung zugesagt.
