3384 4104
2841 517 2980 748 27
724 733 3041 943 den letzten Abenden an unserm Tische von Ihnen ge
730 909 1730 1098 spröchen worden tst."
1119 1074 3151 1244 Plötzlich war die Unbehaglichkeit Saxberger
733 1192 3093 1372 gers vorüber. Nun entschloss sich der junge Mersch
730 1317 3172 1530 doch endlich wieder von ihm zu reden. Das war es was
739 1484 3163 1673 ihm gefehlt hatte. Und gemütlich lächelnd fragte er:
1156 1630 3117 1825 „Na was haben Sie denn von mir gesprochent
1128 1770 2907 1992 Haben Sie meine Grüsse ausgerichtet?"
1156 1934 3090 2153 "Freilich hab ich das getan. Ich habe mir
739 2092 3038 2336 auch erlaubt von der Exts tenz Ihres Dramas Mittei
730 2275 1746 2451 lung zu machen.... "
1162 2369 3154 2631 "Na das hättens nicht tun brauchen", sagte
733 2591 1642 2789 Saxberger, lächelnd.
1177 2625 2971 2917 “Ste meinen, weil es verloren gegangen
745 2929 3056 3032 ist? Ich bin überzeugt, wenn Sie nur ein bisschen
742 3029 2932 3205 nachdenken, Sie kommen sicher darauf, wo es zu
751 3190 1311 3388 finden ist."
1171 3318 3044 3513 „Na wenns Ihnen eine Freud macht: es hat
751 3473 1724 3735 sich schon gefunden.
