3320 4056
2757 535 2947 709 201
801 712 2676 931 Kinder. "Ich hab Sie nicht stören wollen
807 879 1553 1041 ich hab nur - "
1229 972 3078 1195 Wünschend was von mir?" fragte der alte
801 1195 1811 1377 Herr sehr freundlich.
1238 1293 3023 1487 "Ja.... eine grosse, grosse Bitte hätt
833 1458 3109 1666 ich hab Sie schon immer ersuchen wollen, weil ich
836 1628 3057 1811 eine so grosse, eine so innige Verehrung für Sie
833 1767 1255 1947 habe — "
1195 1843 2985 2114 Saxberger betrachtete ihn wohlwollend.
830 2031 3162 2302 Der junge Mann in aller seiner Verwirrtheit sprach
853 2236 2933 2389 wahr. Seine befangenen Worte klangen herzlich.
1276 2354 3144 2537 "Also um was wollen mich denn ersuchen?"
1281 2485 3083 2707 "Ich hab mich immer nicht getraut - Sie
871 2667 3057 2869 sind ja so in Anspruch genommen — und dann, wie
876 2826 3144 2988 oft ist man sohon an Sie herangetreten......es ist
868 2953 2994 3162 nämlich wegen metner selbst -" setzte er ganz
876 3144 1646 3329 ängstlich hinzu.
1397 3254 2505 3480 "Nunt" fragte Saxberger.
1319 3433 3193 3627 „Ich möcht nämlich gar so gern — ich müch
