3384 4168
2854 616 3033 757 110
724 724 2848 945 verschoben worden. Die engagterte Heroine von
715 912 2991 1128 Wiener Neustadt schien th einer unerhörten Weise
721 1107 2175 1256 gegen sie Intrigutert zu haben.
1164 1202 3066 1418 Der Vortragsabend rückte immer näher
706 1382 3036 1567 Saxberger hatte noch keine Zelle seiner Abendstim¬
709 1552 3054 1720 mungen geschrieben. An einem milden Spätnachmittag
712 1678 3012 1852 entschloss er sich endlich den Spaziergang an der
700 1846 1687 2007 Donaulände zu machen.
1110 1989 3069 2157 Es war noch hell, als er bei der Augarten
709 2148 2979 2312 brücke angelangt her. Er dachte wie oft, er in den
700 2294 3033 2489 letzten Jahren den Weg da betrachtet haben mochte.
709 2474 3012 2611 der sich unter ihm längst des Kanals, gegen Nuss
706 2587 3105 2761 dorf zu, zwischen den Holzplätzen und dem langsamen
694 2755 2967 2919 grauen Fluss hinzog - ohne sich dabei seiner Ju
706 2913 2931 3081 gendjahre zu erinnern. Unbegreiflich war es ihm
703 3060 2949 3251 in diesem Augenblick,wie manche tiefe, innere Er
691 3195 2869 3365 lebnisse einfach durch den kläglichen Lauf der
676 3359 2875 3548 Existenz ausgelöscht werden, als wären sie nie
691 3500 3096 3706 gewesen. Es fiel ihm auch ein, wie er damals diesen
