3368 4136
2890 605 3056 774 159
867 736 2968 972 Wann ist sie denn krank geworden?" rief Sax -
867 989 1403 1135 berger aus.
1248 1053 2986 1237 "Es ist nicht gefährlich", entgegnete
867 1231 3204 1426 Christian. "eine Migräne, die möglicheweise noch
867 1432 1411 1583 gut wird.
1298 1522 3117 1714 "Möglicherweise!" wiederholte Saxberger
876 1705 1633 1865 beinahe weinend.
1260 1833 3003 2011 "Ach was", sagte Belling, "gezankt ha
876 2037 3088 2188 ben sich die xxxet wieder inmal und nun will sie
885 2156 3023 2290 ihm einen Streich spielen, dass ist alles! Mi
893 2343 3044 2471 gräne!! Haha - dte Migräne von der Gasteiner -
885 2471 1257 2636 hahas „
1333 2578 3044 2770 "Das ist ja rücksichtslos", rief Sax
890 2698 3157 2936 berger aus. Er dachte nur mehr an seine Programm
885 2916 3099 3079 nummer. Alles andere war ihm vollkommen gleich
899 3111 1240 3265 9tltig.
1269 3207 3111 3399 Blink, ohne näher zu treten mengte sich
896 3361 3204 3576 ins Gespräch. "Ketne Angst, Herr Saxberger, - die
