3320 4088
2773 447 2925 668 85
1614 1246 3108 1372 Am Nachmittag drauf setzte sich
747 1419 3027 1564 Saxberger an seinen Schreibtisch, lehnte sich in
768 1538 2968 1705 den Sessel zurück und dachte nach. Heute musste
759 1672 3071 1871 endlich mit der Dichtung für den Vortragsabend be
773 1856 3071 2011 gonnen werden. Eines varum klar.» dass er eigent
773 1994 2965 2204 lich kaum ein andres Thema würde wählen können,
2411 2125 2589 2218 ihm
762 2180 3062 2306 als das der eigener Stimmungen, die er die letzte
1845 2268 2055 2385 hatter.
2709 2259 2980 2373 audtes
765 2341 3111 2501 Zeit über durchgemacht. Was hätte er auch
773 2478 3062 2636 sagen gehabt? Oder sollte er etwas froi erfinden?
765 2612 3027 2782 Nun, das hätte er sich lang abquälen können. Das
1900 2741 2008 2822 da
773 2776 2478 2936 fühlte er wohl, die Zeit war vorbei.
1179 2925 3000 3120 Ueber die Wahl des Stoffes gab es also
771 3073 3038 3269 kein weiteres Nachdenken. Wie er ihn aber fassen
771 3219 3018 3395 wollte, wie er nun nach Worten zu suchen begann,
771 3392 2980 3538 um ihn auszudrücken, da merkte er zu seiner Ver
