3368 4152
2838 558 3017 793 151
1582 1316 2997 1495 Der Vortragsabend nahte heran.
764 1466 3017 1643 Und die Stimmung war eine gehobene trotz mancher
764 1634 2933 1814 Widrigkeiten, die der Verein "Begeisterung" zu
775 1762 2936 1952 erfahren hatte. Vor allem nahmen die Zeitungen
772 1935 2971 2100 nicht gen端gend Notiz von der bevorstehenden Ver
775 2088 2945 2253 anstaltung. Man hatte an alle das ausf端hrliche
767 2288 2994 2412 programm geschickt, aber sie begn端gten sich ein
787 2398 2985 2580 fach zu schreiben. "Am sobund so vielten findet
784 2528 2904 2728 im Sadl zum silbernen Kreuz ein Vortragsabend
784 2690 3031 2881 des Vereins "Begeisterung" statt. Nur ein Blatt
772 2838 2838 3054 mit dessen Redakteur Blink gut bekannt war,
784 2991 3083 3150 druckte das ausf端hrliche Programm ab. Der Karten
772 3147 2904 3323 verkauf, den Staufner und Neier besorgte ging
775 3323 2956 3552 anfangs sehr flau. Einige Verwandte der jungen
772 3468 3101 3668 Leute hatten Karten genommen., und der kleine Win
