3368 4136
2721 499 2863 662 69
579 680 2750 918 sie mit der andern den Arm Saxbergers ergriff,
582 826 2899 1060 sagtev sie: "Sieh mal Kind dahin musst Dus einmal
588 1037 1108 1256 bringen! „
1108 1138 2952 1363 Winder erwiderte nichts. Aber Saxberger
618 1289 2917 1506 sah, dass die Augen des jungen Mannes mit Andacht
609 1461 2688 1675 auf thm ruhten. Und er sagte zu dem Kleinen:
1048 1616 2931 1838 "Ich wünsch Ihnen, dass Sies weiter brin
621 1782 1274 1987 gen wie ich!“
1060 1835 2827 2106 “Oh neth, oh nen, “ stammel te Winder.
636 2037 2857 2251 Und Fräulein Gasteiner streichelte ihm lächelnd
642 2213 2949 2426 doe Wange. Dann erkundigte sie sich bei dem alten
633 2328 2872 2581 Herren, ob sein Amt ein schweres sei, und warum
653 2519 2827 2765 er es denn nicht lieber aufgäbe und völlig sei
647 2631 3009 2893 nem Dichterberufe lebe. Und bei den resignierten
644 2810 2937 3041 Antworten Saxbergers lag in den Augen Winders im
653 2973 3044 3178 mer der gleiche Ausdruck von Innigkeit und Andacht.
1093 3116 3035 3279 „Wenn ich einen andern Beruf hätte wählen
674 3249 2970 3466 sollen, als das Theater, so hätte ich mich umge-
680 3430 2254 3671 bracht“, sagte Fräulein Gastelner.
1096 3585 2848 3778 Saxberger musste unwillkürlich an den
689 3736 2798 3885 stehengelassenen Absynt im Kaffeehaus denken.
