3288 4040
2674 426 2858 616 206
655 587 1169 793 keiner - "
1118 743 2917 946 Saxberger lachte. Er lachts so herz -
655 935 2900 1107 lich wie lange nicht. "Machen wirs ab", sagte er
655 1107 2815 1257 zu Winder, indem er ihm die Hand reichte. "Sie
661 1248 2818 1395 brauchen meine Gedichte nicht zu lesen und ich
658 1370 2166 1550 les dafür Ihre auch nicht — ja?“
1144 1547 2951 1717 "Herr Saxberger, Sie sind bös auf mich?"
1073 1714 2858 1881 "Aber Sie Kind! fallt mir ja gar nicht
666 1838 926 2027 ein."
1073 1994 2770 2180 Sie waren vor dem Stammwirtshaus des
666 2166 2767 2296 alten Herrn angelangt und unwillkürlich blieb
658 2287 2858 2493 Saxberger stehen.“Ich bin an meinem Ziel“, sag
675 2426 2940 2612 te er. Ich danke Ihnen für Ihre gütige Begleitung
655 2618 2832 2745 und wenn Sie mich gelegentlich besuchen wollen,
661 2753 2073 2945 solls mir ein Vergnügen sein."
1031 2894 2118 3081 „ Herr Saxberger —“
1067 3078 2993 3236 „Grüss Sie Gott, Herr von Winder, kommend
658 3205 2900 3383 gut nach Haus!“ Mit diesen Worten liess der alte
635 3386 2787 3547 Herr den kleinen Winder stehen und öffnete die
