3336 4104
2846 520 2953 682 79
775 633 1678 891 Lenz ist gekommen!"
1144 828 3040 1042 Wie Saxberger sich verabschieden wollte
787 1005 2976 1228 zeigte es sich, dass keiner nach Hause zu gehen
799 1124 3014 1344 gedachte. Und alle gaben dem alten Herrn das Ge
1902 1330 2285 1495 Kunat ne
1597 1336 1710 1507 P.S.
1734 1347 1867 1498 G.H.F.P.
793 1365 1115 1487 leite.
1185 1443 2985 1612 An seiner Rechten schrift Fräule in Gas¬
807 1577 3101 1792 teiner, die nur ab und zu mit irgend einem andern
799 1734 3130 1937 Mitgliede der Gesellschaft zurückblieb, aber immer
816 1905 3078 2094 wieder an Saxbergers Seite, wie an den ihr gebüh
819 2070 3090 2256 renden Platz zurückkehrte. Die ganze Gesellschaft
828 2236 3046 2404 war in steter, unruhiger Bewegung. Auf dem Burg
828 2364 3122 2561 platz, über den der Weg führte, und der stell und
842 2520 3151 2724 dunkel dalag begann der Humorist Friedinger zu we¬
845 2666 3136 2849 nen. Saxberger erkundigte sich besorgt was das zu
862 2840 3165 3008 bedeuten habe, er erhielt aber die beruhigende Aus¬
857 3002 3098 3159 kunft dass dies nach ähnlichen Gelagen stets der
839 3133 3095 3319 Fall sei. Auf der Ringstrasse fing Linsmann, der
868 3290 3008 3490 zerknetschte, kalle Linsmann plötzlich laut zu
865 3458 3165 3659 pfeifen an. Zu Saxbergers Erstaunen verstummte, da
