<?xml version="1.0" encoding="UTF-8" standalone="yes"?>
<PcGts xmlns="http://schema.primaresearch.org/PAGE/gts/pagecontent/2013-07-15" xmlns:xsi="http://www.w3.org/2001/XMLSchema-instance" xsi:schemaLocation="http://schema.primaresearch.org/PAGE/gts/pagecontent/2013-07-15 http://schema.primaresearch.org/PAGE/gts/pagecontent/2013-07-15/pagecontent.xsd">
    <Metadata>
        <Creator>prov=READ-COOP:name=TrHtr:version=2.1.0:model_id=51170:date=14_08_2023_22:17</Creator>
        <Created>2023-05-10T14:38:52.609+02:00</Created>
        <LastChange>2023-08-14T22:17:40.049+02:00</LastChange>
        <TranskribusMetadata docId="1428643" pageId="55423590" pageNr="160" tsid="132828046" status="IN_PROGRESS" userId="64420" imgUrl="https://files.transkribus.eu/Get?id=DXDTHOGJFUHXEUFGFMGSSAYG&amp;fileType=view" xmlUrl="https://files.transkribus.eu/Get?id=XKLBMQHVOFDFDYFIOJLQSJKE" imageId="44697669"/>
    </Metadata>
    <Page imageFilename="1428643_0160.jpg" imageWidth="3400" imageHeight="4152">
        <ReadingOrder>
            <OrderedGroup id="ro_1711815960284" caption="Regions reading order">
                <RegionRefIndexed index="0" regionRef="tr_1"/>
            </OrderedGroup>
        </ReadingOrder>
        <TextRegion id="tr_1" custom="readingOrder {index:0;}">
            <Coords points="740,729 3074,729 3074,3547 740,3547"/>
            <TextLine id="tr_1_tl_1" custom="readingOrder {index:0;}">
                <Coords points="2789,825 2830,823 2850,834 2864,820 2893,825 2917,817 2943,828 2974,828 2977,707 2925,718 2873,678 2861,684 2830,666 2821,672 2795,666"/>
                <Baseline points="2808,785 2847,782 2892,782 2937,779 2981,782"/>
                <TextEquiv>
                    <Unicode>150</Unicode>
                </TextEquiv>
            </TextLine>
            <TextLine id="tr_1_tl_2" custom="readingOrder {index:1;}">
                <Coords points="744,933 3067,993 3035,825 1269,886 741,828"/>
                <Baseline points="758,925 802,925 847,925 892,925 937,925 982,925 1026,925 1071,925 1116,925 1161,925 1205,925 1250,925 1295,925 1340,925 1384,925 1429,925 1474,925 1519,925 1564,925 1608,928 1653,925 1698,928 1743,928 1787,928 1832,931 1877,928 1922,928 1967,928 2011,928 2056,931 2101,931 2146,928 2190,928 2235,928 2280,931 2325,931 2370,931 2414,931 2459,931 2504,931 2549,931 2593,931 2638,931 2683,934 2728,934 2772,934 2817,934 2862,934 2907,934 2952,934 2996,934 3041,934 3074,931"/>
                <TextEquiv>
                    <Unicode>Major wart sicher schon auf mich. Und der Steinin</Unicode>
                </TextEquiv>
            </TextLine>
            <TextLine id="tr_1_tl_3" custom="readingOrder {index:2;}">
                <Coords points="770,1103 3056,1109 3056,991 770,1025"/>
                <Baseline points="785,1086 829,1080 874,1080 919,1080 964,1077 1008,1080 1053,1077 1098,1077 1143,1077 1187,1077 1232,1077 1277,1077 1322,1077 1367,1077 1411,1074 1456,1077 1501,1077 1546,1077 1590,1077 1635,1077 1680,1077 1725,1080 1770,1080 1814,1083 1859,1083 1904,1083 1949,1083 1993,1083 2038,1083 2083,1083 2128,1083 2173,1083 2217,1083 2262,1083 2307,1083 2352,1086 2396,1086 2441,1086 2486,1086 2531,1086 2575,1086 2620,1086 2665,1086 2710,1086 2755,1086 2799,1089 2844,1089 2889,1089 2934,1089 2978,1089 3023,1092 3062,1092"/>
                <TextEquiv>
                    <Unicode>ger und der Hildebrand sind gewiss auch dort. Ja,</Unicode>
                </TextEquiv>
            </TextLine>
            <TextLine id="tr_1_tl_4" custom="readingOrder {index:3;}">
                <Coords points="750,1257 2833,1300 3056,1271 3056,1153 750,1182"/>
                <Baseline points="767,1229 811,1229 856,1229 901,1229 946,1229 990,1229 1035,1229 1080,1229 1125,1229 1170,1229 1214,1229 1259,1232 1304,1232 1349,1232 1393,1235 1438,1232 1483,1226 1528,1229 1573,1229 1617,1232 1662,1232 1707,1232 1752,1235 1796,1235 1841,1235 1886,1235 1931,1235 1976,1235 2020,1238 2065,1238 2110,1235 2155,1238 2199,1238 2244,1238 2289,1238 2334,1238 2378,1238 2423,1238 2468,1238 2513,1241 2558,1241 2602,1241 2647,1241 2692,1238 2737,1238 2781,1238 2826,1241 2871,1241 2916,1241 2961,1241 3005,1241 3050,1244 3062,1244"/>
                <TextEquiv>
                    <Unicode>kommens mit?“ Im Ernst, Saxberger, wir haben uns</Unicode>
                </TextEquiv>
            </TextLine>
            <TextLine id="tr_1_tl_5" custom="readingOrder {index:4;}">
                <Coords points="750,1416 1295,1390 1706,1492 2256,1457 2256,1329 2065,1300 750,1312"/>
                <Baseline points="767,1382 811,1379 856,1379 901,1382 946,1382 990,1382 1035,1382 1080,1382 1125,1382 1170,1382 1214,1382 1259,1382 1304,1382 1349,1382 1393,1384 1438,1384 1483,1382 1528,1382 1573,1382 1617,1382 1662,1382 1707,1382 1752,1384 1796,1384 1841,1384 1886,1384 1931,1387 1976,1384 2020,1384 2065,1384 2110,1382 2155,1384 2199,1384 2244,1384 2262,1382"/>
                <TextEquiv>
                    <Unicode>wirklich Sorgen um Sie gemacht.</Unicode>
                </TextEquiv>
            </TextLine>
            <TextLine id="tr_1_tl_6" custom="readingOrder {index:5;}">
                <Coords points="1115,1576 2549,1544 3018,1625 3015,1463 1112,1460"/>
                <Baseline points="1128,1531 1173,1531 1217,1534 1262,1534 1307,1534 1352,1534 1396,1534 1441,1537 1486,1534 1531,1534 1576,1534 1620,1534 1665,1537 1710,1537 1755,1537 1799,1537 1844,1537 1889,1537 1934,1537 1978,1537 2023,1537 2068,1540 2113,1540 2158,1540 2202,1540 2247,1540 2292,1540 2337,1540 2381,1540 2426,1540 2471,1540 2516,1540 2561,1540 2605,1540 2650,1540 2695,1543 2740,1546 2784,1546 2829,1546 2874,1546 2919,1543 2964,1543 3008,1543 3026,1546"/>
                <TextEquiv>
                    <Unicode>Saxberger entschloss sich mit Grossinger</Unicode>
                </TextEquiv>
            </TextLine>
            <TextLine id="tr_1_tl_7" custom="readingOrder {index:6;}">
                <Coords points="756,1703 3058,1755 3056,1631 2876,1607 753,1625"/>
                <Baseline points="773,1680 817,1683 862,1683 907,1683 952,1686 996,1686 1041,1686 1086,1686 1131,1686 1176,1686 1220,1686 1265,1686 1310,1686 1355,1686 1399,1686 1444,1686 1489,1689 1534,1686 1579,1686 1623,1689 1668,1689 1713,1686 1758,1689 1802,1689 1847,1686 1892,1689 1937,1689 1981,1689 2026,1689 2071,1689 2116,1689 2161,1689 2205,1689 2250,1692 2295,1692 2340,1692 2384,1695 2429,1695 2474,1695 2519,1695 2564,1695 2608,1692 2653,1692 2698,1695 2743,1695 2787,1695 2832,1695 2877,1698 2922,1698 2966,1698 3011,1695 3056,1695 3065,1698"/>
                <TextEquiv>
                    <Unicode>ins Kaffeehaus zu gehen - allerdings nicht um die</Unicode>
                </TextEquiv>
            </TextLine>
            <TextLine id="tr_1_tl_8" custom="readingOrder {index:7;}">
                <Coords points="736,1862 3001,1914 2948,1755 2444,1793 2297,1703 2094,1801 736,1778"/>
                <Baseline points="752,1835 796,1835 841,1835 886,1835 931,1835 976,1835 1020,1838 1065,1838 1110,1841 1155,1838 1199,1838 1244,1838 1289,1838 1334,1838 1379,1835 1423,1838 1468,1838 1513,1841 1558,1841 1602,1844 1647,1844 1692,1844 1737,1844 1781,1844 1826,1844 1871,1844 1916,1844 1961,1844 2005,1844 2050,1844 2095,1844 2140,1847 2184,1847 2229,1844 2274,1844 2319,1844 2364,1847 2408,1847 2453,1847 2498,1844 2543,1847 2587,1847 2632,1847 2677,1847 2722,1847 2767,1847 2811,1847 2856,1847 2901,1847 2946,1850 2990,1850 3008,1847"/>
                <TextEquiv>
                    <Unicode>Herren zu beruhigen, aber er späte eine merkoüre</Unicode>
                </TextEquiv>
            </TextLine>
            <TextLine id="tr_1_tl_9" custom="readingOrder {index:8;}">
                <Coords points="2398,1946 2453,1946 2459,1952 2468,1943 2482,1943 2499,1952 2511,1940 2572,1943 2575,1883 2557,1883 2549,1871 2528,1865 2523,1871 2488,1868 2476,1856 2447,1862 2415,1845 2401,1845"/>
                <Baseline points="2414,1934 2444,1934 2489,1934 2534,1931 2578,1928"/>
                <TextEquiv>
                    <Unicode>als</Unicode>
                </TextEquiv>
            </TextLine>
            <TextLine id="tr_1_tl_10" custom="readingOrder {index:9;}">
                <Coords points="750,2027 2013,2004 2161,2091 3044,2039 3044,1949 2960,1932 750,1949"/>
                <Baseline points="767,1987 811,1987 856,1990 901,1990 946,1993 990,1990 1035,1993 1080,1990 1125,1993 1170,1990 1214,1990 1259,1990 1304,1990 1349,1990 1393,1993 1438,1993 1483,1993 1528,1993 1573,1993 1617,1996 1662,1996 1707,1996 1752,1996 1796,1996 1841,1996 1886,1996 1931,1996 1976,1996 2020,1996 2065,1996 2110,1996 2155,1996 2199,1999 2244,1999 2289,2002 2334,1999 2378,2002 2423,2002 2468,2002 2513,2002 2558,2002 2602,2002 2647,2002 2692,2002 2737,2002 2781,2002 2826,2002 2871,2002 2916,2002 2961,2002 3005,2002 3050,1999"/>
                <TextEquiv>
                    <Unicode>dige Sehnsucht in sich auftauchen, xxx Grossinger</Unicode>
                </TextEquiv>
            </TextLine>
            <TextLine id="tr_1_tl_11" custom="readingOrder {index:10;}">
                <Coords points="747,2163 2974,2250 2974,2094 2861,2059 744,2080"/>
                <Baseline points="764,2137 808,2137 853,2140 898,2140 943,2140 988,2143 1032,2140 1077,2140 1122,2143 1167,2143 1211,2146 1256,2146 1301,2146 1346,2146 1390,2146 1435,2146 1480,2146 1525,2146 1570,2146 1614,2146 1659,2146 1704,2149 1749,2149 1793,2149 1838,2149 1883,2149 1928,2149 1973,2152 2017,2149 2062,2149 2107,2149 2152,2149 2196,2149 2241,2149 2286,2152 2331,2152 2375,2152 2420,2152 2465,2155 2510,2155 2555,2152 2599,2155 2644,2155 2689,2155 2734,2155 2778,2155 2823,2155 2868,2155 2913,2155 2958,2155 2978,2155"/>
                <TextEquiv>
                    <Unicode>diese Namen nannte, die Sehnsucht bei einer Bil</Unicode>
                </TextEquiv>
            </TextLine>
            <TextLine id="tr_1_tl_12" custom="readingOrder {index:11;}">
                <Coords points="747,2334 1856,2308 2505,2410 3027,2326 2934,2236 747,2242"/>
                <Baseline points="764,2298 808,2298 853,2298 898,2295 943,2298 988,2298 1032,2298 1077,2295 1122,2298 1167,2298 1211,2298 1256,2298 1301,2298 1346,2301 1390,2301 1435,2301 1480,2301 1525,2301 1570,2301 1614,2301 1659,2301 1704,2304 1749,2304 1793,2304 1838,2307 1883,2307 1928,2310 1973,2307 2017,2307 2062,2304 2107,2304 2152,2304 2196,2307 2241,2310 2286,2313 2331,2313 2375,2307 2420,2307 2465,2307 2510,2307 2555,2307 2599,2307 2644,2307 2689,2307 2734,2310 2778,2307 2823,2307 2868,2310 2913,2310 2958,2310 3002,2310 3035,2313"/>
                <TextEquiv>
                    <Unicode>lardpartie zu kibitzen, ja sogar "aufzuschretben.</Unicode>
                </TextEquiv>
            </TextLine>
            <TextLine id="tr_1_tl_13" custom="readingOrder {index:12;}">
                <Coords points="2798,2413 2844,2415 2873,2401 2896,2401 2905,2392 2934,2401 2948,2392 3001,2395 3001,2326 2974,2320 2937,2331 2914,2314 2890,2323 2873,2317 2859,2326 2798,2331"/>
                <Baseline points="2814,2390 2829,2390 2874,2387 2919,2387 2964,2387 3008,2387"/>
                <TextEquiv>
                    <Unicode>xber</Unicode>
                </TextEquiv>
            </TextLine>
            <TextLine id="tr_1_tl_14" custom="readingOrder {index:13;}">
                <Coords points="733,2488 2972,2523 2969,2395 2905,2389 733,2401"/>
                <Baseline points="749,2447 793,2447 838,2450 883,2447 928,2447 973,2450 1017,2450 1062,2453 1107,2456 1152,2456 1196,2456 1241,2453 1286,2453 1331,2456 1376,2456 1420,2456 1465,2456 1510,2456 1555,2456 1599,2459 1644,2456 1689,2459 1734,2456 1779,2459 1823,2459 1868,2462 1913,2459 1958,2459 2002,2459 2047,2462 2092,2462 2137,2462 2181,2462 2226,2462 2271,2462 2316,2462 2361,2462 2405,2462 2450,2462 2495,2462 2540,2462 2584,2462 2629,2462 2674,2465 2719,2465 2764,2468 2808,2468 2853,2465 2898,2465 2943,2459 2975,2459"/>
                <TextEquiv>
                    <Unicode>Er begriff es eigentlich selbst nicht recht,</Unicode>
                </TextEquiv>
            </TextLine>
            <TextLine id="tr_1_tl_15" custom="readingOrder {index:14;}">
                <Coords points="736,2659 2995,2662 2992,2557 2612,2517 733,2540"/>
                <Baseline points="752,2605 796,2602 841,2605 886,2605 931,2605 976,2605 1020,2608 1065,2605 1110,2608 1155,2608 1199,2608 1244,2608 1289,2608 1334,2608 1379,2611 1423,2611 1468,2611 1513,2608 1558,2608 1602,2608 1647,2611 1692,2611 1737,2611 1781,2608 1826,2608 1871,2611 1916,2614 1961,2614 2005,2617 2050,2620 2095,2620 2140,2617 2184,2617 2229,2617 2274,2617 2319,2617 2364,2620 2408,2620 2453,2617 2498,2617 2543,2617 2587,2620 2632,2617 2677,2620 2722,2620 2767,2623 2811,2620 2856,2623 2901,2620 2946,2620 2990,2623 3002,2620"/>
                <TextEquiv>
                    <Unicode>hatte heute mehr Lust einer Billardpartie dieser</Unicode>
                </TextEquiv>
            </TextLine>
            <TextLine id="tr_1_tl_16" custom="readingOrder {index:15;}">
                <Coords points="744,2757 2963,2844 2963,2670 2062,2749 744,2682"/>
                <Baseline points="761,2755 805,2758 850,2758 895,2761 940,2761 985,2761 1029,2761 1074,2761 1119,2761 1164,2764 1208,2764 1253,2764 1298,2764 1343,2764 1387,2764 1432,2764 1477,2764 1522,2764 1567,2764 1611,2764 1656,2764 1701,2764 1746,2764 1790,2767 1835,2767 1880,2767 1925,2767 1970,2767 2014,2769 2059,2769 2104,2772 2149,2772 2193,2772 2238,2772 2283,2772 2328,2769 2372,2772 2417,2772 2462,2772 2507,2772 2552,2775 2596,2775 2641,2775 2686,2775 2731,2775 2775,2775 2820,2775 2865,2778 2910,2778 2955,2778 2969,2775"/>
                <TextEquiv>
                    <Unicode>dumpfen Philister zuzusehen, als den Gesprächen</Unicode>
                </TextEquiv>
            </TextLine>
            <TextLine id="tr_1_tl_17" custom="readingOrder {index:16;}">
                <Coords points="736,2922 2184,3027 2980,2951 2977,2830 733,2847"/>
                <Baseline points="752,2910 796,2910 841,2910 886,2913 931,2913 976,2913 1020,2916 1065,2916 1110,2916 1155,2916 1199,2919 1244,2916 1289,2919 1334,2919 1379,2919 1423,2919 1468,2919 1513,2919 1558,2919 1602,2916 1647,2916 1692,2916 1737,2916 1781,2919 1826,2919 1871,2919 1916,2919 1961,2922 2005,2919 2050,2919 2095,2919 2140,2922 2184,2922 2229,2922 2274,2922 2319,2922 2364,2922 2408,2922 2453,2925 2498,2925 2543,2925 2587,2928 2632,2928 2677,2931 2722,2931 2767,2931 2811,2931 2856,2931 2901,2931 2946,2934 2987,2937"/>
                <TextEquiv>
                    <Unicode>seiner jungen, begeisterten Freunde zu lauschen.</Unicode>
                </TextEquiv>
            </TextLine>
            <TextLine id="tr_1_tl_18" custom="readingOrder {index:17;}">
                <Coords points="1153,3102 1775,3073 1880,3166 2082,3195 2830,3140 2830,3021 2418,2980 1153,3018"/>
                <Baseline points="1170,3062 1214,3059 1259,3062 1304,3062 1349,3065 1393,3065 1438,3068 1483,3065 1528,3065 1573,3065 1617,3068 1662,3074 1707,3074 1752,3071 1796,3071 1841,3074 1886,3074 1931,3074 1976,3074 2020,3074 2065,3071 2110,3071 2155,3074 2199,3074 2244,3074 2289,3074 2334,3077 2378,3077 2423,3080 2468,3077 2513,3077 2558,3080 2602,3083 2647,3086 2692,3086 2737,3083 2781,3086 2826,3089 2835,3086"/>
                <TextEquiv>
                    <Unicode>"Gehen wir", sagte er zu Grissinger.</Unicode>
                </TextEquiv>
            </TextLine>
            <TextLine id="tr_1_tl_19" custom="readingOrder {index:18;}">
                <Coords points="747,3221 854,3258 1057,3252 1095,3224 1431,3241 1428,3166 1393,3180 1338,3134 1266,3166 1025,3148 988,3171 904,3142 744,3137"/>
                <Baseline points="764,3217 767,3214 811,3208 856,3208 901,3211 946,3211 990,3211 1035,3214 1080,3214 1125,3217 1170,3217 1214,3217 1259,3217 1304,3217 1349,3217 1393,3217 1438,3211"/>
                <TextEquiv>
                    <Unicode>"Ich komm mit."</Unicode>
                </TextEquiv>
            </TextLine>
            <TextLine id="tr_1_tl_20" custom="readingOrder {index:19;}">
                <Coords points="1153,3371 1874,3374 2149,3481 2662,3423 2989,3464 2972,3287 2720,3339 1153,3310"/>
                <Baseline points="1170,3369 1214,3363 1259,3366 1304,3366 1349,3372 1393,3372 1438,3372 1483,3372 1528,3372 1573,3372 1617,3372 1662,3372 1707,3372 1752,3372 1796,3372 1841,3372 1886,3372 1931,3375 1976,3378 2020,3378 2065,3375 2110,3378 2155,3375 2199,3378 2244,3378 2289,3384 2334,3384 2378,3381 2423,3381 2468,3384 2513,3384 2558,3384 2602,3387 2647,3390 2692,3387 2737,3387 2781,3387 2826,3387 2871,3390 2916,3390 2961,3390 2993,3390"/>
                <TextEquiv>
                    <Unicode>"Das ist eine Red", rief Grossinger aus</Unicode>
                </TextEquiv>
            </TextLine>
            <TextLine id="tr_1_tl_21" custom="readingOrder {index:20;}">
                <Coords points="724,3525 2656,3542 2653,3438 1871,3487 1106,3354 721,3476"/>
                <Baseline points="740,3516 785,3516 829,3516 874,3516 919,3516 964,3516 1008,3516 1053,3519 1098,3519 1143,3522 1187,3519 1232,3522 1277,3522 1322,3525 1367,3528 1411,3528 1456,3528 1501,3525 1546,3525 1590,3525 1635,3528 1680,3528 1725,3528 1770,3528 1814,3528 1859,3528 1904,3528 1949,3528 1993,3528 2038,3528 2083,3531 2128,3531 2173,3531 2217,3537 2262,3537 2307,3537 2352,3534 2396,3534 2441,3537 2486,3537 2531,3537 2575,3537 2620,3537 2662,3537"/>
                <TextEquiv>
                    <Unicode>und biss die Spitze einer Kubazigarre ab.</Unicode>
                </TextEquiv>
            </TextLine>
        </TextRegion>
    </Page>
</PcGts>
