3352 4136
2906 524 3081 749 128
723 702 2979 931 gesprochen worden und als knüpfte er einfach an.
1206 875 3037 1036 "Also es war keine Hautheit, Sie müssen
732 1015 2958 1238 nicht glauben, dass ich Sie gerne hab aufsitzen
729 1173 3029 1358 lassen, meine Herren, ja, wenn man so lang heraus
737 1346 2994 1522 ist aus dem ganzen — wenn man ein alter Kerl wor¬
740 1463 2912 1665 den ist - da kommt man nimmer so leicht in die
732 1718 1290 1917 Stimmung.
1261 1759 3096 1969 "Natürlich, natürlich", murmelten Meter
743 1990 2941 2154 und Blink, aber im ganzen 'kümmerte man sich um
755 2092 3108 2262 die Bemerkung des alten Herrn sehr wenig.Es schien
752 2277 3102 2417 thnen so ziemlich einerlet zu sein, ob er aus Faul
749 2429 3067 2607 heits oder aus Mangel an Stimmung nichts zusammen
773 2625 1475 2762 gebracht hatte.
1127 2663 3119 2891 Wie man heute das Kaffeehaus verliess hing
764 2879 2915 3040 sich Linsmann ( was noch nie geschehen war )
764 2999 3061 3181 ohne wetteres freundschaftlich in Saxbergers Arm,
761 3160 2996 3353 wie er sonst zuweilen mit Friedinger oder einem
770 3359 2985 3503 andern der jüngern zu gehen piflegte. Saxberger
764 3462 2961 3716 fühlte sich ganz eigentümlich berührt. So gute
