3368 4120
2998 543 3130 726 77
761 753 2571 974 Menschen in glühenden Worten Ausdruck.
1189 935 3139 1150 Der Tragödtendichter Christian hatte sei
767 1084 3171 1311 nen Sessel neben den des Fräulein Gastetner gerückt
797 1248 3148 1427 und sprach mit ihr, indem er mit seinen Lippen bet
797 1415 3016 1604 nahe ihren Hals berührte. Friedinger sass breit
803 1559 3109 1765 auf zwei Sesseln, mit etwas blöden Augen vor stch
803 1693 3124 1896 hinschauend. Meter stand neben ihm und war der ru
812 1905 1616 2129 higste von allen.
1236 1983 3165 2198 "Weisst Du worauf ich neugierig bin", sag
818 2204 1762 2425 te er zu Friedinger.
1230 2344 1642 2550 "Na — 7"
1251 2476 3037 2664 „Wie das neue Werk von dem alten Herrn
821 2628 3183 2834 ausfallen wird. " Und er lächelte zu diesen Worten
812 2801 3153 3010 Friedinger war es nicht klar, ob in freudiger Neu
830 2932 2326 3186 gier oder in höhmischem Zweifel.
1287 3076 3195 3315 Friedinger, der immer, wenn er getrunken
836 3264 2986 3446 hatte, auserordentlich ernst wurde, erwiderte:
866 3360 3156 3658 "Der Alte, das tat ein Gentel das ist ein verhann
