3320 4104
2866 508 3036 670 181
1607 1224 3036 1437 Am nächsten Morgen wachte Sax¬
755 1434 2979 1568 berger th Mumpfer Verstimmung auf. Die mechani -
758 1573 2959 1735 sche Beschäftigung des Vormittags im Bureau tat
758 1684 3039 1869 Ihm wohl, indem sie ihn nicht recht zur Besinnung
761 1869 3030 2025 kommen liess. Auf dem Nachhauseweg vom Mittagmahl
753 2022 2996 2190 wunderte er sich, wie warm es war. Kleine Mädchen
753 2190 2979 2360 auf den Strassen verkauften Veilchensträusschen,
764 2334 2934 2513 die Spaztergänger hatten schon alle den gemäch
755 2448 3002 2641 lichen Schritt, mit dem man an den ersten, lauen
758 2664 2800 2814 schönen Tagen flantert. Der Frühling war da.
1162 2797 2999 2962 Saxberger öffnete, in seiner Wohnung an
755 2905 2914 3096 gelangt, das Fensterf Die Luft, die von aussen
753 3067 2894 3283 kam tat ihm wohl. Er stülzte seine Elbogen aufs
744 3240 2846 3422 Fenstebrett und sah hinaus. Da wurde er müde,
744 3388 2999 3587 die Augen fielen ihm zu und wie ihm der gestrige
