3352 4136
2803 478 2943 690 65
1090 636 2988 887 Staufner übergab ihr den Zettel, welcher
690 851 3039 1030 in der letzten Tett immer vor ihm lag und sie über
693 961 2901 1203 flog ihn rasch. “Sie haben, wie Sie sehen, die
690 1128 2161 1346 dritte und die sechste Nummer.“
1101 1275 3033 1466 Sie las halblaut. eins... xwæt.... dret...
758 1448 3051 1618 ja das bin ich — stimmt — vier — Saxberger.- Also
696 1618 2403 1749 Säe lesen selber, Herr Saxberger?" —
1146 1752 2913 1940 "Ja", sagte meier, "darüber müssen wir
704 1892 3104 2078 nun endlich schlüssig werden. Darf ich fragen. Her
704 2051 3060 2251 Saxberger, wie es mit Ihrer neuen Dichtung steht?"
1125 2212 3054 2385 Saxberger war zugleich erfreut und einwe
722 2385 3084 2549 nig erschrocken. Man redete von seiner neuen Dich
731 2525 2889 2725 tung, wie von etwas selbstverständlichem. - Er
725 2651 3012 2851 wagte es kaum zu sagen, dass er noch gar nicht
737 2854 2946 3024 gonnen hatte. "Sie müssen mir noch ein bisschen
728 2979 2191 3167 Zett lassen", sagte er endlich.
1149 3107 3000 3322 „Und darf ich sie lesen", rief Fräulein
728 3272 2994 3486 Gasteiner plötzlich aus. Sie hatte die Augen auf
743 3424 3018 3633 ihn gerichtet, als handelte es sich um eine Sache
749 3588 2913 3803 von ungeheuerem Ernste. Saxberger fühlte: Hier
