3304 4056
2845 545 3045 685 202
757 668 2804 923 möcht ein aufrichtiges Urteil, ein ehrliches
768 889 3080 1032 aus Ihrem Mund, ob ich ein Talent hab oder nicht..
768 966 2968 1199 ja, zu ihnen hab ich Vertrauen, Ihnen möcht ich
777 1164 2997 1322 die Entscheidung überlassen, denn Sie müssen wis
777 1339 3054 1485 sen, Herr Saxberger, meine Herren Eltern sind sehr
783 1480 1201 1683 dagegen."
1181 1597 3054 1804 "Ja wie soll denn ich das entscheiden, o
774 1789 1950 1956 ob Sie ein Talent haben?"
1150 1898 2965 2105 "Das ists ja eben. Ich möcht Ihnen mei
771 2045 2607 2288 ne Sachen zum lesen geben - ich möcht-“
1230 2251 2974 2394 Saxberger wehrte ab. "Lieber Herr von
777 2360 2879 2543 Winder, seine nicht bös, aber das tuns lieber
774 2564 2905 2698 nicht. Zum Lesen können. Sie mir sie ja geben,
780 2695 2277 2859 aber ein Urtell - nein, nein - "
1179 2859 2902 3034 Der kleine Winder wurde ganz traurig.
786 2988 2039 3194 "Ja warum denn?" fragte er.
1150 3120 3014 3306 "Ja", erwiderte Saxberger und es kam wie
791 3298 2985 3490 eine Erleuchtung über ihn, dass er so mit etrem
766 3444 2928 3642 Mal die richtigen Worte fand - "Ich versteh ja
