3336 4104
2821 485 2954 601 41
660 619 2993 832 doch möglichst bald wieder die Runde mit seiner Ge
678 814 2993 974 genwart zu beehren, erklärte er, dass er sich ganz
660 995 2910 1140 zu Hause gefühlt habe und gewiss nicht versäumen
651 1131 2954 1291 werde bald wieder zu kommen. Draussen vor der Tür
660 1270 3004 1415 grüssten alle den alten Herrn, und Meter erbot sich
669 1444 2392 1601 ihn noch ein Stück Wegs zu begleiten.
1057 1569 2924 1746 Eine Weile schwiegen beide. Dann begann
660 1687 3016 1888 Meier.: "Darf ich fragen, Herr Saxberger, wie Sie s
666 1871 1951 2022 sich bei uns behagt haben?"
1137 2004 2975 2208 "Aber sehr gut hath mir gefallen", erwi
675 2190 1430 2356 derte Saxberger.
1104 2306 2978 2489 "Nun", erwiderte Meter, "es var heute et
678 2489 2942 2673 gentlich nicht das Rechte. Auch haben einige ge¬
681 2646 3064 2800 fehlt, die Ihnen sicher sehr sympathisch sein werden
681 2800 2176 2972 so zum Beispiel der Friedinger.“
1110 2978 2930 3132 "Ah von dem wollen Sie ja was vortragen
675 3105 1770 3274 lassen an Ihrem Abend?"
1151 3259 2972 3448 “Ja. Und dann der Schauspieler Belling,
684 3410 2344 3590 der an unserm Abend mitwirken soll.
