3304 4056
2794 529 2991 697 200
712 668 2844 932 auch ein älterer Herr darunter gewesen. Es in
718 874 3053 1103 terselierte wohl niemanden, gar über die
724 1012 2924 1244 er dann hörte, dass Meter der Verfasser der Kri
724 1185 3012 1371 tik sein - da staunte er wohl im Anfang über die
732 1329 2894 1559 Gleichgiltigkeit dieses Herrn, der vor wenigen
732 1479 2900 1671 Wochen ihm so begestert die Huldigung des jun
744 1588 2988 1874 gen Wien überbracht hatte.... Die Begeisterung
759 1765 3079 1988 war ein bisschen rasch verflogen - es musste ihnen
756 1915 3003 2141 doch bald eingefallen sein, dass sie um dreissig
765 2068 2915 2303 uterzig Jahre zu spät kamen. Sie nahmen ihn ja
768 2215 2912 2447 kaum mehr ernst. Wie hatte sich der Ton dieser
771 2379 2685 2594 jungen Leute im Verkehr mit ihm geändert.
1179 2515 3027 2721 Da merkte er, dass jemand an seiner Sei
794 2682 3159 2868 te ging. Es war der kleine Winder, der schon einige
782 2853 2959 3032 Zett neben ihm einherschritt, ohne dass es dem
794 2968 2994 3221 alten Herrn aufgefallen war. "Wie Sie begletten
794 3179 3056 3329 micht Entschuldigen Sie ich hab Sie gar nicht ge
806 3382 1135 3547 sehen.
1303 3421 3135 3685 „Oh bitte, bitte....“ sagte der kleine
