3352 4136
2698 566 2879 678 170
1084 693 2800 924 Wie sie auf das Podtum trat, ertönte
665 897 3023 1051 Händeklatschen so lebhaft wie es bisher noch nicht
668 1030 2912 1189 zu hören gewesen. Saxberger freute sich darüber.
665 1204 2843 1343 Hinter ihm Staufner, Blink, Friedinger redeten
668 1364 3026 1500 mit einander. Er drehte sich um und rief thnen ein
732 1506 2933 1668 'pst" zu. Er konnte noch sehen, wie sie einander
687 1677 3108 1798 lächelnd anschen. Von nun ab hielt er die Augen fest
681 1771 2246 1972 auf Fräulein Gasteiner gerichtet.
1117 1963 2849 2099 "Abendstimmungen", sagte sie. Sie las
684 2093 2993 2258 ruhig in einem wiegenden, sinnlichen Ton, der ihm
693 2283 2933 2427 ganz fremd vorkam. Im Publikum war es vollkommen
687 2397 2987 2551 still und wie er sich die Leute anschaute, konnte
684 2569 2939 2713 er sehen, dass die Bliche aller an der Vortragen
696 2734 3014 2873 den hingen. Wie das Gedicht zu ende war - blieb es
693 2840 3071 3026 still. Saxberger begriff das gar nicht, dann dachte
690 3029 2939 3216 er man wüsste vielleicht nicht, dass es schon zu
684 3156 2966 3321 ende wäre. Da begann aber auch schon der Applaus.
675 3309 2981 3487 Die Sekunde zwischen dem letzten Wort und dem Be
687 3511 2885 3656 ginn des Beifalls war ihm sehr lang erschienen.
