3336 4120
2787 422 2958 617 101
713 602 2682 870 gestndel gemischt, das ihn nicht verstand.
1126 780 3107 1004 Das laute Gespräch rings um ihn weckte ihn
730 948 3002 1175 aus seinem Nachstnnen. Staufner erzählte, dass er
742 1070 2848 1265 oft wochenlang nicht fähig wäre einen Vers zu
733 1227 2981 1469 schreiben, aber es gäbe gewisse Gegenden, die ei
730 1390 2932 1591 nen belebenden Einfluss auf seine Arbeitsfreudig
739 1521 3077 1739 keit ausübten, Oblches diese Gegenden wären wollte
748 1725 1594 1897 er nicht verraten.
1155 1876 3075 2030 „Vielleicht ists ein Aberglaube, aber ich
748 2024 2952 2193 denke, wenn ichs sagte, wäre der Zauber vorbei.
1146 2150 2981 2315 Darüber wurde nun viel hin und her ge -
759 2301 2949 2496 sprochen. So erklärte Christian, dass ihm jeder
759 2470 2996 2644 seiner Dramenstoffe in Sievering eigefallen wäre
765 2598 3002 2819 und dass er seine besten Scenen entworfen hätte,
750 2749 2630 2949 wenn er auf dem Rücken im Grase gelegen.
1204 2885 3112 3086 "Ich hab eine Eigenheit", sagte der Schau
785 3028 3048 3255 spieler Belling, "dte sehr seltsam ist, "toh stu
765 3217 2976 3386 diere am besten, wenn xxx in meiner Schreibtish
771 3365 2586 3569 lade lauter faule— Pomeranzen ltegen.
