3368 4136
2862 575 3031 753 161
831 776 3049 939 Es war Ludwiga Gasteiner in einer weissen, stark
846 963 3168 1071 dekolletierten Toilette. Ueber den Schultern hatte
843 1071 2932 1240 sie einen etwas schäbigen Regenmantel hängen.
831 1208 3081 1383 In der Hand trug sie ein Paar sehr lange, licht¬
855 1386 1643 1549 gelbe Handschuhe.
1287 1567 2947 1666 "Mir scheint gar ich bin die letzte"
852 1713 2967 1850 sagte sie harmlos, indem sie nach allenseiten
843 1841 3031 2007 lächelnd grüsste. Und indem sie sich gleich auf
846 2001 3060 2141 einen Sessel niedersinken liess, nach einem tie
855 2174 3119 2319 fen Seufzer: "Ach Kinder, ich hab schon geglaubt,
852 2293 3200 2483 ich werd Euch absagen müssen! Meth Schädel war zum
855 2451 3055 2637 zerspringen. Sechs Antipyrinpulver hab ich ge-
852 2626 1330 2763 nommen. „
1257 2745 2964 2903 Meier ging wieder und schloss hinter
858 2891 3145 3055 sich die Türe. Im Saale begann man die Gassammen
852 3060 3130 3209 aufzudrehen. Die ersten Gäste waren eingetroffen.
1217 3200 3075 3381 Saiberger ärgerte sich jetzt ein wenig
855 3387 3145 3536 dass er früher seiner Angst so unverholenen Aus —
861 3536 3023 3708 druck gegeben. Insbesondere, da er die Augen
