3368 4120
2790 455 2970 617 103
738 582 2843 821 wie er als junger Mensch oft in der Abenddäm
741 797 3071 1001 merung am Ufer des Donauhanals spaziert war, auf
753 977 3053 1157 dem braunen Fussstets der nach Nussdorf zu führt.
735 1092 3088 1314 Dort waren ihm, er wusste es plötzlich ganz genau
774 1261 2403 1467 immer die besten Verse eingefallen.
1181 1361 2885 1568 Und als wieder die Rede auf das Pro
771 1538 2994 1754 gramm kam und Staufner fragte, ob man sohon den
2595 1662 2784 1769 das
774 1695 3035 1881 Titel des neuen Werkes wissen dürfte, welches er
779 1831 3097 2061 für die Veranstaltung vorbereite, lächelte er und
785 2043 2693 2200 sagte: "Abendstimmungen wird es heissen."
1181 2170 3082 2330 Auch heute ging erwieder mit den jungen
779 2297 3065 2513 Leuten ins Gasthaus und fühlte sich sehr wohl un
803 2483 3012 2648 ter ihnen. Wieder sass Fräulein Gastetner neben
806 2625 3088 2820 ihm und war noch weit liebenswürdiger als das er
815 2769 3165 2967 stemal. Sie interessierte sich für das Geringfügig
809 2967 3177 3141 ste aus seiner Lebensführung. Sie fragte ihn nach
815 3062 3171 3289 seiner Tageseinteilung, sie wollte wissen wie sein
803 3230 3097 3431 Zimmer eingerichtet wäre, sie zeigte ein Hausmüt
818 3431 3162 3652 terliches Verständnis für alle Kleinitenheiten der
830 3575 3059 3767 Wirtschaft. Das stimmte eigentlich gar nicht zu
