3304 4056
2696 540 2878 720 196
675 582 1756 796 sagt, als für Eüch....“
1066 850 2915 1035 "Grossartig", rief Staufner, grossartig!
664 934 2876 1216 Soll ich mit einem Wort sagen was Du bist:- in
675 1162 1171 1269 Streber! "
1182 1230 2966 1393 „So", rief Meter "und wollt Ihr in zwet
672 1474 2915 1635 Worten hören, was Ihr seid - undankbares....“ er
670 1598 2037 1781 unterdrückte das zweite Wort.
1103 1756 2963 1958 "Dankbarkeit will er, hört Ihr", schrie
670 1812 1095 2057 Staufner.
1126 2060 2966 2254 Es wurde so laut an dem Tisch, dass von
667 2228 2786 2414 andenn Tischen des Kaffeehauses Zischlaute er
667 2378 1007 2549 tönten.
1089 2515 2819 2679 “Er will Dankbarkett!" sagte Staufner
658 2665 2893 2870 mit gedämpfter Stimme. "Es ist unerhört, es über
661 2808 1638 2915 steigt alle Grenzen.
1092 2960 2864 3056 "Ihr seid sie mir schuldig", erwiderte
653 3044 2915 3213 Meter, "erinnert Euch, was ich für Euch schon ge
667 3275 2867 3379 tan — ganz abgesehen von der Lobeshymne da, mit
667 3433 2901 3616 der ich nahe daran war mich meinem Blatte zu
