3288 4040
2609 564 2782 706 199
1100 636 2684 910 "Sie kommen nicht mit uns?" fragte
677 887 1103 1057 Staufner.
1149 985 2390 1195 „Ich danke, ich bin müde.“
1112 1189 2684 1365 "Also auf morgen", sagte Staufner.
680 1325 2874 1489 Man reichte ihm die Hand, ziemlich kühl und ge
694 1466 1901 1662 dankenlos - er war allein.
1086 1584 2917 1809 Der Abend war wunderschön und Saxberger
700 1765 2843 1930 empfand es wie eine Wohltat, wie ihn nun, nach
691 1901 2966 2111 der Mumpfen Atmosphäre im Kaffeehaus, eine stille
691 2088 2886 2281 weiche Luft umquoll. Die Scene, die er eben mit
697 2241 2877 2405 erlebt hatte er im ersten Moment kaum zu begret
703 2364 2866 2557 fen vermocht. Dass diese Leute so wiltend waren,
694 2534 2874 2704 weil Meter sie nicht mehr gelobt hatte!.. Wenn
694 2684 2938 2877 er selbst etwas gegen die Kritik einzuwenden ge
694 2837 2831 3050 habt hätte... beim Vorlesen hatte er sich nur
697 3010 2926 3162 ein wenig über die Flüchtigkeit dieses Berichtes
697 3148 2975 3344 geärgert, der von jungen hoffnungsvollen Dichtern
700 3283 2886 3456 erzählte und ihn mitten unter diesen Jünglingen
697 3413 3012 3614 nannte — offenbar zu bequem, um zu schreiben, dass
