3352 4168
2925 544 3103 777 117
803 818 2968 933 Freude, es wäre ihm auch Anregung gewesen - da
806 947 2588 1143 war der Boden frtsch und feucht.
797 1097 3109 1255 Nun war seine Seele.... eine trockene, gefrorene
806 1246 3043 1405 Scholle.... er musste lächeln, er dachte in Bil
812 1405 2959 1580 dern, als wenn er wirklich ein greiser Dichter
812 1575 1146 1733 wäre..
1221 1684 2922 1865 Er war nun auf den Ring gekommen und
818 1871 2959 2030 aller Lärm der Stadt war wieder um thn. Er war
809 2044 2965 2159 nicht rechtgelaunt ins Kaffeehaus zu gehen, er
815 2148 3057 2312 wollte heute einmal nach Hause sich gemütlich in
820 2326 3092 2479 seinen Lehnstuhl setzten, etwas lesen, irgend was
818 2481 3060 2631 ganz leichtes und gar nicht mehr auf die Strasse
812 2631 3112 2784 gehen. Er war zu seinr eigenen Verwunderung kaum
806 2784 2925 2962 verstimmt. Er freute sich eigentlich, dass er
800 2928 2959 3103 nun.... endgttlig nichts schreiben musste. Das
806 3080 3109 3247 hatte ihn d ch immer unruhig gemacht - nun war es
818 3218 2528 3426 Ihm erlassen und er war beinahe froh.
1223 3380 2933 3575 Wie er nach Hause kam, fand er einen
795 3515 3000 3725 Brief vor, den ein Dienstmann überbracht hatte.
