3336 4104
2597 584 2771 812 191
666 803 2822 1128 Bübereien ist eben jeder im Anfang ausgesetzt.
1102 1036 2936 1213 "Also zum Teufel, Winder", sagte Friedin
689 1179 2930 1398 ger, indem er dem Kleinen, der recht verdutzt da
692 1347 2879 1566 sass auf die Schulter schlug. "Kein so trauri -
698 1503 2355 1717 ges Gesicht, mach Dir nichts draus!
1113 1663 2967 1777 "Ich.... ich- ich kann ja nichts dafür",
703 1797 2859 2025 sagte Winder so ernsthaft und trübselig, dass
712 1973 1933 2178 die andern lachen mussten.
1148 2025 2919 2306 Der Kellner kam in diesem Moment und
723 2252 3010 2440 brachte wieder ein Abendblatt. Es war eine der we
720 2395 2924 2620 niger verbreiteten Zeitungen, die sie sonst nie
715 2551 2876 2776 lasen. Staufner nahm sie heute aber sofort zur
709 2759 977 2916 Hand.
1156 2708 3064 2993 "Da steht nichts drtn", sagte Friedinger.
1156 2964 2899 3226 "Holla," sagte Staufner und erhob den
729 3178 2927 3374 rechten Zeigefinger. Alle schwiegen und er las:
1162 3283 2990 3511 “Gesten fand ein Vortragsabend des best
735 3494 2959 3662 bekannten....“ er blickte auf.... best bekannten
