<?xml version="1.0" encoding="UTF-8" standalone="yes"?>
<PcGts xmlns="http://schema.primaresearch.org/PAGE/gts/pagecontent/2013-07-15" xmlns:xsi="http://www.w3.org/2001/XMLSchema-instance" xsi:schemaLocation="http://schema.primaresearch.org/PAGE/gts/pagecontent/2013-07-15 http://schema.primaresearch.org/PAGE/gts/pagecontent/2013-07-15/pagecontent.xsd">
    <Metadata>
        <Creator>prov=READ-COOP:name=TrHtr:version=2.1.0:model_id=51170:date=14_08_2023_22:17</Creator>
        <Created>2023-05-10T14:38:53.183+02:00</Created>
        <LastChange>2023-08-14T22:17:41.304+02:00</LastChange>
        <TranskribusMetadata docId="1428643" pageId="55423627" pageNr="165" tsid="132828051" status="IN_PROGRESS" userId="64420" imgUrl="https://files.transkribus.eu/Get?id=XSTBSMZTDTFZYBLTXYQREORZ&amp;fileType=view" xmlUrl="https://files.transkribus.eu/Get?id=BEBNXMJKJOAHXWBIECHLNALL" imageId="44697706"/>
    </Metadata>
    <Page imageFilename="1428643_0165.jpg" imageWidth="3352" imageHeight="4152">
        <ReadingOrder>
            <OrderedGroup id="ro_1711815973847" caption="Regions reading order">
                <RegionRefIndexed index="0" regionRef="tr_1"/>
                <RegionRefIndexed index="1" regionRef="tr_2"/>
            </OrderedGroup>
        </ReadingOrder>
        <TextRegion id="tr_1" custom="readingOrder {index:0;}">
            <Coords points="847,606 3193,606 3193,2248 847,2248"/>
            <TextLine id="tr_1_tl_1" custom="readingOrder {index:0;}">
                <Coords points="2898,656 2918,656 2933,671 2982,671 3011,691 3043,682 3063,685 3066,549 3049,549 3005,526 2982,531 2956,511 2930,528 2901,531"/>
                <Baseline points="2913,659 2937,659 2981,659 3026,656 3071,656"/>
                <TextEquiv>
                    <Unicode>155</Unicode>
                </TextEquiv>
            </TextLine>
            <TextLine id="tr_1_tl_2" custom="readingOrder {index:1;}">
                <Coords points="1179,865 1559,906 1702,842 2875,836 2895,691 1185,735"/>
                <Baseline points="1199,844 1241,844 1286,844 1331,844 1376,841 1420,841 1465,841 1510,838 1555,838 1599,835 1644,835 1689,832 1734,829 1779,829 1823,826 1868,826 1913,826 1958,823 2002,823 2047,820 2092,820 2137,817 2181,817 2226,817 2271,817 2316,814 2361,811 2405,814 2450,811 2495,808 2540,805 2584,805 2629,802 2674,802 2719,802 2764,799 2808,799 2853,799 2898,796"/>
                <TextEquiv>
                    <Unicode>Dieser Abend endete wieder einmal in</Unicode>
                </TextEquiv>
            </TextLine>
            <TextLine id="tr_1_tl_3" custom="readingOrder {index:2;}">
                <Coords points="842,1069 3052,996 3055,880 2439,822 845,918"/>
                <Baseline points="859,1011 868,1014 913,1011 958,1011 1002,1011 1047,1008 1092,1008 1137,1005 1182,1005 1226,1002 1271,1002 1316,999 1361,996 1405,993 1450,993 1495,990 1540,990 1584,990 1629,988 1674,988 1719,985 1764,985 1808,985 1853,982 1898,982 1943,982 1987,979 2032,976 2077,976 2122,973 2167,973 2211,970 2256,970 2301,970 2346,970 2390,967 2435,967 2480,964 2525,961 2570,961 2614,961 2659,958 2704,958 2749,955 2793,952 2838,952 2883,952 2928,949 2972,949 3017,949 3062,934"/>
                <TextEquiv>
                    <Unicode>vorgerückter Stunde sehr schön, nämlich mit ei-</Unicode>
                </TextEquiv>
            </TextLine>
            <TextLine id="tr_1_tl_4" custom="readingOrder {index:3;}">
                <Coords points="828,1217 3116,1121 3116,1042 2770,979 833,1069"/>
                <Baseline points="847,1170 883,1164 928,1164 973,1164 1017,1161 1062,1161 1107,1158 1152,1155 1196,1155 1241,1152 1286,1152 1331,1152 1376,1152 1420,1149 1465,1146 1510,1146 1555,1143 1599,1143 1644,1140 1689,1137 1734,1137 1779,1137 1823,1134 1868,1134 1913,1134 1958,1131 2002,1128 2047,1128 2092,1128 2137,1128 2181,1128 2226,1128 2271,1128 2316,1122 2361,1119 2405,1116 2450,1113 2495,1113 2540,1113 2584,1113 2629,1113 2674,1107 2719,1107 2764,1107 2808,1104 2853,1104 2898,1104 2943,1104 2987,1104 3032,1098 3077,1095 3122,1098"/>
                <TextEquiv>
                    <Unicode>nem Trickspruch Staufners auf "unsern" Saxberger.</Unicode>
                </TextEquiv>
            </TextLine>
            <TextLine id="tr_1_tl_5" custom="readingOrder {index:4;}">
                <Coords points="1286,1321 2889,1292 3043,1252 3046,1147 1635,1176 1501,1240 1289,1188"/>
                <Baseline points="1301,1298 1346,1298 1390,1298 1435,1295 1480,1295 1525,1295 1570,1298 1614,1295 1659,1292 1704,1292 1749,1289 1793,1286 1838,1286 1883,1283 1928,1280 1973,1280 2017,1277 2062,1277 2107,1277 2152,1274 2196,1274 2241,1271 2286,1271 2331,1271 2375,1271 2420,1271 2465,1268 2510,1268 2555,1265 2599,1262 2644,1259 2689,1259 2734,1259 2778,1259 2823,1256 2868,1256 2913,1253 2958,1250 3002,1250 3047,1244"/>
                <TextEquiv>
                    <Unicode>Den nächsten Tag verbrachte Saxberger</Unicode>
                </TextEquiv>
            </TextLine>
            <TextLine id="tr_1_tl_6" custom="readingOrder {index:5;}">
                <Coords points="842,1495 2988,1434 3011,1269 848,1368"/>
                <Baseline points="862,1471 865,1471 910,1471 955,1468 999,1468 1044,1465 1089,1465 1134,1462 1179,1462 1223,1459 1268,1459 1313,1456 1358,1453 1402,1453 1447,1453 1492,1450 1537,1447 1581,1447 1626,1447 1671,1444 1716,1444 1761,1441 1805,1441 1850,1441 1895,1438 1940,1438 1984,1435 2029,1435 2074,1432 2119,1429 2164,1426 2208,1426 2253,1423 2298,1423 2343,1420 2387,1420 2432,1420 2477,1417 2522,1417 2567,1417 2611,1417 2656,1417 2701,1414 2746,1411 2790,1411 2835,1408 2880,1405 2925,1402 2969,1399 3014,1402"/>
                <TextEquiv>
                    <Unicode>in angenehmer und ruhiger Stimmung. Er freute</Unicode>
                </TextEquiv>
            </TextLine>
            <TextLine id="tr_1_tl_7" custom="readingOrder {index:6;}">
                <Coords points="839,1681 3026,1597 3063,1493 845,1493"/>
                <Baseline points="859,1623 877,1623 922,1620 967,1620 1011,1620 1056,1617 1101,1617 1146,1614 1190,1611 1235,1611 1280,1608 1325,1608 1370,1605 1414,1605 1459,1602 1504,1602 1549,1599 1593,1599 1638,1596 1683,1599 1728,1596 1773,1593 1817,1593 1862,1593 1907,1590 1952,1590 1996,1587 2041,1584 2086,1584 2131,1584 2175,1581 2220,1579 2265,1579 2310,1579 2355,1576 2399,1573 2444,1573 2489,1573 2534,1573 2578,1570 2623,1570 2668,1567 2713,1567 2758,1564 2802,1561 2847,1561 2892,1558 2937,1555 2981,1552 3026,1552 3071,1552"/>
                <TextEquiv>
                    <Unicode>sich auf den Abend, auf die Vorlesung seiner Ge</Unicode>
                </TextEquiv>
            </TextLine>
            <TextLine id="tr_1_tl_8" custom="readingOrder {index:7;}">
                <Coords points="848,1797 3008,1760 3029,1646 2184,1597 1588,1722 1350,1646 851,1664"/>
                <Baseline points="865,1773 880,1773 925,1770 970,1770 1014,1770 1059,1770 1104,1770 1149,1767 1193,1767 1238,1764 1283,1764 1328,1761 1373,1758 1417,1755 1462,1755 1507,1755 1552,1752 1596,1752 1641,1755 1686,1752 1731,1752 1776,1752 1820,1749 1865,1746 1910,1746 1955,1743 1999,1740 2044,1740 2089,1737 2134,1734 2178,1731 2223,1731 2268,1731 2313,1731 2358,1728 2402,1728 2447,1725 2492,1725 2537,1722 2581,1722 2626,1719 2671,1719 2716,1716 2761,1716 2805,1713 2850,1713 2895,1710 2940,1710 2984,1710 3029,1713"/>
                <TextEquiv>
                    <Unicode>dichte, auf den Applaus. An die andern dach tex</Unicode>
                </TextEquiv>
            </TextLine>
            <TextLine id="tr_1_tl_9" custom="readingOrder {index:8;}">
                <Coords points="851,1937 2953,1914 3183,1887 3188,1789 857,1844"/>
                <Baseline points="871,1925 910,1925 955,1925 999,1922 1044,1919 1089,1919 1134,1919 1179,1919 1223,1919 1268,1919 1313,1916 1358,1913 1402,1910 1447,1910 1492,1907 1537,1907 1581,1904 1626,1904 1671,1904 1716,1901 1761,1901 1805,1898 1850,1898 1895,1895 1940,1892 1984,1892 2029,1892 2074,1889 2119,1886 2164,1886 2208,1886 2253,1883 2298,1883 2343,1880 2387,1877 2432,1877 2477,1874 2522,1874 2567,1874 2611,1871 2656,1871 2701,1871 2746,1868 2790,1865 2835,1865 2880,1862 2925,1862 2969,1862 3014,1859 3059,1856 3104,1853 3149,1850 3193,1856"/>
                <TextEquiv>
                    <Unicode>er eigentlich wenig. Aber was hatten die noch alle</Unicode>
                </TextEquiv>
            </TextLine>
            <TextLine id="tr_1_tl_10" custom="readingOrder {index:9;}">
                <Coords points="854,2097 2927,2027 3090,2088 3156,1960 2564,1893 1208,1951 857,2041"/>
                <Baseline points="871,2086 877,2086 922,2083 967,2083 1011,2083 1056,2080 1101,2080 1146,2077 1190,2074 1235,2074 1280,2071 1325,2071 1370,2068 1414,2068 1459,2065 1504,2065 1549,2062 1593,2062 1638,2062 1683,2059 1728,2059 1773,2059 1817,2056 1862,2053 1907,2050 1952,2050 1996,2047 2041,2047 2086,2044 2131,2044 2175,2044 2220,2044 2265,2041 2310,2038 2355,2038 2399,2038 2444,2035 2489,2035 2534,2032 2578,2032 2623,2032 2668,2029 2713,2026 2758,2023 2802,2020 2847,2020 2892,2020 2937,2020 2981,2020 3026,2017 3071,2017 3116,2014 3161,2014"/>
                <TextEquiv>
                    <Unicode>vor sich! ein ganzes Leben. Immerhin manches moch</Unicode>
                </TextEquiv>
            </TextLine>
            <TextLine id="tr_1_tl_11" custom="readingOrder {index:10;}">
                <Coords points="862,2271 3005,2221 3156,2189 3159,2082 865,2111"/>
                <Baseline points="877,2238 922,2232 967,2229 1011,2229 1056,2229 1101,2229 1146,2226 1190,2229 1235,2226 1280,2226 1325,2226 1370,2223 1414,2223 1459,2220 1504,2217 1549,2214 1593,2214 1638,2214 1683,2211 1728,2208 1773,2208 1817,2208 1862,2205 1907,2205 1952,2202 1996,2202 2041,2202 2086,2202 2131,2199 2175,2196 2220,2196 2265,2193 2310,2193 2355,2190 2399,2187 2444,2187 2489,2187 2534,2184 2578,2181 2623,2181 2668,2178 2713,2181 2758,2178 2802,2178 2847,2175 2892,2175 2937,2175 2981,2173 3026,2173 3071,2170 3116,2170 3161,2170"/>
                <TextEquiv>
                    <Unicode>te auch noch vor ihm liegen. Wenn Fräulein Gastet</Unicode>
                </TextEquiv>
            </TextLine>
        </TextRegion>
        <TextRegion id="tr_2" custom="readingOrder {index:1;}">
            <Coords points="880,2278 3181,2278 3181,3621 880,3621"/>
            <TextLine id="tr_2_tl_1" custom="readingOrder {index:0;}">
                <Coords points="865,2459 1121,2387 2953,2375 3127,2279 871,2277"/>
                <Baseline points="883,2393 892,2396 937,2390 982,2387 1026,2384 1071,2384 1116,2381 1161,2381 1205,2378 1250,2378 1295,2375 1340,2375 1384,2372 1429,2375 1474,2372 1519,2372 1564,2370 1608,2370 1653,2370 1698,2367 1743,2364 1787,2364 1832,2361 1877,2361 1922,2358 1967,2355 2011,2355 2056,2352 2101,2352 2146,2352 2190,2349 2235,2349 2280,2346 2325,2346 2370,2343 2414,2343 2459,2343 2504,2340 2549,2337 2593,2337 2638,2337 2683,2334 2728,2334 2772,2334 2817,2331 2862,2331 2907,2331 2952,2331 2996,2331 3041,2328 3086,2331 3131,2328"/>
                <TextEquiv>
                    <Unicode>nerdoch recht gehabt hätte und wenn der Ruhm....</Unicode>
                </TextEquiv>
            </TextLine>
            <TextLine id="tr_2_tl_2" custom="readingOrder {index:1;}">
                <Coords points="865,2555 2805,2547 3072,2506 3075,2413 2796,2349 868,2483"/>
                <Baseline points="880,2543 883,2546 928,2546 973,2543 1017,2543 1062,2543 1107,2543 1152,2540 1196,2537 1241,2537 1286,2537 1331,2531 1376,2531 1420,2528 1465,2528 1510,2525 1555,2525 1599,2525 1644,2522 1689,2519 1734,2519 1779,2519 1823,2516 1868,2516 1913,2513 1958,2513 2002,2510 2047,2507 2092,2507 2137,2507 2181,2504 2226,2504 2271,2501 2316,2501 2361,2501 2405,2498 2450,2495 2495,2495 2540,2492 2584,2492 2629,2492 2674,2489 2719,2489 2764,2489 2808,2486 2853,2486 2898,2483 2943,2483 2987,2480 3032,2480 3077,2480"/>
                <TextEquiv>
                    <Unicode>nein, nein er wollte lieber nicht zu viel enwar</Unicode>
                </TextEquiv>
            </TextLine>
            <TextLine id="tr_2_tl_3" custom="readingOrder {index:2;}">
                <Coords points="874,2712 926,2712 952,2732 987,2721 1034,2732 1045,2747 1095,2727 1179,2756 1182,2573 1138,2576 1118,2564 877,2628"/>
                <Baseline points="889,2701 919,2698 964,2695 1008,2695 1053,2698 1098,2695 1143,2692 1187,2689"/>
                <TextEquiv>
                    <Unicode>ten.</Unicode>
                </TextEquiv>
            </TextLine>
            <TextLine id="tr_2_tl_4" custom="readingOrder {index:3;}">
                <Coords points="1272,2849 1989,2872 2875,2805 2869,2669 2718,2706 2497,2648 1644,2735 1278,2686"/>
                <Baseline points="1289,2838 1316,2838 1361,2835 1405,2835 1450,2835 1495,2832 1540,2832 1584,2829 1629,2829 1674,2826 1719,2826 1764,2823 1808,2823 1853,2823 1898,2820 1943,2820 1987,2817 2032,2814 2077,2811 2122,2811 2167,2811 2211,2811 2256,2808 2301,2808 2346,2805 2390,2805 2435,2805 2480,2805 2525,2802 2570,2802 2614,2802 2659,2799 2704,2799 2749,2796 2793,2796 2838,2790 2883,2784"/>
                <TextEquiv>
                    <Unicode>Am späten Nachmittag verliess Sax</Unicode>
                </TextEquiv>
            </TextLine>
            <TextLine id="tr_2_tl_5" custom="readingOrder {index:4;}">
                <Coords points="877,3046 2910,3005 3174,2985 3177,2875 880,2895"/>
                <Baseline points="892,3002 898,3005 943,2999 988,2999 1032,2999 1077,2996 1122,2996 1167,2996 1211,2993 1256,2993 1301,2993 1346,2990 1390,2990 1435,2987 1480,2984 1525,2984 1570,2981 1614,2978 1659,2978 1704,2978 1749,2978 1793,2975 1838,2975 1883,2975 1928,2975 1973,2972 2017,2969 2062,2966 2107,2966 2152,2966 2196,2964 2241,2961 2286,2961 2331,2961 2375,2958 2420,2958 2465,2955 2510,2952 2555,2952 2599,2952 2644,2952 2689,2952 2734,2949 2778,2949 2823,2949 2868,2946 2913,2946 2958,2943 3002,2943 3047,2940 3092,2937 3137,2937 3181,2937"/>
                <TextEquiv>
                    <Unicode>berger seine Wohnung. Es war so warm, dass er den</Unicode>
                </TextEquiv>
            </TextLine>
            <TextLine id="tr_2_tl_6" custom="readingOrder {index:5;}">
                <Coords points="868,3197 3095,3101 3002,2971 874,3043"/>
                <Baseline points="886,3149 910,3149 955,3149 999,3149 1044,3146 1089,3146 1134,3146 1179,3143 1223,3143 1268,3140 1313,3140 1358,3140 1402,3137 1447,3137 1492,3134 1537,3134 1581,3131 1626,3131 1671,3128 1716,3128 1761,3125 1805,3125 1850,3125 1895,3122 1940,3122 1984,3119 2029,3116 2074,3116 2119,3113 2164,3113 2208,3110 2253,3110 2298,3110 2343,3110 2387,3107 2432,3107 2477,3107 2522,3104 2567,3104 2611,3101 2656,3101 2701,3101 2746,3098 2790,3098 2835,3098 2880,3098 2925,3098 2969,3098 3014,3092 3059,3089 3104,3089"/>
                <TextEquiv>
                    <Unicode>Ueberzieher über seinem schwarzen Gehrock offen</Unicode>
                </TextEquiv>
            </TextLine>
            <TextLine id="tr_2_tl_7" custom="readingOrder {index:6;}">
                <Coords points="880,3339 993,3310 1173,3342 1278,3304 1556,3304 1559,3168 1260,3200 1138,3183 1095,3206 1013,3174 961,3206 886,3197"/>
                <Baseline points="895,3304 937,3304 982,3304 1026,3304 1071,3304 1116,3301 1161,3301 1205,3298 1250,3298 1295,3295 1340,3292 1384,3289 1429,3289 1474,3286 1519,3286 1564,3292"/>
                <TextEquiv>
                    <Unicode>tragen konnte.</Unicode>
                </TextEquiv>
            </TextLine>
            <TextLine id="tr_2_tl_8" custom="readingOrder {index:7;}">
                <Coords points="1199,3467 3116,3453 3122,3273 2024,3339 1818,3275 1202,3354"/>
                <Baseline points="1217,3450 1241,3447 1286,3447 1331,3444 1376,3444 1420,3444 1465,3444 1510,3441 1555,3438 1599,3435 1644,3435 1689,3435 1734,3435 1779,3432 1823,3429 1868,3426 1913,3426 1958,3426 2002,3423 2047,3423 2092,3420 2137,3420 2181,3420 2226,3420 2271,3420 2316,3420 2361,3417 2405,3417 2450,3414 2495,3411 2540,3411 2584,3408 2629,3405 2674,3405 2719,3405 2764,3405 2808,3405 2853,3402 2898,3402 2943,3399 2987,3399 3032,3396 3077,3393 3122,3396"/>
                <TextEquiv>
                    <Unicode>Etne halbe Stunde vor Beginn war er beim</Unicode>
                </TextEquiv>
            </TextLine>
            <TextLine id="tr_2_tl_9" custom="readingOrder {index:8;}">
                <Coords points="909,3627 1205,3691 1530,3604 2692,3575 3066,3665 3092,3447 912,3490"/>
                <Baseline points="925,3605 949,3605 993,3608 1038,3608 1083,3611 1128,3611 1173,3608 1217,3608 1262,3605 1307,3605 1352,3602 1396,3602 1441,3599 1486,3596 1531,3593 1576,3593 1620,3593 1665,3593 1710,3593 1755,3590 1799,3590 1844,3590 1889,3584 1934,3584 1978,3584 2023,3581 2068,3581 2113,3581 2158,3578 2202,3578 2247,3578 2292,3575 2337,3575 2381,3575 2426,3572 2471,3572 2516,3569 2561,3566 2605,3566 2650,3566 2695,3566 2740,3563 2784,3563 2829,3563 2874,3560 2919,3560 2964,3558 3008,3555 3053,3555 3098,3555"/>
                <TextEquiv>
                    <Unicode>"silbernen Kreuz" angelangt. Er musste den Haus</Unicode>
                </TextEquiv>
            </TextLine>
        </TextRegion>
    </Page>
</PcGts>
