3304 4040
1208 1202 3061 1369 Herr Eduard Saxberger kam vom Spazier -
735 1345 3012 1515 gang nach Hause und schritt langsam die Stiege zu
723 1497 3012 1682 seiner Wohnung hinauf. Es war ein schöner Winter
710 1643 3097 1828 tag gewesen und gleich nach Schluss der Amtsstunden
710 1797 2957 1977 hatte sich der alte Herr, wie er es gerne zu tun
689 1989 3133 2150 pflegte, auf den Weg gemacht und war in der frischen
692 2116 3100 2283 Luft herumgebummelt recht weit über die Vororte hin
701 2280 2960 2435 aus zu den letzten Häusern. Er war milde geworden
695 2465 3109 2629 und freute sich auf sein freundliches warmes Zimmer
1151 2566 3058 2766 Die Haushälterin empfing ihn mit der Mit
695 2736 3015 2906 teilung, dass bereits seitener halben Stunde ein
701 2872 3027 3079 junger Mann ihn erwarte, den sie früher nie gesch
701 3021 3097 3191 en. Der alte Herr, der fast nie Beuch empfing, trat
695 3206 3048 3407 mit einiger Neugier ins Wohnzimmer. Bei seinem Ein
689 3319 2903 3543 tritt erhob sich der junge Mann, welcher ihn er
695 3464 2714 3744 wartete von einem Sessel und verbeugte sich
