3368 4152
2867 590 3048 789 152
801 836 3101 1026 der, der sich redlich im Kreise seiner Verwandten
801 959 3069 1236 bemüht hatte, kaufte zehn Billets, die er sofort
804 1189 1438 1382 bar bezahlte.
1222 1295 3121 1528 Die Abende im Kaffeehaus verliefen unter
821 1467 3034 1654 bewegten Gespäächen. Im Gasthause wurden kleine
821 1593 3112 1806 Proben abgehalten. Einmal las Belling Gedichte e
836 1748 3034 1955 von Meter und Fräulein Gasteiner trug einen Mo
833 1920 2750 2125 n olog aus der ^ Benobia" des Christian vor.
845 2075 3019 2297 Sie wurde bejubelt. Saxberger war immer mit th
845 2218 3028 2429 nen. Man benahm sich gegen ihn auserordentlich
871 2367 3112 2569 freundlich und hochachtungsvoll. Nur wollte es
865 2484 3215 2738 ihm bedünken, dass der ehrenbietige Ton der ersten
868 2607 3083 2867 Zeit nicht mehr vorhanden war. Doch er erklärte
874 2806 3098 3042 sich das.. Er war nun so gut befreundet mit den
883 2978 3142 3206 jungen Leuten, dass die Ehrfurcht sie ja zugleich
894 3115 3095 3337 eine gewisse Fremdheit voraussest wegfallen mus
900 3215 3162 3510 ste. Er fühlte sich sehr wohl unter ihnen. Fräu
897 3449 3069 3694 lein Gasteiner kam nicht regelmässig. Wenn sie
