3352 4120
2619 406 2752 546 70
976 524 2825 734 Man war bei der Tür des Wirtshaus es an
588 646 2871 906 gelangt. Meter machte den Führer, indem er durch
594 846 2761 1073 die Rethe der Tische in das Extrazimmer voraus
612 997 2822 1212 ging, in welchem eine schmale, lange Tafel ge -
594 1182 2874 1385 nügend Platz für alle Besucher bot. Wie man sich
609 1270 2886 1519 so zwischen den Tischen durchzüngte war Linsmann
612 1455 2167 1719 zufällig neben Saxberger geraten.
1088 1543 2916 1782 "Na, wie gefällt Ihnen unsre Eragödin?”
630 1782 1288 2013 fragte er ihn.
1055 1810 2992 2092 "Ist eine sehr interessante Person", er -
630 2061 3007 2310 widerte Saxberger in befremdetem fast in fragendem
624 2286 843 2446 Ton.
1015 2289 2855 2577 "Vor zehn Jahren", sagte Linsmann, "hat
640 2561 2364 2734 ste sogar ein bissel Talent gehabt.
1046 2601 3052 2862 Man hatte sich zwanglos um den lagen Tisch
652 2816 3092 3040 herumgesetzt. Fräulein Gastetner hatte an Saxbergers
643 2968 2868 3186 Seite Platz genommen, an seiner andern sass Mei
664 3231 828 3343 er.
1079 3207 2940 3510 Saxberger war es bald behaglicher zu Mu¬
682 3434 2986 3704 te, als in seiner Stammkneppe und der Unterschied
676 3625 2968 3844 zwischen den alltäglichen Gesprächen, die dort ge¬
