3368 4136
2916 625 3088 762 165
1236 750 3099 939 Meier schüttelte den Kopf. Es ist übri -
846 901 3085 1111 gens möglich, dass ich den einen oder den andern
832 1084 1587 1239 nicht kenne...."
1244 1230 3001 1416 Linsmann, sagte Staufner, "machen Sie
834 1375 1410 1556 sich berett.
1265 1506 2960 1669 "Bin schon längst bereit", erwiderte
843 1698 1134 1846 jener.
1250 1838 3184 2024 Fräulein Gasteiner sah Saxberger lächelnd
1175 1992 2826 2157 flüsterte: "ja, jetzt wirds ernst!"
846 2024 1143 2143 an und
1210 2137 2794 2314 «Linsmann hinaus", sagte Staufner.
1250 2317 3096 2439 Linsmann räusperte sich, trat hinaus in
846 2428 3178 2620 den Saal und blieb einen Moment an der Türe stehen
846 2611 3015 2753 ohne vom Publikum bemerkt zu werden. Dann, nach
852 2745 3155 2893 einem tiefen Atemzug stieg er die paar Stufen zum
834 2931 3056 3088 Podtum hanauf, legte das Manuskript vor sich hin
852 3076 3169 3224 und setzte sich nieder. Einige Lezte riefen bravo,
855 3222 3195 3381 eine gewisse Bewegung entstand im Saal. Die Herrn
866 3376 3149 3544 im Komitélokal stellten sich nahe zur Türe, wal -
898 3480 1044 3594 die
866 3489 3024 3687 che halboffen blieb, so dass sie kein Wort von
