3352 4104
2688 472 2811 631 47
574 646 2858 867 „Was wir wollen“. Alles dies erfuhr Saxberger in
559 786 2814 1008 der ersten Viertelstunde seiner Anwesenheit. Bei
577 990 2951 1145 der Abfassung des Vortrages sollte dem kahlen Herrn
571 1124 2251 1343 der Kritiker Blink zur Seite stehen.
999 1289 2838 1450 "Meine Herren", sagte Blink, "wenns dem
559 1453 2790 1597 Linsmann recht ist, mach ich den Vortrag allem
580 1609 2924 1791 und der Linsmann liest ihn, wetl er ein so sonores
577 1779 1088 1952 Organ hat.
984 1866 2832 2087 Zu Saxbergers Verwunderung nickte Lins
586 2039 2987 2251 mann zustimmend, ohne sich im Geringsten verletzt zu
589 2254 927 2377 fühlen.
999 2353 2858 2530 Es kamen nun noch verschiedenen Nummern
601 2530 2864 2673 des Programms zur Sprache. Unter anderm wurde be
598 2658 2888 2832 stimmt, dass Bolling auch etwas von einem bereits
598 2829 2835 2972 berühmten Autor vortragen musste, um die falsche
589 2963 2987 3104 Meinung zu zerstreuen, als wäre der ganze Abend nur
604 3104 2990 3310 geplant einer kleinen Klique zur Reklame zu dienen.
1032 3310 2826 3441 "Metne Herren", sagte Staufner, "davon
610 3433 2915 3657 sind wir weit entfernt und das muss auch der Lins
