3336 4152
2955 557 3129 728 123
784 713 3150 884 elte etwas verlegen. "Ich muss Ihnen was gestehen.
1190 887 3123 1031 Alle sahen gespannt auf ihn, was ihn sehr
787 1043 1756 1243 unangenehm berührte.
1181 1161 3073 1338 "KIch bin nämlich - ich bin ein bissel...
784 1326 3076 1494 faul gewesen, ja wirklich ich hab nichts gemacht,
801 1491 3091 1673 gar nichts! Ja schauens mich nur an - " er lachte
807 1623 2870 1794 in seiner Verlegenheit — und sagte plötzlich
849 1800 3120 1992 sehr energisch: "Keine Zelle hab ich geschrieben
793 1936 2319 2130 Na, und was tuns jetzt mit mir!“
1199 2080 3099 2251 Man schwieg. Es war viel peinlicher, als
804 2251 3029 2401 es sich Saxberger vorgestellt hatte. Man schien
931 2386 1108 2475 sehr
804 2404 3132 2604 enttäuscht zu sein. Meter sagte. "Schade,
807 2581 1205 2725 schade."
1243 2687 3150 2896 "Ja was werden wir denn da machen!" sagte
798 2911 1208 3058 Staufner
1237 3017 3197 3152 “Sie müssen's halt in die Zettungen setzen
798 3155 3105 3323 sagte Saxberger, der das Bedürfnis hatte möglichs
798 3276 3097 3515 viel Hetterkeit ins Gespräch zu bringen. "So eine
793 3453 2949 3659 Notiz..... der.... greise Dichter hat uns auf
