3352 4152
2882 650 3058 793 121
1206 743 2964 931 Er wollte gleich etwas sagen, aber er
802 928 3099 1109 getraute sich nicht recht. Es war ihm höchst pein
778 1106 3064 1276 lich. — Es wurde sehr lebhaft über die Rede Lins
781 1194 3093 1463 manns gesprochen, die Blink vor dem Eintreten Sax
784 1399 3043 1548 bergers in ihren Umrissen vorgelegt hatte. Meter
781 1563 3035 1753 fand, dass sie im Ganzen Grossen zu polemisch ge
773 1683 1299 1841 halten sei.
1188 1823 2581 2002 "Feigling", murmelte Staufner.
1185 1984 2929 2124 "Du irrst Dich", erwiderte meier sehr
755 2174 2964 2288 ruhig. "Ich finde es nur überflüssig, dass wir
752 2321 3014 2496 uns da eine Menge Leute auf den Hals hetzen, die
758 2417 2786 2604 uns ja schliesslich gar nichts getan haben.'
1235 2578 2985 2844 Die meisten schienen sich der Ansicht
732 2730 2871 2909 Meiers zuzuwenden. Als aber die Frage bereits
743 2923 3090 3067 vollkommen geregelt schien fuhr plötzlich Linsmann
732 3058 1039 3204 drein:
1118 3154 2947 3365 "Nein", rief er,thIch lass mir meine Red
705 3324 2897 3541 nicht xxxinteren. Endlich einmal kann ichs den
696 3500 2894 3722 Leuten sagen, was ich auf dem Herzen hab - ich
