3336 4104
2878 558 3008 760 93
798 682 2881 919 können., und als Her Grossinger seinen Trink
798 881 2881 1078 spruch beendigt hatte und alle applaudierten.
795 988 1590 1170 klatschte er mit.
1185 1165 3052 1376 Famos, famos.... das hat er gut gemacht
789 1312 2982 1491 alsdann dichten kann er auch - ein Teufelskerl,
795 1433 2873 1670 der Grossinger - " so klang es durcheinander.
780 1590 2933 1835 Saxberger drückte dem Delckattessenhändler die
775 1725 2153 1988 Hand und sagte: "sehr schön."
1211 1899 3095 2139 "Also ich bitte", meinte der Major, "das
798 2029 3069 2300 tst ja doch eigentlich kein so gewöhnliches Gele
783 2202 3029 2445 genheitsgedicht, sondern man muss schon mehr sa
789 2352 2173 2598 gen ein wirkliches Poem......'
1182 2503 3026 2757 Sanberger sah den Major etwas befremdet.
780 2656 2179 2847 an. Einige Herren stimmten zu.
1202 2812 3020 3061 "Das könnte man drucken lassen, so wies
783 3008 3107 3217 ist! Famos! Ich sags ja immer, der Grossinger!...
1173 3191 3101 3367 Saxberger hatte eine unangenehme Empfind¬
780 3335 3034 3488 dung; gerne hätte er etne kritische Bemerkung ge
760 3422 3058 3699 macht, denn ihm hatte das Gedicht nicht gefallen.
