3368 4168
2923 576 3095 745 118
782 727 2894 951 Die Schrift auf dem Kuvert war ihm unbekannt.
788 861 3022 1129 Er öffnete. Es war eine gosse Schtft mit lauter
800 1059 3025 1300 langen feinen Strichen. Er wandte das Blatt die
797 1239 2676 1393 Unterschrift lautete: Ludwiga Gasteiner.
1178 1387 2725 1542 Was wollte die? er las den Brief.
1289 1530 3075 1716 "Meister! ich habe heute die Wanderun
814 1707 3141 1870 gen gelesen. Fragen Sie nicht zum wievielten Male.
823 1850 3144 2030 Ich weiss es nicht. Sie sind ein grosser Künstler.
817 1952 3034 2164 Ich habe das Bedürfnis Ihnen zu sagen, wie sehr
826 2112 3089 2330 Ich Sie bewundere. Ich finde nie die rechten Wor
835 2263 3144 2464 te, verehrter Meister wenn ich das Glück habe Sie
846 2417 3185 2632 zu sehen. Aber ich muss es Ihnen sagen, heute nach
846 2609 3112 2787 einer schlaflosen, gepesinigten-Nacht, in der ich
846 2731 2973 2917 Ihre Wanderungen zum dritten Mal in einem Zug
861 2964 1481 3109 gelesen habe!
1728 3034 2819 3205 Ihre Ludwiga Gasteiner.
1259 3185 2967 3397 Das Datum fehlte, doch die Adresse,
864 3392 2548 3598 IX, Severingasse 77 stand angegeben.
1312 3522 2906 3746 Saxberger legte den Brief auf den
