3304 4088
1187 692 3038 915 Das waren also — das waren die Wanderung
733 863 2879 1077 für die ihm gestern das junge Wien den Dank ge¬
741 1054 3029 1242 sandt Hatte er ihn verdient? Er hätte es nicht zu
744 1205 2902 1393 sagen gewusst. Das ganze arme Leben, das er ge
741 1341 3073 1512 führt, zog an ihm vorüber. Noch nie hatte er so tie
739 1492 2974 1709 empfunden, daß er ein alter Mann war, dass nicht
739 1680 2969 1848 nur die Hoffnungen, sondern auch schon die Enttäu
744 1819 3076 1993 schungen wett hinter ihm lagen. Ein dumpfes Weh st
750 1955 3029 2172 in ihm auf. Er legte das Buch weg, er konnte nich
750 2132 2925 2323 wetter lesen. Er spürte, dass er schon lange ar
750 2262 2062 2476 sich selbst vergessen hatte.
724 3050 924 3224 G.H.P.
