<?xml version="1.0" encoding="UTF-8" standalone="yes"?>
<PcGts xmlns="http://schema.primaresearch.org/PAGE/gts/pagecontent/2013-07-15" xmlns:xsi="http://www.w3.org/2001/XMLSchema-instance" xsi:schemaLocation="http://schema.primaresearch.org/PAGE/gts/pagecontent/2013-07-15 http://schema.primaresearch.org/PAGE/gts/pagecontent/2013-07-15/pagecontent.xsd">
    <Metadata>
        <Creator>prov=READ-COOP:name=TrHtr:version=2.1.0:model_id=51170:date=14_08_2023_22:17</Creator>
        <Created>2023-05-10T14:38:49.417+02:00</Created>
        <LastChange>2023-08-14T22:17:32.670+02:00</LastChange>
        <TranskribusMetadata docId="1428643" pageId="55423392" pageNr="134" tsid="132828020" status="IN_PROGRESS" userId="64420" imgUrl="https://files.transkribus.eu/Get?id=JGTYXBBHAISZDPPAXYJXBVWX&amp;fileType=view" xmlUrl="https://files.transkribus.eu/Get?id=UYROBXLMDXSRTQSUSUGMNAJG" imageId="44697471"/>
    </Metadata>
    <Page imageFilename="1428643_0134.jpg" imageWidth="3352" imageHeight="4152">
        <ReadingOrder>
            <OrderedGroup id="ro_1711815891533" caption="Regions reading order">
                <RegionRefIndexed index="0" regionRef="tr_1"/>
                <RegionRefIndexed index="1" regionRef="tr_2"/>
            </OrderedGroup>
        </ReadingOrder>
        <TextRegion id="tr_1" custom="readingOrder {index:0;}">
            <Coords points="826,597 3163,597 3163,1639 826,1639"/>
            <TextLine id="tr_1_tl_1" custom="readingOrder {index:0;}">
                <Coords points="2925,698 2951,703 2968,686 2980,692 2992,680 3012,680 3047,706 3073,703 3094,683 3111,683 3114,560 3091,566 3073,557 3059,569 3038,557 2989,552 2965,560 2951,575 2928,572"/>
                <Baseline points="2940,650 2984,650 3029,650 3074,647 3116,650"/>
                <TextEquiv>
                    <Unicode>124</Unicode>
                </TextEquiv>
            </TextLine>
            <TextLine id="tr_1_tl_2" custom="readingOrder {index:1;}">
                <Coords points="808,916 1386,899 1459,858 1564,879 1728,832 1728,744 1576,811 1401,733 1275,765 1150,744 1013,794 876,756 811,776"/>
                <Baseline points="826,859 835,856 880,853 925,850 970,850 1014,850 1059,847 1104,847 1149,847 1193,844 1238,844 1283,844 1328,841 1373,841 1417,841 1462,841 1507,841 1552,838 1596,835 1641,832 1686,823 1731,808"/>
                <TextEquiv>
                    <Unicode>sitzen lassen. ˶</Unicode>
                </TextEquiv>
            </TextLine>
            <TextLine id="tr_1_tl_3" custom="readingOrder {index:2;}">
                <Coords points="1240,1036 2770,1004 3103,966 3106,870 1243,931"/>
                <Baseline points="1259,993 1274,988 1319,988 1364,993 1408,993 1453,993 1498,993 1543,993 1587,993 1632,990 1677,988 1722,988 1767,988 1811,985 1856,985 1901,982 1946,979 1990,979 2035,976 2080,976 2125,976 2170,976 2214,973 2259,973 2304,970 2349,967 2393,967 2438,964 2483,964 2528,964 2572,961 2617,958 2662,958 2707,958 2752,955 2796,955 2841,952 2886,952 2931,952 2975,949 3020,949 3065,946 3110,943"/>
                <TextEquiv>
                    <Unicode>"Bitte", sagte der kleine Winder und war</Unicode>
                </TextEquiv>
            </TextLine>
            <TextLine id="tr_1_tl_4" custom="readingOrder {index:3;}">
                <Coords points="817,1182 1357,1229 3036,1121 3036,1042 2703,1016 1830,1103 820,1074"/>
                <Baseline points="832,1170 847,1170 892,1170 937,1167 982,1167 1026,1164 1071,1164 1116,1161 1161,1164 1205,1161 1250,1161 1295,1158 1340,1158 1384,1155 1429,1155 1474,1152 1519,1152 1564,1149 1608,1149 1653,1146 1698,1143 1743,1143 1787,1143 1832,1140 1877,1140 1922,1140 1967,1137 2011,1137 2056,1134 2101,1134 2146,1131 2190,1134 2235,1131 2280,1131 2325,1128 2370,1125 2414,1122 2459,1122 2504,1122 2549,1119 2593,1116 2638,1116 2683,1113 2728,1110 2772,1110 2817,1110 2862,1107 2907,1107 2952,1107 2996,1104 3041,1107"/>
                <TextEquiv>
                    <Unicode>so befangen, dass das Wort ganz überlaut heraus</Unicode>
                </TextEquiv>
            </TextLine>
            <TextLine id="tr_1_tl_5" custom="readingOrder {index:4;}">
                <Coords points="817,1383 2875,1319 3082,1281 3085,1200 820,1261"/>
                <Baseline points="835,1322 850,1325 895,1325 940,1325 985,1328 1029,1325 1074,1325 1119,1325 1164,1325 1208,1322 1253,1322 1298,1319 1343,1313 1387,1310 1432,1307 1477,1304 1522,1304 1567,1304 1611,1304 1656,1304 1701,1301 1746,1301 1790,1301 1835,1298 1880,1298 1925,1298 1970,1295 2014,1295 2059,1295 2104,1292 2149,1289 2193,1289 2238,1286 2283,1286 2328,1283 2372,1280 2417,1280 2462,1277 2507,1277 2552,1274 2596,1274 2641,1271 2686,1271 2731,1271 2775,1271 2820,1268 2865,1268 2910,1265 2955,1262 2999,1262 3044,1259 3089,1259"/>
                <TextEquiv>
                    <Unicode>kam,.... "bittesehr...... es ist ja Gott set Dank</Unicode>
                </TextEquiv>
            </TextLine>
            <TextLine id="tr_1_tl_6" custom="readingOrder {index:5;}">
                <Coords points="814,1509 2977,1474 3155,1439 3155,1363 814,1430"/>
                <Baseline points="829,1483 835,1483 880,1480 925,1480 970,1477 1014,1477 1059,1477 1104,1474 1149,1474 1193,1471 1238,1471 1283,1468 1328,1468 1373,1465 1417,1462 1462,1462 1507,1459 1552,1459 1596,1459 1641,1456 1686,1456 1731,1453 1776,1450 1820,1450 1865,1450 1910,1447 1955,1444 1999,1444 2044,1441 2089,1441 2134,1441 2178,1441 2223,1441 2268,1441 2313,1438 2358,1438 2402,1435 2447,1432 2492,1429 2537,1426 2581,1426 2626,1426 2671,1423 2716,1423 2761,1423 2805,1423 2850,1423 2895,1420 2940,1420 2984,1417 3029,1417 3074,1417 3119,1414 3163,1414"/>
                <TextEquiv>
                    <Unicode>so viel Schönes von Hern Saxberger vorhanden, dass</Unicode>
                </TextEquiv>
            </TextLine>
            <TextLine id="tr_1_tl_7" custom="readingOrder {index:6;}">
                <Coords points="811,1740 858,1728 881,1737 946,1699 1010,1702 1100,1658 1138,1681 1159,1678 1162,1579 1054,1597 1019,1579 969,1576 931,1550 852,1582 814,1570"/>
                <Baseline points="829,1626 856,1629 901,1629 946,1629 990,1629 1035,1629 1080,1626 1125,1626 1170,1620"/>
                <TextEquiv>
                    <Unicode>wir....</Unicode>
                </TextEquiv>
            </TextLine>
        </TextRegion>
        <TextRegion id="tr_2" custom="readingOrder {index:1;}">
            <Coords points="835,1666 3205,1666 3205,3639 835,3639"/>
            <TextLine id="tr_2_tl_1" custom="readingOrder {index:0;}">
                <Coords points="1226,1783 1351,1833 1836,1760 1979,1833 2501,1737 3132,1748 3155,1617 1226,1719"/>
                <Baseline points="1241,1767 1277,1767 1322,1767 1367,1764 1411,1761 1456,1761 1501,1761 1546,1761 1590,1758 1635,1755 1680,1755 1725,1755 1770,1755 1814,1752 1859,1749 1904,1749 1949,1749 1993,1746 2038,1743 2083,1743 2128,1740 2173,1740 2217,1740 2262,1737 2307,1734 2352,1734 2396,1734 2441,1731 2486,1731 2531,1728 2575,1728 2620,1725 2665,1725 2710,1722 2755,1722 2799,1722 2844,1722 2889,1722 2934,1719 2978,1716 3023,1716 3068,1719 3113,1719 3158,1719"/>
                <TextEquiv>
                    <Unicode>Er sah im ganzen Lokal herum und schwieg.</Unicode>
                </TextEquiv>
            </TextLine>
            <TextLine id="tr_2_tl_2" custom="readingOrder {index:1;}">
                <Coords points="1246,1956 2522,1888 2951,1938 3085,1903 3088,1775 1249,1850"/>
                <Baseline points="1265,1913 1301,1904 1346,1907 1390,1910 1435,1910 1480,1910 1525,1907 1570,1907 1614,1904 1659,1904 1704,1904 1749,1901 1793,1901 1838,1901 1883,1904 1928,1901 1973,1898 2017,1895 2062,1895 2107,1895 2152,1892 2196,1889 2241,1889 2286,1886 2331,1886 2375,1886 2420,1883 2465,1883 2510,1880 2555,1880 2599,1880 2644,1880 2689,1880 2734,1880 2778,1880 2823,1871 2868,1868 2913,1868 2958,1865 3002,1865 3047,1862 3092,1862"/>
                <TextEquiv>
                    <Unicode>"Das ist wahr", sagte Staufner, "wir ha</Unicode>
                </TextEquiv>
            </TextLine>
            <TextLine id="tr_2_tl_3" custom="readingOrder {index:2;}">
                <Coords points="817,2093 978,2145 1185,2131 1264,2078 1494,2128 1731,2078 2058,2107 2160,2096 2163,1976 1909,2014 1821,1970 1766,2005 1284,1976 1168,2040 820,2029"/>
                <Baseline points="835,2080 871,2080 916,2080 961,2080 1005,2077 1050,2077 1095,2077 1140,2074 1185,2071 1229,2071 1274,2068 1319,2068 1364,2068 1408,2065 1453,2065 1498,2062 1543,2062 1587,2062 1632,2059 1677,2059 1722,2059 1767,2056 1811,2056 1856,2056 1901,2053 1946,2050 1990,2050 2035,2050 2080,2044 2125,2035 2170,2017"/>
                <TextEquiv>
                    <Unicode>ben ja die Wanderungen.... „</Unicode>
                </TextEquiv>
            </TextLine>
            <TextLine id="tr_2_tl_4" custom="readingOrder {index:3;}">
                <Coords points="1220,2280 3082,2215 3141,2102 2353,2110 2212,2180 1830,2090 1223,2160"/>
                <Baseline points="1238,2217 1268,2214 1313,2214 1358,2214 1402,2214 1447,2214 1492,2211 1537,2211 1581,2211 1626,2208 1671,2208 1716,2205 1761,2205 1805,2205 1850,2205 1895,2205 1940,2205 1984,2205 2029,2202 2074,2199 2119,2199 2164,2196 2208,2202 2253,2199 2298,2190 2343,2187 2387,2187 2432,2184 2477,2184 2522,2181 2567,2181 2611,2181 2656,2181 2701,2178 2746,2178 2790,2175 2835,2173 2880,2173 2925,2173 2969,2170 3014,2170 3059,2167 3104,2167 3149,2167"/>
                <TextEquiv>
                    <Unicode>"Die Wanderungen.... flüsterte Fräulein</Unicode>
                </TextEquiv>
            </TextLine>
            <TextLine id="tr_2_tl_5" custom="readingOrder {index:4;}">
                <Coords points="841,2414 2709,2376 3097,2338 3097,2253 844,2335"/>
                <Baseline points="859,2384 865,2387 910,2381 955,2381 999,2378 1044,2378 1089,2378 1134,2375 1179,2375 1223,2372 1268,2375 1313,2375 1358,2370 1402,2367 1447,2367 1492,2370 1537,2367 1581,2364 1626,2364 1671,2361 1716,2358 1761,2358 1805,2358 1850,2355 1895,2355 1940,2355 1984,2352 2029,2352 2074,2349 2119,2346 2164,2346 2208,2346 2253,2343 2298,2343 2343,2340 2387,2340 2432,2337 2477,2337 2522,2334 2567,2334 2611,2331 2656,2331 2701,2328 2746,2328 2790,2325 2835,2325 2880,2325 2925,2325 2969,2322 3014,2322 3059,2319 3104,2316"/>
                <TextEquiv>
                    <Unicode>Gasteiner - sch mit einem scheuen Blick Herr Sax</Unicode>
                </TextEquiv>
            </TextLine>
            <TextLine id="tr_2_tl_6" custom="readingOrder {index:5;}">
                <Coords points="835,2609 1138,2539 2630,2577 2951,2528 3018,2414 841,2455"/>
                <Baseline points="853,2540 877,2540 922,2537 967,2537 1011,2537 1056,2534 1101,2534 1146,2534 1190,2531 1235,2528 1280,2525 1325,2525 1370,2525 1414,2522 1459,2522 1504,2519 1549,2519 1593,2516 1638,2516 1683,2513 1728,2513 1773,2510 1817,2507 1862,2507 1907,2507 1952,2504 1996,2504 2041,2504 2086,2501 2131,2498 2175,2498 2220,2498 2265,2498 2310,2495 2355,2495 2399,2492 2444,2492 2489,2492 2534,2489 2578,2489 2623,2486 2668,2486 2713,2483 2758,2483 2802,2480 2847,2480 2892,2477 2937,2477 2981,2474 3026,2477"/>
                <TextEquiv>
                    <Unicode>berger an und starre dann träumerisch vor stch</Unicode>
                </TextEquiv>
            </TextLine>
            <TextLine id="tr_2_tl_7" custom="readingOrder {index:6;}">
                <Coords points="835,2749 867,2749 896,2770 908,2764 925,2782 960,2755 981,2758 1001,2776 1027,2761 1051,2770 1051,2639 1022,2647 957,2604 919,2627 905,2612 852,2639 835,2636"/>
                <Baseline points="850,2695 895,2692 940,2695 985,2695 1029,2692 1056,2695"/>
                <TextEquiv>
                    <Unicode>hin.</Unicode>
                </TextEquiv>
            </TextLine>
            <TextLine id="tr_2_tl_8" custom="readingOrder {index:7;}">
                <Coords points="1278,2849 1798,2890 3015,2820 3018,2700 1281,2749"/>
                <Baseline points="1295,2835 1322,2832 1367,2826 1411,2826 1456,2826 1501,2826 1546,2823 1590,2823 1635,2823 1680,2820 1725,2817 1770,2817 1814,2817 1859,2814 1904,2814 1949,2811 1993,2808 2038,2808 2083,2805 2128,2805 2173,2805 2217,2805 2262,2805 2307,2805 2352,2802 2396,2802 2441,2799 2486,2799 2531,2796 2575,2796 2620,2793 2665,2790 2710,2790 2755,2787 2799,2787 2844,2787 2889,2784 2934,2784 2978,2781 3023,2781"/>
                <TextEquiv>
                    <Unicode>"Sind Sie einverstanden", wandte sich</Unicode>
                </TextEquiv>
            </TextLine>
            <TextLine id="tr_2_tl_9" custom="readingOrder {index:8;}">
                <Coords points="841,3068 3149,2992 3152,2811 2741,2901 846,2925"/>
                <Baseline points="859,3005 874,3005 919,3002 964,2999 1008,2999 1053,2999 1098,2996 1143,2993 1187,2993 1232,2990 1277,2987 1322,2987 1367,2987 1411,2984 1456,2984 1501,2984 1546,2981 1590,2981 1635,2978 1680,2975 1725,2975 1770,2975 1814,2972 1859,2972 1904,2972 1949,2972 1993,2969 2038,2969 2083,2966 2128,2966 2173,2964 2217,2961 2262,2961 2307,2958 2352,2958 2396,2958 2441,2955 2486,2955 2531,2955 2575,2952 2620,2949 2665,2946 2710,2946 2755,2946 2799,2946 2844,2943 2889,2946 2934,2946 2978,2940 3023,2937 3068,2937 3113,2937 3158,2937"/>
                <TextEquiv>
                    <Unicode>Staufner (beinahe) streng an Herrn Saxberger, "dass</Unicode>
                </TextEquiv>
            </TextLine>
            <TextLine id="tr_2_tl_10" custom="readingOrder {index:9;}">
                <Coords points="846,3249 2078,3129 3082,3152 3129,3015 852,3065"/>
                <Baseline points="865,3155 895,3158 940,3158 985,3155 1029,3155 1074,3155 1119,3152 1164,3149 1208,3149 1253,3146 1298,3143 1343,3143 1387,3143 1432,3140 1477,3140 1522,3140 1567,3137 1611,3137 1656,3134 1701,3134 1746,3131 1790,3131 1835,3128 1880,3128 1925,3128 1970,3125 2014,3122 2059,3122 2104,3119 2149,3119 2193,3119 2238,3116 2283,3116 2328,3116 2372,3113 2417,3113 2462,3110 2507,3110 2552,3107 2596,3107 2641,3104 2686,3101 2731,3101 2775,3101 2820,3101 2865,3098 2910,3098 2955,3095 2999,3095 3044,3092 3089,3089 3134,3092"/>
                <TextEquiv>
                    <Unicode>Fräulein Gasteiner etwas aus den Wanderungen vor</Unicode>
                </TextEquiv>
            </TextLine>
            <TextLine id="tr_2_tl_11" custom="readingOrder {index:10;}">
                <Coords points="861,3324 896,3330 928,3316 954,3336 1013,3324 1048,3351 1115,3348 1141,3327 1179,3324 1182,3231 1103,3208 1060,3211 1022,3231 1001,3225 981,3246 963,3237 949,3249 864,3243"/>
                <Baseline points="877,3313 919,3310 964,3310 1008,3310 1053,3307 1098,3307 1143,3301 1187,3301"/>
                <TextEquiv>
                    <Unicode>trägt?</Unicode>
                </TextEquiv>
            </TextLine>
            <TextLine id="tr_2_tl_12" custom="readingOrder {index:11;}">
                <Coords points="1337,3520 1833,3453 2928,3462 2930,3304 1894,3322 1670,3409 1527,3342 1343,3371"/>
                <Baseline points="1355,3462 1367,3459 1411,3450 1456,3450 1501,3450 1546,3447 1590,3447 1635,3447 1680,3444 1725,3444 1770,3444 1814,3444 1859,3444 1904,3444 1949,3438 1993,3435 2038,3432 2083,3432 2128,3432 2173,3429 2217,3429 2262,3426 2307,3426 2352,3426 2396,3426 2441,3426 2486,3423 2531,3423 2575,3423 2620,3420 2665,3417 2710,3417 2755,3414 2799,3414 2844,3411 2889,3414 2934,3420"/>
                <TextEquiv>
                    <Unicode>"Bitte sehr", erwiderte Saxberger.</Unicode>
                </TextEquiv>
            </TextLine>
            <TextLine id="tr_2_tl_13" custom="readingOrder {index:12;}">
                <Coords points="1235,3651 1821,3681 2379,3599 2752,3663 3199,3596 3202,3508 2825,3453 2309,3549 1853,3494 1527,3567 1238,3532"/>
                <Baseline points="1253,3629 1280,3623 1325,3620 1370,3620 1414,3620 1459,3620 1504,3617 1549,3617 1593,3614 1638,3614 1683,3614 1728,3611 1773,3611 1817,3611 1862,3608 1907,3605 1952,3605 1996,3602 2041,3602 2086,3599 2131,3599 2175,3596 2220,3596 2265,3596 2310,3596 2355,3593 2399,3593 2444,3593 2489,3593 2534,3590 2578,3590 2623,3587 2668,3584 2713,3581 2758,3581 2802,3578 2847,3578 2892,3578 2937,3575 2981,3575 3026,3572 3071,3572 3116,3572 3161,3578 3205,3578"/>
                <TextEquiv>
                    <Unicode>Wie Fräulein Gasteiner seine Stimme hörte,</Unicode>
                </TextEquiv>
            </TextLine>
        </TextRegion>
    </Page>
</PcGts>
