3336 4072
633 842 2976 1069 im Traum zu sehen pflegt, als jungen Menschen, sah
636 1032 3073 1181 sich jung, lachend, redend, als einen der Besten und
621 1184 2891 1359 Stolzesten in einem Krets junger Leute, die sich
636 1305 3046 1520 seitab von der gossen Heerstrasse hielten und nichts
627 1474 2806 1650 sein wollten als Künstler - und er sagte laut
630 1632 2928 1838 als hätte der junge Mann ihm gegenüberdte raschen
636 1792 2970 1956 Gedanken mit ihm durchleben müssen....... " das ist
621 1944 2095 2134 lang her, so lang ist das her!“
1041 2083 2937 2271 Wolfgang Meter betrachtete den alten Her
630 2268 3058 2431 ren schweigend, nur die Augen schienen in dem alten
627 2389 2964 2589 reichen, barthosen Gesicht jung geblieben zu sein,
633 2561 2997 2737 und die schauten jetzt an der kleinen Lampe vorbei,
633 2710 2925 2882 die auf dem Tische stand durch das Fenster in die
624 2849 1483 3064 dunkel blaue Nacht.
1054 3006 2988 3197 1853 - sagte Meter nach einer kleinen Pau¬
624 3182 2925 3345 se, "das ist freilich eine lange Zett", und leb
621 3315 2994 3500 hafter fuhr er fort. "Sie glauben gar nicht, verehr
639 3463 2900 3648 ter Herr, wie es uns freute, als wir in Erfahrung
