3368 4120
2850 382 3028 529 177
804 617 2974 773 "Begeisterung" zuweilen gesehen hatte. Auch ei
2326 699 2502 798 als
790 730 2952 931 nige junge Mädchen waren da, die, wie sein Kopf
795 889 3028 1087 wieder in der Tür erschien, sich gegenseitig an
809 1058 3076 1237 stiessen und die er lispeln hörte: der Saxberger.
795 1180 3054 1401 Aber im ganzen war das Publikum schon wieder auf
815 1356 3017 1548 merkasm,unde horchte auf Belling, der Meters Ge-
826 1506 3014 1670 dichte vortrug. Die kannte Satberger. Sie waren
835 1647 3059 1828 aus dem Buche, das ihm der junge Mann seinerzeit
832 1769 3107 2009 überreicht hatte. Es waren leidliche Verse. Ob
841 1916 3045 2134 sie wohl,eben so gut waren — wie die seinen? Ob
852 2100 3045 2306 sie am Ende besser waren? Es war ihm wieder ein
849 2236 3054 2462 mal alles so unklar. Er fragte sich, ob es wohl
863 2408 3056 2589 eine so besondere Kunst wäre, als junger Mensch
872 2555 3020 2751 ein paar leidliche Verse zusammenzubringen und
874 2714 2838 2881 ob erselber eigentlich mehr geleistet......
877 2841 3124 3037 aber, die hatten ihn ja doch entdeckt und verehr
880 3020 3054 3192 ten ihn — das musste doch alles einen Grund ha
903 3260 1101 3447 ben!
1302 3277 3130 3495 Bolling hatte geendet. Und wieder brach
894 3438 3155 3671 der Betfall los. Es war schon zu dumm. Immer und
