3352 4152
2711 568 2881 716 158
787 776 1545 966 sagte Christian
1218 873 2996 1089 "Ich kann nicht unvorbereitet einen Mo
776 1076 2971 1257 nolog halten - und noch dazu einen wetblichen
793 1213 2579 1451 es geht nicht! Ich blamiere uns beide.
1265 1383 3046 1556 "Ja", fragte Saxberger, "was für einen
790 1580 1281 1715 Monolog?
1259 1649 3169 1849 "Den aus der "Zenobia", sagte Belling...
845 1852 2911 1995 "weil dieses Frauen...." er verbesserte sich,
812 2006 2722 2159 weil. Fräulein Gasteiner keine Lust hat.“
1196 2115 3018 2286 "Wie?" rief Saxberger besogt, "was ists
829 2324 2157 2497 denn mit Fräulein Gasteiner?
1246 2442 3037 2612 "Sie ist krank", sagte Christian, "sie
834 2626 2200 2785 kommt möglicherweise nicht. „
1232 2727 3070 2906 Saxberger erschrak aufs heftigste. "Das
840 2889 3046 3089 erzählen Sie mir nur so nebenbet? wer wird dann
845 3087 1849 3260 meine Gedichte lesen?
1226 3210 2950 3416 "Richtig! " sagte Belling "die Nummer
851 3378 1937 3564 müsste auch wegfallen.
1232 3528 3183 3707 "Ja was fehlt denn dem Fräulein Gastetner,
