3288 4072
2614 556 2786 719 198
547 692 2798 920 Christian erhob sich auch, sagte: "entschuldigt
550 870 2884 1059 mich" und geleitete Fräulein Gasteiner zur Tür hin
562 1014 2795 1204 uas. Bet der Tür wandte sie sich nochmals um und
565 1174 2694 1355 winkte sehr auffallend mit der Hand. Saxberger
565 1343 2700 1547 musste bemerken, dass der Gruss ihm galt,. Er
571 1508 1777 1692 neigte leicht seinen Kopf.
1000 1635 2721 1804 "Die alte Komödiantin wird den dummen
559 1798 2712 1990 Kerl noch ganz zu grunde richten, " sagte Lins
571 1970 831 2159 mann.
1047 2070 2875 2260 “Alte Komödiantin....“ Saxberger musste
592 2251 2813 2455 bet sich selber zustimmend nicken. Er merkte mit
603 2413 2594 2570 einemmal, dass er das längst gewusst hatte.
1065 2549 2656 2742 "Es ist hoer wirklich nimmer auszu
594 2679 2972 2901 halten", sagte Staufner. „Gehn wir ins Freie... ja?“
1091 2821 2753 3023 Man erhob sich. Der Kellner brachte
600 3017 2854 3185 die Röcke und Hüte. Man trat auf die Strasse hin
603 3173 807 3339 aus.
1035 3280 2771 3499 “Guten Abend metne Herren“, sagte Sax
606 3469 943 3650 berger.
