<?xml version="1.0" encoding="UTF-8" standalone="yes"?>
<PcGts xmlns="http://schema.primaresearch.org/PAGE/gts/pagecontent/2013-07-15" xmlns:xsi="http://www.w3.org/2001/XMLSchema-instance" xsi:schemaLocation="http://schema.primaresearch.org/PAGE/gts/pagecontent/2013-07-15 http://schema.primaresearch.org/PAGE/gts/pagecontent/2013-07-15/pagecontent.xsd">
    <Metadata>
        <Creator>prov=READ-COOP:name=TrHtr:version=2.1.0:model_id=51170:date=14_08_2023_22:17</Creator>
        <Created>2023-05-10T14:38:49.160+02:00</Created>
        <LastChange>2023-08-14T22:17:32.061+02:00</LastChange>
        <TranskribusMetadata docId="1428643" pageId="55423379" pageNr="132" tsid="132828018" status="IN_PROGRESS" userId="64420" imgUrl="https://files.transkribus.eu/Get?id=JNMBPFXALVFPMJNCKVVKVUOU&amp;fileType=view" xmlUrl="https://files.transkribus.eu/Get?id=JALEUCEXEALCDIKRAUWIFWOE" imageId="44697458"/>
    </Metadata>
    <Page imageFilename="1428643_0132.jpg" imageWidth="3384" imageHeight="4152">
        <ReadingOrder>
            <OrderedGroup id="ro_1711815886521" caption="Regions reading order">
                <RegionRefIndexed index="0" regionRef="tr_1"/>
                <RegionRefIndexed index="1" regionRef="tr_2"/>
            </OrderedGroup>
        </ReadingOrder>
        <TextRegion id="tr_1" custom="readingOrder {index:0;}">
            <Coords points="799,555 3155,555 3155,2371 799,2371"/>
            <TextLine id="tr_1_tl_1" custom="readingOrder {index:0;}">
                <Coords points="2920,642 2946,636 2966,618 2981,624 2990,616 3022,630 3034,618 3057,627 3072,616 3107,618 3107,469 3084,469 3054,487 3022,463 2969,490 2943,466 2920,472"/>
                <Baseline points="2937,605 2981,605 3026,605 3071,605 3113,605"/>
                <TextEquiv>
                    <Unicode>122</Unicode>
                </TextEquiv>
            </TextLine>
            <TextLine id="tr_1_tl_2" custom="readingOrder {index:1;}">
                <Coords points="783,894 3013,874 3069,712 786,742"/>
                <Baseline points="799,838 832,835 877,835 922,838 967,835 1011,835 1056,835 1101,832 1146,832 1190,832 1235,829 1280,829 1325,829 1370,829 1414,826 1459,826 1504,826 1549,823 1593,823 1638,823 1683,823 1728,823 1773,820 1817,820 1862,820 1907,820 1952,820 1996,817 2041,817 2086,817 2131,817 2175,817 2220,814 2265,814 2310,814 2355,814 2399,811 2444,811 2489,808 2534,808 2578,805 2623,805 2668,805 2713,802 2758,802 2802,802 2847,802 2892,799 2937,799 2981,799 3026,799 3071,793"/>
                <TextEquiv>
                    <Unicode>hab kein Mitleid mit den Leuten., sie haben auch</Unicode>
                </TextEquiv>
            </TextLine>
            <TextLine id="tr_1_tl_3" custom="readingOrder {index:2;}">
                <Coords points="789,1041 1228,988 1401,1061 1624,1005 1703,1026 1899,1000 1902,909 1647,920 1568,882 1471,944 1366,900 1272,941 1181,906 791,941"/>
                <Baseline points="805,990 835,990 880,990 925,990 970,990 1014,990 1059,990 1104,990 1149,988 1193,988 1238,985 1283,985 1328,982 1373,982 1417,982 1462,982 1507,979 1552,979 1596,976 1641,976 1686,976 1731,976 1776,973 1820,967 1865,958 1910,955"/>
                <TextEquiv>
                    <Unicode>keins mit mir gehabt. "</Unicode>
                </TextEquiv>
            </TextLine>
            <TextLine id="tr_1_tl_4" custom="readingOrder {index:3;}">
                <Coords points="1199,1193 1580,1146 1782,1199 1964,1137 2216,1205 2363,1129 2711,1117 3145,1178 3148,1046 2049,1064 1876,994 1202,1046"/>
                <Baseline points="1214,1137 1226,1140 1271,1137 1316,1137 1361,1137 1405,1134 1450,1134 1495,1131 1540,1134 1584,1131 1629,1131 1674,1131 1719,1131 1764,1128 1808,1128 1853,1128 1898,1128 1943,1128 1987,1128 2032,1128 2077,1125 2122,1125 2167,1122 2211,1122 2256,1122 2301,1122 2346,1119 2390,1119 2435,1119 2480,1119 2525,1119 2570,1119 2614,1116 2659,1116 2704,1116 2749,1116 2793,1113 2838,1113 2883,1113 2928,1110 2972,1110 3017,1110 3062,1110 3107,1110 3152,1110"/>
                <TextEquiv>
                    <Unicode>Man beruhigte ihn. Man erklärte ihm, dass</Unicode>
                </TextEquiv>
            </TextLine>
            <TextLine id="tr_1_tl_5" custom="readingOrder {index:4;}">
                <Coords points="791,1348 2673,1322 3054,1290 3054,1187 1574,1243 1035,1184 794,1249"/>
                <Baseline points="808,1295 823,1295 868,1298 913,1298 958,1298 1002,1295 1047,1295 1092,1292 1137,1289 1182,1289 1226,1289 1271,1286 1316,1286 1361,1286 1405,1286 1450,1286 1495,1286 1540,1283 1584,1283 1629,1283 1674,1283 1719,1283 1764,1283 1808,1280 1853,1280 1898,1277 1943,1277 1987,1277 2032,1277 2077,1277 2122,1277 2167,1277 2211,1274 2256,1274 2301,1274 2346,1274 2390,1274 2435,1274 2480,1274 2525,1271 2570,1271 2614,1271 2659,1271 2704,1271 2749,1268 2793,1265 2838,1265 2883,1265 2928,1262 2972,1262 3017,1262 3062,1262"/>
                <TextEquiv>
                    <Unicode>er ja als Vortragenden in seinen Ton, allen Hass</Unicode>
                </TextEquiv>
            </TextLine>
            <TextLine id="tr_1_tl_6" custom="readingOrder {index:5;}">
                <Coords points="789,1471 2902,1489 3092,1460 3095,1348 791,1348"/>
                <Baseline points="805,1450 817,1450 862,1450 907,1450 952,1450 996,1447 1041,1447 1086,1447 1131,1444 1176,1444 1220,1444 1265,1444 1310,1444 1355,1444 1399,1441 1444,1441 1489,1441 1534,1441 1579,1438 1623,1441 1668,1438 1713,1438 1758,1438 1802,1435 1847,1435 1892,1435 1937,1432 1981,1432 2026,1432 2071,1429 2116,1429 2161,1429 2205,1426 2250,1423 2295,1423 2340,1423 2384,1423 2429,1420 2474,1423 2519,1423 2564,1420 2608,1423 2653,1420 2698,1420 2743,1420 2787,1417 2832,1417 2877,1417 2922,1417 2966,1417 3011,1420 3056,1420 3101,1420"/>
                <TextEquiv>
                    <Unicode>hineinlegen könnte, welchen die Leute verdienten,</Unicode>
                </TextEquiv>
            </TextLine>
            <TextLine id="tr_1_tl_7" custom="readingOrder {index:6;}">
                <Coords points="794,1630 3025,1612 3148,1580 3148,1489 797,1551"/>
                <Baseline points="811,1602 826,1602 871,1602 916,1602 961,1602 1005,1608 1050,1602 1095,1599 1140,1596 1185,1596 1229,1593 1274,1593 1319,1593 1364,1593 1408,1590 1453,1590 1498,1590 1543,1590 1587,1590 1632,1587 1677,1590 1722,1587 1767,1587 1811,1587 1856,1587 1901,1584 1946,1587 1990,1584 2035,1581 2080,1584 2125,1584 2170,1584 2214,1581 2259,1579 2304,1584 2349,1581 2393,1579 2438,1579 2483,1579 2528,1576 2572,1576 2617,1576 2662,1576 2707,1576 2752,1576 2796,1573 2841,1573 2886,1573 2931,1573 2975,1573 3020,1573 3065,1570 3110,1567 3155,1570"/>
                <TextEquiv>
                    <Unicode>die "mit ihm kein Mitleid gehabt". Das würde sogar</Unicode>
                </TextEquiv>
            </TextLine>
            <TextLine id="tr_1_tl_8" custom="readingOrder {index:7;}">
                <Coords points="797,1791 2925,1768 3031,1744 3034,1644 800,1668"/>
                <Baseline points="814,1761 847,1758 892,1758 937,1758 982,1758 1026,1758 1071,1755 1116,1755 1161,1755 1205,1752 1250,1752 1295,1749 1340,1749 1384,1752 1429,1749 1474,1749 1519,1749 1564,1749 1608,1746 1653,1746 1698,1746 1743,1746 1787,1746 1832,1743 1877,1743 1922,1740 1967,1740 2011,1737 2056,1740 2101,1740 2146,1740 2190,1740 2235,1737 2280,1737 2325,1737 2370,1737 2414,1737 2459,1734 2504,1737 2549,1737 2593,1734 2638,1731 2683,1731 2728,1731 2772,1731 2817,1731 2862,1728 2907,1728 2952,1728 2996,1728 3041,1725"/>
                <TextEquiv>
                    <Unicode>einen weit bessern Eindruck machen. Er gab sich</Unicode>
                </TextEquiv>
            </TextLine>
            <TextLine id="tr_1_tl_9" custom="readingOrder {index:8;}">
                <Coords points="797,1949 2969,1897 2969,1812 2823,1797 800,1850"/>
                <Baseline points="817,1910 829,1910 874,1910 919,1910 964,1907 1008,1907 1053,1907 1098,1904 1143,1904 1187,1901 1232,1901 1277,1901 1322,1901 1367,1901 1411,1898 1456,1898 1501,1895 1546,1895 1590,1898 1635,1898 1680,1898 1725,1895 1770,1892 1814,1892 1859,1892 1904,1892 1949,1892 1993,1892 2038,1892 2083,1889 2128,1889 2173,1889 2217,1889 2262,1886 2307,1883 2352,1883 2396,1883 2441,1886 2486,1883 2531,1883 2575,1883 2620,1883 2665,1883 2710,1877 2755,1877 2799,1877 2844,1877 2889,1874 2934,1874 2978,1880"/>
                <TextEquiv>
                    <Unicode>endlich zufrieden. - Man merkte das, obwar er</Unicode>
                </TextEquiv>
            </TextLine>
            <TextLine id="tr_1_tl_10" custom="readingOrder {index:9;}">
                <Coords points="841,2096 2785,2084 3010,2058 3010,1914 2691,1993 844,2005"/>
                <Baseline points="859,2068 865,2068 910,2065 955,2062 999,2062 1044,2059 1089,2059 1134,2059 1179,2059 1223,2059 1268,2059 1313,2059 1358,2059 1402,2059 1447,2056 1492,2056 1537,2056 1581,2056 1626,2053 1671,2053 1716,2050 1761,2050 1805,2050 1850,2050 1895,2047 1940,2047 1984,2047 2029,2047 2074,2047 2119,2047 2164,2044 2208,2044 2253,2041 2298,2041 2343,2041 2387,2041 2432,2041 2477,2041 2522,2041 2567,2041 2611,2038 2656,2038 2701,2038 2746,2038 2790,2038 2835,2035 2880,2035 2925,2035 2969,2032 3014,2032"/>
                <TextEquiv>
                    <Unicode>wiederholte: man muss es den Leuten einmal sa</Unicode>
                </TextEquiv>
            </TextLine>
            <TextLine id="tr_1_tl_11" custom="readingOrder {index:10;}">
                <Coords points="797,2251 2521,2239 2556,2113 797,2163"/>
                <Baseline points="814,2226 856,2220 901,2217 946,2214 990,2211 1035,2208 1080,2208 1125,2208 1170,2211 1214,2208 1259,2208 1304,2208 1349,2205 1393,2205 1438,2205 1483,2205 1528,2205 1573,2202 1617,2202 1662,2202 1707,2199 1752,2199 1796,2199 1841,2199 1886,2199 1931,2199 1976,2199 2020,2196 2065,2196 2110,2196 2155,2193 2199,2193 2244,2193 2289,2190 2334,2193 2378,2193 2423,2193 2468,2193 2513,2193 2558,2196"/>
                <TextEquiv>
                    <Unicode>gen - man muss es thnen sagen! -...</Unicode>
                </TextEquiv>
            </TextLine>
            <TextLine id="tr_1_tl_12" custom="readingOrder {index:11;}">
                <Coords points="1208,2392 3069,2342 3051,2228 2219,2298 1211,2257"/>
                <Baseline points="1223,2361 1238,2358 1283,2358 1328,2355 1373,2355 1417,2355 1462,2352 1507,2352 1552,2352 1596,2349 1641,2349 1686,2349 1731,2349 1776,2349 1820,2349 1865,2349 1910,2346 1955,2346 1999,2343 2044,2343 2089,2346 2134,2343 2178,2343 2223,2340 2268,2340 2313,2340 2358,2340 2402,2337 2447,2337 2492,2337 2537,2340 2581,2337 2626,2337 2671,2337 2716,2337 2761,2334 2805,2334 2850,2334 2895,2331 2940,2331 2984,2331 3029,2331 3074,2331"/>
                <TextEquiv>
                    <Unicode>Als man dann zur Nummer drei kam wandte</Unicode>
                </TextEquiv>
            </TextLine>
        </TextRegion>
        <TextRegion id="tr_2" custom="readingOrder {index:1;}">
            <Coords points="820,2436 3166,2436 3166,3594 820,3594"/>
            <TextLine id="tr_2_tl_1" custom="readingOrder {index:0;}">
                <Coords points="803,2533 3013,2544 3013,2407 803,2445"/>
                <Baseline points="820,2513 826,2513 871,2513 916,2510 961,2510 1005,2510 1050,2510 1095,2510 1140,2510 1185,2510 1229,2507 1274,2507 1319,2507 1364,2507 1408,2507 1453,2507 1498,2507 1543,2504 1587,2501 1632,2501 1677,2501 1722,2501 1767,2498 1811,2498 1856,2498 1901,2495 1946,2498 1990,2498 2035,2495 2080,2495 2125,2495 2170,2495 2214,2495 2259,2492 2304,2492 2349,2492 2393,2492 2438,2489 2483,2492 2528,2492 2572,2492 2617,2492 2662,2489 2707,2486 2752,2486 2796,2486 2841,2486 2886,2486 2931,2486 2975,2486 3020,2489"/>
                <TextEquiv>
                    <Unicode>sich der etwas verstimmte Staufner an Saxberger</Unicode>
                </TextEquiv>
            </TextLine>
            <TextLine id="tr_2_tl_2" custom="readingOrder {index:1;}">
                <Coords points="803,2688 1134,2738 2228,2653 2881,2717 3007,2708 3010,2588 803,2603"/>
                <Baseline points="820,2665 865,2665 910,2665 955,2662 999,2662 1044,2662 1089,2662 1134,2659 1179,2659 1223,2659 1268,2659 1313,2659 1358,2656 1402,2659 1447,2656 1492,2656 1537,2656 1581,2656 1626,2653 1671,2656 1716,2653 1761,2653 1805,2653 1850,2653 1895,2650 1940,2653 1984,2653 2029,2653 2074,2650 2119,2650 2164,2650 2208,2647 2253,2647 2298,2647 2343,2644 2387,2644 2432,2644 2477,2641 2522,2644 2567,2644 2611,2644 2656,2641 2701,2641 2746,2641 2790,2638 2835,2638 2880,2638 2925,2635 2969,2635 3014,2632"/>
                <TextEquiv>
                    <Unicode>als wenn es sich um etwas ganz betläuftges hab</Unicode>
                </TextEquiv>
            </TextLine>
            <TextLine id="tr_2_tl_3" custom="readingOrder {index:2;}">
                <Coords points="806,2826 3016,2881 3072,2703 809,2738"/>
                <Baseline points="823,2817 841,2814 886,2814 931,2814 976,2814 1020,2814 1065,2814 1110,2811 1155,2817 1199,2814 1244,2811 1289,2808 1334,2808 1379,2808 1423,2808 1468,2808 1513,2805 1558,2805 1602,2805 1647,2802 1692,2802 1737,2802 1781,2802 1826,2799 1871,2799 1916,2799 1961,2802 2005,2802 2050,2802 2095,2802 2140,2802 2184,2799 2229,2799 2274,2796 2319,2796 2364,2796 2408,2796 2453,2796 2498,2796 2543,2796 2587,2793 2632,2793 2677,2793 2722,2793 2767,2793 2811,2790 2856,2790 2901,2790 2946,2790 2990,2790 3035,2787 3080,2787"/>
                <TextEquiv>
                    <Unicode>delte. "Sie haben dem Fräulein Gasteiner bereits</Unicode>
                </TextEquiv>
            </TextLine>
            <TextLine id="tr_2_tl_4" custom="readingOrder {index:3;}">
                <Coords points="818,3022 1832,2961 2084,3016 2421,2958 2424,2843 1190,2917 818,2884"/>
                <Baseline points="835,2961 862,2958 907,2964 952,2964 996,2966 1041,2966 1086,2964 1131,2964 1176,2961 1220,2964 1265,2964 1310,2961 1355,2961 1399,2961 1444,2958 1489,2958 1534,2958 1579,2958 1623,2955 1668,2955 1713,2955 1758,2958 1802,2958 1847,2955 1892,2952 1937,2952 1981,2949 2026,2949 2071,2952 2116,2949 2161,2949 2205,2946 2250,2946 2295,2943 2340,2937 2384,2931 2429,2928"/>
                <TextEquiv>
                    <Unicode>"die Abendstimmungen" übergeben? "</Unicode>
                </TextEquiv>
            </TextLine>
            <TextLine id="tr_2_tl_5" custom="readingOrder {index:4;}">
                <Coords points="1199,3142 2418,3166 2465,3154 2468,3025 1879,3051 1809,3002 1565,3069 1439,3022 1202,3046"/>
                <Baseline points="1217,3116 1220,3116 1265,3113 1310,3113 1355,3113 1399,3113 1444,3113 1489,3113 1534,3110 1579,3110 1623,3110 1668,3110 1713,3110 1758,3110 1802,3107 1847,3107 1892,3107 1937,3107 1981,3107 2026,3104 2071,3107 2116,3107 2161,3107 2205,3107 2250,3104 2295,3104 2340,3104 2384,3101 2429,3098 2474,3098"/>
                <TextEquiv>
                    <Unicode>"Nein", erwiderte Saxbefger</Unicode>
                </TextEquiv>
            </TextLine>
            <TextLine id="tr_2_tl_6" custom="readingOrder {index:5;}">
                <Coords points="1172,3362 1489,3283 3113,3304 3113,3183 2952,3139 1595,3219 1172,3180"/>
                <Baseline points="1190,3271 1193,3271 1238,3271 1283,3271 1328,3271 1373,3268 1417,3268 1462,3268 1507,3265 1552,3265 1596,3262 1641,3262 1686,3262 1731,3262 1776,3262 1820,3262 1865,3262 1910,3259 1955,3259 1999,3259 2044,3259 2089,3259 2134,3259 2178,3259 2223,3259 2268,3256 2313,3259 2358,3256 2402,3256 2447,3256 2492,3253 2537,3253 2581,3253 2626,3250 2671,3250 2716,3250 2761,3250 2805,3250 2850,3250 2895,3250 2940,3247 2984,3247 3029,3247 3074,3247 3119,3247"/>
                <TextEquiv>
                    <Unicode>Staufner zog die Stirn in leichte Falten.</Unicode>
                </TextEquiv>
            </TextLine>
            <TextLine id="tr_2_tl_7" custom="readingOrder {index:6;}">
                <Coords points="827,3462 1020,3509 1102,3450 1486,3485 1571,3447 1776,3500 2046,3471 2049,3359 1759,3304 1668,3362 827,3368"/>
                <Baseline points="844,3423 889,3423 934,3423 979,3426 1023,3426 1068,3426 1113,3426 1158,3426 1202,3426 1247,3426 1292,3426 1337,3426 1382,3426 1426,3429 1471,3435 1516,3429 1561,3426 1605,3423 1650,3420 1695,3420 1740,3420 1784,3417 1829,3417 1874,3417 1919,3414 1964,3414 2008,3417 2053,3420"/>
                <TextEquiv>
                    <Unicode>"Und wann...." fragte er.</Unicode>
                </TextEquiv>
            </TextLine>
            <TextLine id="tr_2_tl_8" custom="readingOrder {index:7;}">
                <Coords points="1246,3608 3163,3611 3163,3497 3048,3453 1694,3518 1246,3453"/>
                <Baseline points="1262,3584 1286,3584 1331,3581 1376,3578 1420,3578 1465,3575 1510,3575 1555,3575 1599,3575 1644,3572 1689,3572 1734,3572 1779,3572 1823,3572 1868,3575 1913,3575 1958,3575 2002,3575 2047,3575 2092,3575 2137,3572 2181,3572 2226,3572 2271,3569 2316,3569 2361,3566 2405,3566 2450,3566 2495,3566 2540,3566 2584,3566 2629,3566 2674,3563 2719,3563 2764,3563 2808,3560 2853,3560 2898,3560 2943,3560 2987,3560 3032,3558 3077,3555 3122,3555 3166,3549"/>
                <TextEquiv>
                    <Unicode>"Meine Herren", sagte Saxberger und läch</Unicode>
                </TextEquiv>
            </TextLine>
        </TextRegion>
    </Page>
</PcGts>
