3368 4120
2911 593 3061 722 29
743 783 2954 954 digen Leute", setzte er lächelnd hinzu, "schön
749 966 1483 1131 ins Gasthaus. “
1174 985 3106 1244 "Oh Herr Saxberger", sagte Meter dagegen,
758 1195 3070 1400 "schlagen Sie mir meine Bitte nicht ab. Ich finde
761 1354 3134 1562 es so schön, dass sich das heute so wanglos fügt.
755 1504 3073 1712 Und schon schlugen sie den Weg über den Burgplatz
764 1679 3094 1880 gegen die innere Stadt zu ein. Meter bereitete in
767 1862 3051 2024 lebhaften Worten auf die frohe Ueberraschung vor
758 1997 3216 2183 mit welcher man ihn mit dem Dichter der Wanderungen
770 2180 3204 2315 werde eintreten sehen. Saxberger war freudig erregt.
758 2330 3189 2474 Dass er jemals in trgend eine Gesellschaft gekommen
767 2431 3085 2648 wäre, wo sein Erscheinen eine besondere Ehre be-
777 2620 3192 2816 deutete, war ihm eigentlich noch nie begegnet. Wenn
786 2761 3109 2944 er in sein Bureau trat, da erhoben sich natürlich
783 2954 3048 3113 die paar Leute, deren Vorgesetzter er war - aber
792 3113 3140 3250 das war doch nur die gebotene Höflichkeit dem Chef
795 3250 3180 3406 gegenilber. An seinem Stammtisch galt er nicht mehr,
798 3363 3168 3559 als irgend ein anderer; das allabendliche Zusammen
798 3528 3091 3752 sitzen und Trinken machte nach und nach sogar ge
