3320 4088
2817 531 2992 674 190
791 680 3138 934 Nächstens machen wirs halt besser, was?" setzte er
800 887 3003 1097 hinzu und schaute Saxberger an, als könnte sich
817 1060 2583 1220 diese Bemerkung auch auf ihn beziehen.
1197 1191 3003 1386 "Meine Herren", sagte dieser mit leicht
806 1340 3044 1486 zitternder Stimme, "ich habs so gut gemacht, als
823 1465 3059 1649 Ich kann.... es hat Ihnen ja doch auch gefallen.
1200 1640 2907 1824 "Aber, aber", riefen die andern, “wer
829 1789 2986 1999 spricht denn voh den Wanderungen? Hoch die Wan
826 1961 2046 2163 derungen, hoch Saxberger!"
1229 2104 3012 2277 Saxberger wehrte mit der Hand ab. "Na,
820 2268 3114 2431 na... ich mein nur, ich bin keiner von denen, die
829 2396 2983 2606 es noch besser machen werden, ich bin doch ein
826 2571 2782 2712 bissel zu alt dazu - " er lüchelte bitter.
1278 2668 2980 2860 Die Unterhaltung wurde etwas ruhiger
841 2846 3062 3009 und die Stimmung versöhnlicher. Man kam überein,
846 2995 3079 3202 dass man sich über diese alberne Notiz viel mehr
846 3126 3003 3327 als nötig aufgeregt hätte. Das passierte allen
846 3289 3135 3473 im Anfang. Ja, wenn nur est die Bücher erscheinen
846 3470 2968 3672 würden, an denen sie jetzt schrieben; solchen
