3320 4104
2845 495 2980 738 98
741 750 3068 923 dahin. Er empfand Verachtung und Mitleid für diese
727 894 2854 1061 Keute.... Er - musste inhognito bleiben - sie
735 1055 2956 1251 hielten seine Maske für sein wahres Gesicht. Ir
747 1231 2945 1386 gend etwas in ihm sagte ihm: Auch wenn er ihnen
753 1330 2909 1535 seine Werke vorläse wüssten sie nicht mehr von
756 1506 3030 1682 ihm als früher. Die hielten jeden, der nur einmal
753 1647 3024 1828 zufällig unter sie geraten war für thresgleichen.
750 1834 2019 2007 Was sollte man da tun.....
1157 1946 2992 2113 Saxberger nahm seinen Rock vom Kleider
759 2148 3050 2303 haken und ging. Man merkte es nicht. Die Leute re
759 2262 3015 2449 deten und schrien durcheinander. - Wie der alte
756 2423 3056 2593 Herr auf der Strasse stand war ihm unbehaglich zu
753 2590 3056 2760 Mute. Nein - hierher wollte er nicht mehr kommen,
765 2725 3038 2901 wenigstens in der nächsten Zeit. Er wäre am lieb
776 2842 3079 3056 sten gleich zu seinen Junge Freunden gelaufen, um
768 3006 3123 3202 von ihnen zu hören, dass er nicht zu jenen gehörte
779 3200 2517 3387 und dass er ein Dichter sei.
1981 3317 2104 3463 D
1301 3346 1503 3487 G.C.F.
1401 3449 1904 3680 Freundliche
