3368 4168
2804 548 2989 724 115
772 733 2910 910 leise ganz leise Anschlagen der Wellen an die
775 866 3030 1045 Ufer. Er öffnete die Augen, da schien es stiller
772 1043 3001 1234 zu werden. Nun glühten Lichter drüben auf. Die
769 1216 3133 1375 Laternen an der gegenüber liegenden Strasse wurden
783 1378 3007 1520 eine nach der andern angezündet, und es war wie
801 1502 3063 1664 ein Zwang auf ihn, dass er aufmerken musste, wie
786 1652 2480 1826 ein Licht nach dem andern aufglühte.
1199 1749 3160 1964 Auch ander fernen Eisenbahnbrücke erschie
786 1938 3036 2132 nen Lichter, ein ganz rotes in der Mitte. Er be¬
801 2082 3069 2282 griff nicht, warum er das alles so aufmerksam be
798 2226 3098 2418 trachtete, aber er konnte sich nicht davon abwen,
807 2388 3083 2589 den. Es war ihm unmöglich zu einem stillen Ueber
804 2586 3019 2721 legen zu kommen... es war ihm, als flatterten
816 2677 3113 2898 selbst die paar armseligen Gedanken, die er schon
819 2833 2927 3057 eingefangen hatte wieder davon. Nur ein totes
816 2957 3119 3175 unbegreifliches Wortblieb übrig und summte in sei
810 3169 2353 3351 nem Kopf...... Abend.... Abend.....
1225 3304 3113 3475 Nun läuteten dte Glochen von den Türmen.
819 3446 3001 3693 von dreien oder vieren klang es zugleich. - es
