3368 4152
2825 487 3005 690 154
787 693 2978 864 kommen - ganz besonders wenn sie ihn mit jenem
817 858 1793 1079 "treuen" Blick ansch.
1203 973 3055 1162 An dem letzten Abend wurde er von Meter
805 1168 2981 1353 gefragt, ob er "unter seinen Freunden" für den
799 1277 3167 1480 Abend tätig gewesen wäre. Er verstand anfangs nicht
814 1457 2975 1657 recht. Dann merkte er, dass auch er eigentlich
829 1604 3073 1796 einige Karten hätte anbringen sollen. "Ich hab j
823 1755 3070 1952 ja keine Freunde", meinte er. "Aber", entgegnete
805 1923 3028 2123 Meter, "Sie müssen doch gerade in Ihren Kreisen
826 2102 2150 2256 einen grossen Anhang haben?"
1212 2200 2996 2406 "Mein Kreis", sagte er - "die interes
837 2368 3046 2530 sieren sich grad für - Poeste!" Und er erzählte
846 2542 3090 2742 dem jungen Manne von seinem Gespräch mit Grossin
846 2731 1047 2851 ger.
1203 2810 2961 2999 Meier lächelte. "Sie hätten sich doch
846 2966 3196 3126 nicht so ablehnend verhalten sollen. Was die Herrn
849 3152 3034 3323 sich denken ist einerlet. Wenn sie einmal drin
861 3276 2978 3512 sitzen sind sie ja doch Publikum, und das ists
861 3465 2781 3618 was wir brauchen..... Je mehr, je besser.
