3368 4152
2840 491 3014 709 137.
769 703 2875 857 gelbe Jacke, die ihn störte und ganz besonders
761 836 2965 1008 ärgerte ihn jetzt ein sehr inniges Lächeln, das
758 1016 3020 1144 auf den Lippen des Fräulein erschien und dass zu
758 1150 2921 1371 dem eben gelesenen Gedicht gar keine Beziehung
749 1298 3026 1493 mehr hatte. Er schaute sogar weg, was sie für in
755 1434 1658 1626 nere Bewegung nahm.
1167 1568 3107 1751 Und sie begann sofort ein zweites Gedicht
755 1742 3061 1948 zu lesen, sehr laut, beinahe schrill. Und er dach
761 1899 2965 2108 te das wäre eine Gewohnheit vom Theater her, wo
758 2056 3034 2236 sie ja in grossen Räumen vor vielen Leuten sprek-
758 2253 2950 2387 chen musste. Er stand auf und trat zum Fenster.
749 2364 2930 2538 Er versuchte sich vorzustellen, wie dieser Vor
761 2518 2927 2692 trag in einem grössern Raumwirken müsste - er
764 2695 2973 2846 stellte sich den gefüllten Saal vor mit der lau
755 2872 3087 3014 schenden Menge und seine Verse, die er eben hörte,
752 2976 2825 3127 unter tiefem Schweigen durch den Saal tönen.
1159 3127 2863 3310 Da klang es nun immer besser, und das
758 3296 2962 3455 eindringliche Pathos der Vorleserin bekamaeinen
743 3458 2860 3630 Sinn. Es was doch eigentlich schön, wie jedes
