3336 4088
2845 434 3030 556 186
827 602 1996 846 Fräulein Gasteiner kalt.
1324 770 3071 971 "Entschuldigen Ste", schrie Staufner..
868 955 3049 1134 "Hier stehs... "In weitesten Kreisen unbekannte
849 1185 1516 1318 Kunstgrössen.
1250 1267 2981 1443 "Ich kann lesen.... das bin aber doch
879 1484 1419 1614 nicht ich?“
1305 1535 2742 1725 “Wohl nur ich!” höhnte Bolling.
1313 1671 3114 1893 "Wahrscheinlich" erwiderte Fräulein Gas
903 1861 2981 2062 teiner. "Dass es sich nicht auf mich bezieht,
911 2002 2935 2268 kann ich Euch sogar beweisen. ( Sie zog ein
914 2162 2951 2365 Schriftstück aus der Tasche ihres Kleides.
930 2319 2335 2523 "Ich habe eben unterschrieben."
1397 2433 3117 2666 "Für Gross- Jedlersdorf" sohrte Stauf
941 2569 3122 2821 ner, der vollkommen die Fassung verloren hatte.
1381 2756 3052 2967 "Nein, für Neu - Ruppin...“ erwiderte
960 2932 2140 3141 Fräulein Gastetner ruhig.
1378 3043 3027 3258 Staufner lachte kurz auf. Christian
985 3220 3119 3407 schaute mit einem angstvoll fragenden Blick zu
976 3361 3138 3567 der Schauspielerin hinüber. Saxberger bemerkte
