3320 4088
2872 508 3040 711 189
746 616 2947 851 nicht? Warum erklärten sie ihm denn nicht, dass
755 796 3072 955 ja mögtEcherweisethre kleinen Versuche noch nichts
749 990 2898 1132 rechtes bedeuteten, dass sie aber nach wie vor
752 1138 3087 1324 in Verehrung sich vor ihm neigten - ja, warum ent
758 1275 2959 1475 schuldigten sie sich nicht, wie es sich doch ge
758 1429 3034 1600 bührt hätte und redeten da durchetnander und spra
758 1612 2985 1731 „chen von sich und immer wieder von stch und er -
758 1748 2936 1922 klärten nun, dass sie doch grosse Gentes wären,
1095 1835 1519 1948 den Seuten
755 1870 2343 2047 und es Ihnen schon zeigen wollten
1159 2009 2991 2230 Und nun wandte sich gar Staufner an ihn
749 2210 2959 2390 und mit einem unverkennbar sarkastischen Ton in
755 2338 2953 2547 der Rede sagte er: “Na und wie ist denn Ihnen zu
740 2454 1902 2634 Mut. Meister Saxberger?"
1130 2613 2988 2828 "Mir?" fragte er, konnte aber nicht mehr
749 2802 2901 2994 sagen, Er spürte, dass dieser " Meister" nicht
758 2959 1693 3092 ehrlich gemeint war.
1147 3101 2994 3275 "Na", meinte Meter lächelnd "zum Verzwei
758 3197 2927 3435 feln ist hein Grund, selbst wenn der Idiot zu -
758 3354 2968 3543 fällig recht hätte, dass wir nichts geboten ha -
755 3604 964 3755 ben.
