3352 4120
2766 477 2941 644 130
702 671 2954 893 stehen bei welcher Gelegenheit er seinen Arm aus
696 844 2800 1013 dem Linsmanns befreite. "Was für Aussichten?"
1127 887 3012 1130 "Einen Roman soll ich schretben für eine
702 1146 3132 1358 Volkszeitung. den Titel haben s mir schon gegeben. "
1127 1340 1435 1451 "Wie?"
1140 1358 2978 1571 "Pst - ich möchte nicht, dass die davon
711 1546 2972 1743 was erfahren. Die täten mich ja veraghten - oder
718 1682 3117 1894 sie stellten sich wenigstens so. Na, werden schauen
715 1879 3012 2042 was der Herr Staufner mit 45 Jahren machen wird,
758 2027 2295 2227 wenn er keinen Kreuzer Geld hat.
1155 2141 2985 2335 "Einen Roman schretben Sie -" Saxberger
730 2285 3012 2504 konnte sichs nicht verhehlen, dass ihm das einwe
730 2510 3135 2667 nig imponterte. Ein Roman war ja immerhin ein Stück
721 2621 3068 2806 Arbeit und davor hatte er einen Respekt. Hier we -
736 2747 3206 2972 nigstens unter diesen Leuten musste es ihm auffallen.
736 2951 3006 3179 Da war ja gewiss ungeheuer utel Talent, geabettet
752 3132 2341 3320 wurde aber eigentlich recht wenig.
1183 3271 3015 3462 "Ja, ja", sagte Linsmann, "in sechs Wo-
761 3425 3074 3610 chen wird er zum Erscheinen anfangen, beinah ganz
