3320 4152
2843 604 3020 773 135
773 693 2807 923 ( sie blätterte während dieser Worte in dem
758 882 2943 1076 Büchlein ) und zwar mit der Absicht diejentgen
770 1047 3040 1253 Gedichte anzustreichen, welche ich vortragen wol
761 1197 3129 1395 lte. Es ist mir nicht gelungen..... jedes Gedicht
773 1365 3123 1536 hat seinen Strich bekommen." — Sie sagte das alles
784 1507 3146 1701 ganz kühl. "Nun komme ich zu Ihnen, Herr Saxberger,
770 1672 1693 1864 wählen Sie selbst!"
1141 1811 3076 1970 Sie retchte ihm das Buch. Er hatte ein et
776 1952 2966 2158 genes Vergnügen daran dieses abgegriffene Exem
778 2132 2975 2315 plar in der Hand zu halten - offenbar dasselbe,
861 2279 1091 2400 das
781 2291 3052 2456 ###ehes von Meter beim Antiquar entdeckt worden
778 2512 985 2627 war.
1182 2530 3055 2736 "Ja Fräulein", sagte er zögernd, "ob ich
781 2733 3040 2905 Ihnen day gerade gut werde raten können?" Und er
793 2863 3049 3064 blätterte nachdenklich. "Und dann, wir müssen ja
784 3011 3064 3229 Obacht geben, dass wir die Sachen erwischen, die
787 3185 2545 3376 zum Titel "Abendstimmungen" passen. "
1159 3332 3105 3512 Sie lächelte. "Aber das tst ja vollkommen
793 3518 2961 3698 gleichgiltig. Und wenn es Ihnen darauf ankommt
