3384 4120
2812 448 2976 740 28
1121 755 1377 944 "Ans"
1127 749 3025 1109 "Ja, im Schreibtisch hab ichs ltegen ge¬
734 829 938 960 G.C.F.P.
704 984 1008 1286 habt.
1142 1161 2699 1371 "Und haben nichts davon gewusst?"
789 1298 1066 1474 G.C.F.P
1136 1322 3025 1544 "Natürlich hab ich nichts davon gewusst.
759 1447 1017 1575 Monsieur
725 1487 3095 1672 Ich bin ja schon lang kein Dichter mehr.!" Und wie
734 1557 3183 1886 er das sagte war es ihm, als machte er einen Scherz
1145 1709 3110 1944 Sie waren zum Burgtor gekommen. Plötzlich
749 1883 3199 2151 blieb Meter stehen und sagte: "Darf ich Sie jetzt an
771 1892 1030 2020 G.C.F.P.
749 2017 2985 2263 Ihre liebenswürdige Zusage erinnern, einmal ein
749 2184 3168 2464 Stündchen in unserm Kretse zu verbringen? Sagen Sie
755 2343 2988 2632 ja, so biegen wir hier ein und gehen direkt ins
749 2455 3171 2806 Kaffeehaus, wo um diese Stunde gewiss einige meiner
768 2659 3202 2921 Freunde zu teffen sind. Oh sagen Sie ja! Wie werden
768 2894 1931 3098 wir uns geehrt fühlen. "
1191 2991 3104 3232 Saxberger glaubte einige Einwendungen ma
798 3095 917 3247 G.C.F.P.
801 3113 3128 3409 chen zu müssen. "Jetzt'sagte er. "Aber es geht ja
801 3263 3122 3564 schon auf 4 acht.“ Er schaute auf die Uhr. “Frei
804 3424 3183 3729 lich acht Uhr ists schon! Da gehen doch die anstän
