3368 4120
2893 500 3048 703 24
817 643 3168 861 Plötzlich stand er Herrn Wolfgang Meter gegenüber,
823 876 2575 1074 der den Hut sehr tief vor ihm abnahm.
1274 975 3096 1158 "Wie freu ich mich", sagte Meter, "dass
829 1098 3150 1400 mir der Zufall so günstig ist. Darf man fragen wo
838 1352 1962 1520 hin Sie dern Weg führtr“
1259 1424 3150 1600 "Ich habe gar kein Ziel", antwortete Sa¬
847 1624 3054 1774 berger, der sehr angenehm berührt war. "Bin nur
855 1708 2776 1920 eben von Hause weg ein wenig zu bummeln."
1268 1846 3237 2052 „Ach ja“, meinte Meter, „danach milssen Sie
853 2013 3251 2222 ein rechtes Bedürfnis haben. Wenn man so den ganzen
853 2190 2519 2387 Tag Aktenstaub schlucken muss...“.
867 2315 3251 2599 Saxberger wollte schon erwidern der Staub von heute
870 2549 3087 2746 sei eigentlich kein Aktenstaub gewesen, aber er
864 2644 3231 2848 hatte die Empfindung, dass er nicht um selbst von
882 2890 2803 2994 diesen Dingen zu sprechen anfangen dürfe.
861 2991 993 3078 G.C.P.
1292 2997 3225 3132 „Würden Sie mir gestatten, verehrter Herr
823 3057 1002 3248 Orae
873 3093 3231 3380 Saxberger, wenn es Sie eben nichtstört, mich Ihrer
945 3251 2806 3527 Bummelet anzuschliessen!" fragte Meter.
1316 3359 3237 3646 "Bitte sehr, wird mir ein Vergnügen sein.
