<?xml version="1.0" encoding="UTF-8" standalone="yes"?>
<PcGts xmlns="http://schema.primaresearch.org/PAGE/gts/pagecontent/2013-07-15" xmlns:xsi="http://www.w3.org/2001/XMLSchema-instance" xsi:schemaLocation="http://schema.primaresearch.org/PAGE/gts/pagecontent/2013-07-15 http://schema.primaresearch.org/PAGE/gts/pagecontent/2013-07-15/pagecontent.xsd">
    <Metadata>
        <Creator>prov=READ-COOP:name=TrHtr:version=2.1.0:model_id=51170:date=14_08_2023_22:17</Creator>
        <Created>2023-05-10T14:38:56.412+02:00</Created>
        <LastChange>2023-08-14T22:17:48.891+02:00</LastChange>
        <TranskribusMetadata docId="1428643" pageId="55423822" pageNr="192" tsid="132828104" status="IN_PROGRESS" userId="64420" imgUrl="https://files.transkribus.eu/Get?id=PMRFXDMTFSBBAYDJUMQQMHIB&amp;fileType=view" xmlUrl="https://files.transkribus.eu/Get?id=SGUVOIOXXMKMNYRSYDPUJBZM" imageId="44697901"/>
    </Metadata>
    <Page imageFilename="1428643_0192.jpg" imageWidth="3320" imageHeight="4104">
        <ReadingOrder>
            <OrderedGroup id="ro_1711816039930" caption="Regions reading order">
                <RegionRefIndexed index="0" regionRef="tr_1"/>
                <RegionRefIndexed index="1" regionRef="tr_2"/>
            </OrderedGroup>
        </ReadingOrder>
        <TextRegion id="tr_1" custom="readingOrder {index:0;}">
            <Coords points="698,543 3038,543 3038,2317 698,2317"/>
            <TextLine id="tr_1_tl_1" custom="readingOrder {index:0;}">
                <Coords points="2625,648 2646,651 2701,602 2742,622 2774,613 2785,625 2803,625 2803,503 2780,500 2768,488 2750,506 2739,494 2689,488 2666,465 2652,477 2625,474"/>
                <Baseline points="2641,593 2686,593 2731,593 2775,593 2811,593"/>
                <TextEquiv>
                    <Unicode>182</Unicode>
                </TextEquiv>
            </TextLine>
            <TextLine id="tr_1_tl_2" custom="readingOrder {index:1;}">
                <Coords points="683,832 1896,811 2125,869 2608,800 2608,712 2364,660 1925,730 1791,660 1477,736 686,704"/>
                <Baseline points="698,808 734,805 779,805 823,802 868,799 913,799 958,796 1002,796 1047,796 1092,799 1137,799 1181,796 1226,796 1271,796 1316,796 1361,793 1405,793 1450,790 1495,790 1540,787 1584,787 1629,784 1674,784 1719,784 1763,781 1808,781 1853,781 1898,779 1943,779 1987,776 2032,776 2077,776 2122,776 2166,776 2211,773 2256,773 2301,773 2345,770 2390,770 2435,770 2480,770 2525,770 2569,770 2614,770"/>
                <TextEquiv>
                    <Unicode>Abend einfiel, kam ihm der sehr fern vor.</Unicode>
                </TextEquiv>
            </TextLine>
            <TextLine id="tr_1_tl_3" custom="readingOrder {index:2;}">
                <Coords points="1108,997 2788,954 2876,1000 2899,829 1111,866"/>
                <Baseline points="1128,946 1158,946 1202,946 1247,943 1292,943 1337,940 1381,940 1426,940 1471,940 1516,940 1561,937 1605,937 1650,937 1695,937 1740,934 1784,934 1829,931 1874,931 1919,928 1963,928 2008,925 2053,925 2098,925 2143,925 2187,925 2232,922 2277,919 2322,922 2366,919 2411,919 2456,916 2501,916 2545,916 2590,916 2635,913 2680,913 2725,910 2769,910 2814,910 2859,907 2904,910"/>
                <TextEquiv>
                    <Unicode>Es liess ihn nicht ruhen. Bald trieb es</Unicode>
                </TextEquiv>
            </TextLine>
            <TextLine id="tr_1_tl_4" custom="readingOrder {index:3;}">
                <Coords points="704,1134 2623,1151 2945,1082 2948,986 704,1058"/>
                <Baseline points="719,1104 761,1104 805,1104 850,1101 895,1101 940,1098 984,1098 1029,1098 1074,1098 1119,1098 1164,1098 1208,1095 1253,1095 1298,1095 1343,1092 1387,1089 1432,1089 1477,1086 1522,1086 1566,1086 1611,1086 1656,1086 1701,1083 1746,1083 1790,1083 1835,1083 1880,1083 1925,1080 1969,1080 2014,1077 2059,1077 2104,1077 2149,1077 2193,1077 2238,1077 2283,1077 2328,1074 2372,1074 2417,1071 2462,1071 2507,1068 2551,1068 2596,1068 2641,1065 2686,1065 2731,1065 2775,1062 2820,1065 2865,1065 2910,1065 2954,1059"/>
                <TextEquiv>
                    <Unicode>ihn ins Kaffeehaus und auf dem Weg kam eine hef</Unicode>
                </TextEquiv>
            </TextLine>
            <TextLine id="tr_1_tl_5" custom="readingOrder {index:4;}">
                <Coords points="709,1294 2015,1242 2184,1308 2724,1227 2902,1311 2948,1172 712,1151"/>
                <Baseline points="725,1259 758,1256 802,1256 847,1253 892,1256 937,1256 981,1253 1026,1250 1071,1250 1116,1250 1161,1247 1205,1247 1250,1247 1295,1244 1340,1244 1384,1244 1429,1241 1474,1241 1519,1244 1563,1241 1608,1241 1653,1241 1698,1238 1743,1238 1787,1235 1832,1238 1877,1235 1922,1232 1966,1235 2011,1235 2056,1232 2101,1229 2146,1229 2190,1229 2235,1229 2280,1229 2325,1229 2369,1226 2414,1226 2459,1223 2504,1223 2548,1226 2593,1223 2638,1223 2683,1223 2728,1220 2772,1220 2817,1217 2862,1214 2907,1214 2951,1214"/>
                <TextEquiv>
                    <Unicode>tige Neugier über ihn, was in den Zeitungen steh</Unicode>
                </TextEquiv>
            </TextLine>
            <TextLine id="tr_1_tl_6" custom="readingOrder {index:5;}">
                <Coords points="704,1413 2593,1468 2899,1442 2902,1297 704,1355"/>
                <Baseline points="719,1408 758,1408 802,1408 847,1408 892,1408 937,1408 981,1408 1026,1405 1071,1405 1116,1405 1161,1405 1205,1402 1250,1402 1295,1402 1340,1402 1384,1399 1429,1396 1474,1396 1519,1393 1563,1393 1608,1390 1653,1390 1698,1390 1743,1390 1787,1390 1832,1390 1877,1390 1922,1387 1966,1387 2011,1387 2056,1387 2101,1384 2146,1384 2190,1381 2235,1381 2280,1381 2325,1381 2369,1381 2414,1381 2459,1378 2504,1375 2548,1375 2593,1375 2638,1375 2683,1375 2728,1372 2772,1372 2817,1372 2862,1369 2907,1367"/>
                <TextEquiv>
                    <Unicode>en mochte. Er fand die Gesellschaft in erregter</Unicode>
                </TextEquiv>
            </TextLine>
            <TextLine id="tr_1_tl_7" custom="readingOrder {index:6;}">
                <Coords points="704,1579 1125,1643 1439,1564 1640,1619 2154,1538 2814,1579 2870,1457 707,1474"/>
                <Baseline points="719,1561 725,1561 770,1558 814,1558 859,1558 904,1558 949,1555 993,1555 1038,1555 1083,1555 1128,1552 1172,1552 1217,1552 1262,1549 1307,1549 1352,1549 1396,1546 1441,1546 1486,1543 1531,1543 1575,1543 1620,1540 1665,1543 1710,1540 1755,1540 1799,1537 1844,1537 1889,1537 1934,1537 1978,1537 2023,1537 2068,1537 2113,1534 2157,1534 2202,1531 2247,1531 2292,1531 2337,1531 2381,1528 2426,1525 2471,1525 2516,1525 2560,1528 2605,1525 2650,1525 2695,1525 2739,1522 2784,1522 2829,1519 2874,1522"/>
                <TextEquiv>
                    <Unicode>Stimmung und ihn begrüsste man wie einen guten</Unicode>
                </TextEquiv>
            </TextLine>
            <TextLine id="tr_1_tl_8" custom="readingOrder {index:7;}">
                <Coords points="704,1745 1064,1713 1553,1779 1753,1718 2250,1776 2253,1634 2122,1608 1166,1663 707,1617"/>
                <Baseline points="719,1716 737,1713 781,1710 826,1710 871,1710 916,1707 961,1707 1005,1707 1050,1707 1095,1704 1140,1707 1184,1704 1229,1701 1274,1704 1319,1701 1364,1701 1408,1701 1453,1698 1498,1698 1543,1698 1587,1698 1632,1695 1677,1695 1722,1692 1766,1692 1811,1692 1856,1689 1901,1689 1946,1689 1990,1689 2035,1686 2080,1686 2125,1689 2169,1689 2214,1692 2259,1695"/>
                <TextEquiv>
                    <Unicode>Kameraden ohne viel Ehrerbietung.</Unicode>
                </TextEquiv>
            </TextLine>
            <TextLine id="tr_1_tl_9" custom="readingOrder {index:8;}">
                <Coords points="1067,1867 2724,1887 2954,1838 2957,1713 2120,1794 1070,1762"/>
                <Baseline points="1083,1853 1125,1856 1170,1853 1214,1853 1259,1850 1304,1850 1349,1847 1393,1850 1438,1847 1483,1847 1528,1844 1572,1844 1617,1847 1662,1847 1707,1844 1752,1844 1796,1841 1841,1838 1886,1838 1931,1838 1975,1838 2020,1838 2065,1838 2110,1835 2154,1835 2199,1835 2244,1835 2289,1832 2334,1832 2378,1832 2423,1832 2468,1829 2513,1829 2557,1829 2602,1829 2647,1829 2692,1826 2736,1826 2781,1826 2826,1826 2871,1823 2916,1823 2960,1820"/>
                <TextEquiv>
                    <Unicode>In den Morgenblättern stand nichts, auch</Unicode>
                </TextEquiv>
            </TextLine>
            <TextLine id="tr_1_tl_10" custom="readingOrder {index:9;}">
                <Coords points="718,2050 2971,2064 3030,1884 881,1971 721,1916"/>
                <Baseline points="734,2020 755,2020 799,2020 844,2017 889,2014 934,2014 978,2014 1023,2011 1068,2011 1113,2011 1158,2011 1202,2011 1247,2011 1292,2005 1337,2008 1381,2005 1426,2005 1471,2005 1516,2002 1561,2002 1605,2002 1650,1999 1695,1999 1740,1996 1784,1996 1829,1996 1874,1993 1919,1996 1963,1993 2008,1993 2053,1993 2098,1993 2143,1990 2187,1990 2232,1987 2277,1987 2322,1987 2366,1984 2411,1984 2456,1984 2501,1984 2545,1984 2590,1984 2635,1981 2680,1981 2725,1981 2769,1981 2814,1981 2859,1978 2904,1975 2948,1975 2993,1972 3038,1969"/>
                <TextEquiv>
                    <Unicode>in den bisher erschienenen Abendblättern war nichs</Unicode>
                </TextEquiv>
            </TextLine>
            <TextLine id="tr_1_tl_11" custom="readingOrder {index:10;}">
                <Coords points="715,2253 1023,2178 1617,2213 2012,2154 2169,2216 2503,2149 2713,2201 2649,2082 2250,2047 718,2111"/>
                <Baseline points="734,2172 749,2172 793,2169 838,2172 883,2172 928,2169 973,2169 1017,2163 1062,2163 1107,2163 1152,2166 1196,2163 1241,2163 1286,2163 1331,2160 1375,2160 1420,2157 1465,2154 1510,2154 1555,2154 1599,2154 1644,2151 1689,2151 1734,2154 1778,2151 1823,2151 1868,2149 1913,2149 1957,2149 2002,2149 2047,2149 2092,2146 2137,2146 2181,2146 2226,2146 2271,2143 2316,2143 2360,2140 2405,2140 2450,2140 2495,2137 2540,2137 2584,2137 2629,2137 2674,2140 2719,2143"/>
                <TextEquiv>
                    <Unicode>zu finden. Staufner ärgerte sich besonders.</Unicode>
                </TextEquiv>
            </TextLine>
            <TextLine id="tr_1_tl_12" custom="readingOrder {index:11;}">
                <Coords points="1131,2335 1509,2384 1974,2338 2082,2390 2657,2326 2954,2393 2957,2213 2881,2186 1134,2256"/>
                <Baseline points="1149,2292 1172,2295 1217,2304 1262,2307 1307,2307 1352,2307 1396,2304 1441,2304 1486,2304 1531,2304 1575,2304 1620,2301 1665,2301 1710,2301 1755,2301 1799,2301 1844,2301 1889,2301 1934,2298 1978,2298 2023,2298 2068,2298 2113,2298 2157,2298 2202,2298 2247,2301 2292,2298 2337,2295 2381,2292 2426,2292 2471,2292 2516,2289 2560,2289 2605,2286 2650,2286 2695,2286 2739,2286 2784,2286 2829,2283 2874,2283 2919,2280 2963,2277"/>
                <TextEquiv>
                    <Unicode>"Wenn wirs allein wären, gut - so möcht</Unicode>
                </TextEquiv>
            </TextLine>
        </TextRegion>
        <TextRegion id="tr_2" custom="readingOrder {index:1;}">
            <Coords points="719,2382 3068,2382 3068,3540 719,3540"/>
            <TextLine id="tr_2_tl_1" custom="readingOrder {index:0;}">
                <Coords points="724,2498 2817,2506 2919,2381 727,2399"/>
                <Baseline points="740,2477 773,2471 817,2471 862,2471 907,2468 952,2468 996,2465 1041,2462 1086,2465 1131,2465 1175,2465 1220,2465 1265,2462 1310,2462 1355,2462 1399,2462 1444,2459 1489,2459 1534,2456 1578,2456 1623,2459 1668,2456 1713,2453 1758,2453 1802,2453 1847,2450 1892,2450 1937,2450 1981,2450 2026,2447 2071,2447 2116,2447 2160,2447 2205,2447 2250,2447 2295,2447 2340,2447 2384,2447 2429,2444 2474,2441 2519,2441 2563,2441 2608,2438 2653,2438 2698,2435 2742,2435 2787,2435 2832,2435 2877,2432 2922,2432"/>
                <TextEquiv>
                    <Unicode>ich ja nichts sagen", meinte er.„Wir sind junge</Unicode>
                </TextEquiv>
            </TextLine>
            <TextLine id="tr_2_tl_2" custom="readingOrder {index:1;}">
                <Coords points="701,2666 2817,2655 3001,2591 3001,2498 704,2547"/>
                <Baseline points="719,2617 725,2617 770,2617 814,2617 859,2617 904,2614 949,2614 993,2614 1038,2611 1083,2611 1128,2611 1172,2611 1217,2611 1262,2608 1307,2608 1352,2608 1396,2605 1441,2605 1486,2605 1531,2602 1575,2605 1620,2602 1665,2602 1710,2599 1755,2599 1799,2599 1844,2596 1889,2596 1934,2596 1978,2593 2023,2593 2068,2593 2113,2593 2157,2593 2202,2590 2247,2593 2292,2593 2337,2590 2381,2590 2426,2587 2471,2587 2516,2587 2560,2584 2605,2584 2650,2584 2695,2584 2739,2584 2784,2584 2829,2584 2874,2581 2919,2581 2963,2581 3008,2578"/>
                <TextEquiv>
                    <Unicode>Leute - es ist die alte Manier, uns Klötze vor die</Unicode>
                </TextEquiv>
            </TextLine>
            <TextLine id="tr_2_tl_3" custom="readingOrder {index:2;}">
                <Coords points="712,2794 2902,2820 2945,2652 715,2684"/>
                <Baseline points="728,2766 761,2766 805,2763 850,2763 895,2763 940,2763 984,2760 1029,2763 1074,2763 1119,2763 1164,2760 1208,2760 1253,2757 1298,2757 1343,2757 1387,2757 1432,2757 1477,2754 1522,2754 1566,2754 1611,2754 1656,2754 1701,2754 1746,2751 1790,2751 1835,2751 1880,2748 1925,2748 1969,2745 2014,2745 2059,2745 2104,2742 2149,2745 2193,2742 2238,2742 2283,2742 2328,2742 2372,2742 2417,2739 2462,2739 2507,2736 2551,2736 2596,2734 2641,2736 2686,2736 2731,2734 2775,2734 2820,2734 2865,2731 2910,2731 2954,2728"/>
                <TextEquiv>
                    <Unicode>Füsse zu werfen, aber wir haben doch einen unter</Unicode>
                </TextEquiv>
            </TextLine>
            <TextLine id="tr_2_tl_4" custom="readingOrder {index:3;}">
                <Coords points="721,2963 1250,3001 2035,2899 2803,2983 2986,2960 2986,2832 721,2855"/>
                <Baseline points="737,2919 755,2916 799,2919 844,2919 889,2916 934,2916 978,2916 1023,2916 1068,2916 1113,2916 1158,2916 1202,2913 1247,2913 1292,2916 1337,2916 1381,2919 1426,2916 1471,2907 1516,2907 1561,2904 1605,2901 1650,2901 1695,2904 1740,2904 1784,2904 1829,2901 1874,2901 1919,2901 1963,2898 2008,2898 2053,2898 2098,2898 2143,2898 2187,2898 2232,2898 2277,2898 2322,2895 2366,2895 2411,2895 2456,2892 2501,2892 2545,2895 2590,2892 2635,2889 2680,2892 2725,2892 2769,2889 2814,2886 2859,2886 2904,2883 2948,2883 2993,2883"/>
                <TextEquiv>
                    <Unicode>uns, der.....“ und er schaute auf Saxberger, dem</Unicode>
                </TextEquiv>
            </TextLine>
            <TextLine id="tr_2_tl_5" custom="readingOrder {index:4;}">
                <Coords points="727,3120 1587,3152 2407,3065 2774,3137 3059,3059 3062,2957 730,2977"/>
                <Baseline points="743,3071 784,3071 829,3071 874,3071 919,3068 964,3065 1008,3065 1053,3065 1098,3062 1143,3062 1187,3062 1232,3062 1277,3062 1322,3062 1367,3059 1411,3059 1456,3059 1501,3059 1546,3059 1590,3056 1635,3053 1680,3053 1725,3053 1769,3053 1814,3053 1859,3053 1904,3053 1949,3050 1993,3050 2038,3050 2083,3047 2128,3050 2172,3050 2217,3047 2262,3047 2307,3044 2351,3044 2396,3044 2441,3041 2486,3041 2531,3041 2575,3041 2620,3041 2665,3041 2710,3038 2754,3038 2799,3038 2844,3035 2889,3035 2933,3032 2978,3032 3023,3029 3068,3026"/>
                <TextEquiv>
                    <Unicode>ganz unbehaglich zu Mute war. Er wäre lieber nicht</Unicode>
                </TextEquiv>
            </TextLine>
            <TextLine id="tr_2_tl_6" custom="readingOrder {index:5;}">
                <Coords points="724,3236 829,3251 875,3283 957,3253 1003,3277 1050,3256 1096,3277 1204,3253 1204,3155 1026,3169 930,3149 846,3172 823,3149 773,3163 724,3149"/>
                <Baseline points="740,3223 764,3223 808,3223 853,3223 898,3220 943,3217 987,3217 1032,3217 1077,3217 1122,3217 1167,3217 1211,3217"/>
                <TextEquiv>
                    <Unicode>dagewesen.</Unicode>
                </TextEquiv>
            </TextLine>
            <TextLine id="tr_2_tl_7" custom="readingOrder {index:6;}">
                <Coords points="1233,3416 2535,3355 2719,3437 2963,3376 2966,3169 2466,3300 1236,3262"/>
                <Baseline points="1250,3369 1268,3366 1313,3366 1358,3363 1402,3363 1447,3363 1492,3360 1537,3360 1581,3357 1626,3357 1671,3360 1716,3357 1760,3357 1805,3357 1850,3354 1895,3357 1940,3354 1984,3354 2029,3354 2074,3351 2119,3351 2163,3351 2208,3351 2253,3351 2298,3351 2343,3351 2387,3348 2432,3348 2477,3345 2522,3342 2566,3342 2611,3342 2656,3339 2701,3342 2745,3342 2790,3339 2835,3339 2880,3336 2925,3333 2969,3336"/>
                <TextEquiv>
                    <Unicode>In diesem Augenblicklegte der Kellner</Unicode>
                </TextEquiv>
            </TextLine>
            <TextLine id="tr_2_tl_8" custom="readingOrder {index:7;}">
                <Coords points="730,3568 1660,3530 2890,3611 2916,3413 733,3442"/>
                <Baseline points="746,3530 773,3527 817,3527 862,3527 907,3524 952,3524 996,3521 1041,3521 1086,3518 1131,3518 1175,3518 1220,3516 1265,3518 1310,3516 1355,3516 1399,3516 1444,3516 1489,3513 1534,3513 1578,3510 1623,3510 1668,3510 1713,3507 1758,3507 1802,3507 1847,3507 1892,3504 1937,3504 1981,3504 2026,3504 2071,3498 2116,3501 2160,3501 2205,3498 2250,3498 2295,3498 2340,3498 2384,3498 2429,3498 2474,3495 2519,3492 2563,3492 2608,3492 2653,3492 2698,3492 2742,3495 2787,3492 2832,3489 2877,3489 2922,3486"/>
                <TextEquiv>
                    <Unicode>ein neues Abendblatt auf den Tisch und Staufner</Unicode>
                </TextEquiv>
            </TextLine>
        </TextRegion>
    </Page>
</PcGts>
