<?xml version="1.0" encoding="UTF-8" standalone="yes"?>
<PcGts xmlns="http://schema.primaresearch.org/PAGE/gts/pagecontent/2013-07-15" xmlns:xsi="http://www.w3.org/2001/XMLSchema-instance" xsi:schemaLocation="http://schema.primaresearch.org/PAGE/gts/pagecontent/2013-07-15 http://schema.primaresearch.org/PAGE/gts/pagecontent/2013-07-15/pagecontent.xsd">
    <Metadata>
        <Creator>prov=READ-COOP:name=TrHtr:version=2.1.0:model_id=51170:date=14_08_2023_19:21</Creator>
        <Created>2023-05-10T14:44:51.526+02:00</Created>
        <LastChange>2023-08-14T19:21:39.673+02:00</LastChange>
        <TranskribusMetadata docId="1428658" pageId="55424453" pageNr="2" tsid="132822657" status="IN_PROGRESS" userId="64420" imgUrl="https://files.transkribus.eu/Get?id=ZMSLCBULHPENGYPGSSKETJYV&amp;fileType=view" xmlUrl="https://files.transkribus.eu/Get?id=GXUOQDJRSGUZWVBMAVXRCGIS" imageId="44698530"/>
    </Metadata>
    <Page imageFilename="1428658_0002.jpg" imageWidth="3512" imageHeight="4168">
        <ReadingOrder>
            <OrderedGroup id="ro_1711814363179" caption="Regions reading order">
                <RegionRefIndexed index="0" regionRef="tr_1"/>
            </OrderedGroup>
        </ReadingOrder>
        <TextRegion id="tr_1" custom="readingOrder {index:0;}">
            <Coords points="480,433 3272,433 3272,3801 480,3801"/>
            <TextLine id="tr_1_tl_1" custom="readingOrder {index:0;}">
                <Coords points="2628,503 2668,510 2678,500 2688,500 2712,507 2725,309 2688,312 2668,322 2641,319"/>
                <Baseline points="2645,489 2675,486 2719,483"/>
                <TextEquiv>
                    <Unicode>2</Unicode>
                </TextEquiv>
            </TextLine>
            <TextLine id="tr_1_tl_2" custom="readingOrder {index:1;}">
                <Coords points="460,802 2940,668 3041,534 470,648"/>
                <Baseline points="480,773 489,773 534,770 579,767 624,767 668,764 713,764 758,758 803,755 847,752 892,746 937,746 982,743 1027,740 1071,737 1116,734 1161,731 1206,728 1250,725 1295,722 1340,719 1385,719 1430,716 1474,713 1519,710 1564,707 1609,704 1654,701 1698,701 1743,698 1788,695 1833,689 1877,686 1922,683 1967,680 2012,677 2057,677 2101,671 2146,668 2191,665 2236,662 2281,659 2325,656 2370,653 2415,650 2460,647 2504,644 2549,644 2594,641 2639,638 2684,635 2728,632 2773,629 2818,626 2863,621 2908,618 2952,615 2997,612 3042,612"/>
                <TextEquiv>
                    <Unicode>Bank, ohne zu merken, dass in der andern Reke ein zwei-</Unicode>
                </TextEquiv>
            </TextLine>
            <TextLine id="tr_1_tl_3" custom="readingOrder {index:2;}">
                <Coords points="483,967 3000,826 3131,806 3141,624 493,819"/>
                <Baseline points="504,925 543,922 588,922 632,916 677,916 722,913 767,910 812,907 856,904 901,901 946,895 991,892 1036,889 1080,889 1125,886 1170,883 1215,883 1259,877 1304,874 1349,871 1394,871 1439,868 1483,865 1528,865 1573,859 1618,856 1663,853 1707,850 1752,850 1797,844 1842,841 1886,838 1931,835 1976,833 2021,830 2066,830 2110,824 2155,821 2200,818 2245,815 2290,812 2334,809 2379,806 2424,803 2469,800 2513,797 2558,794 2603,794 2648,791 2693,782 2737,782 2782,779 2827,776 2872,773 2917,770 2961,767 3006,764 3051,761 3096,761 3140,761"/>
                <TextEquiv>
                    <Unicode>ter einsamer Wanderer sich niedergelassen hat, dreht sich</Unicode>
                </TextEquiv>
            </TextLine>
            <TextLine id="tr_1_tl_4" custom="readingOrder {index:3;}">
                <Coords points="487,1128 3021,940 3031,822 497,970"/>
                <Baseline points="507,1077 525,1080 570,1077 615,1074 659,1068 704,1068 749,1065 794,1062 838,1062 883,1059 928,1053 973,1047 1018,1047 1062,1044 1107,1042 1152,1042 1197,1039 1242,1036 1286,1033 1331,1030 1376,1027 1421,1024 1465,1024 1510,1018 1555,1012 1600,1009 1645,1006 1689,1003 1734,1000 1779,997 1824,994 1869,994 1913,991 1958,985 2003,982 2048,979 2092,976 2137,973 2182,970 2227,967 2272,967 2316,964 2361,961 2406,958 2451,952 2496,946 2540,946 2585,943 2630,940 2675,937 2719,934 2764,931 2809,928 2854,925 2899,922 2943,919 2988,916 3033,916"/>
                <TextEquiv>
                    <Unicode>eine Zigaretto und zündet sie mittelst eines silbernen</Unicode>
                </TextEquiv>
            </TextLine>
            <TextLine id="tr_1_tl_5" custom="readingOrder {index:4;}">
                <Coords points="2712,1094 2742,1097 2759,1118 2799,1108 2870,1171 2896,1175 2923,1161 2970,1171 2977,946 2913,926 2873,950 2856,933 2829,936 2802,960 2762,970 2745,950 2719,953"/>
                <Baseline points="2734,1086 2758,1083 2803,1080 2848,1080 2893,1080 2937,1074 2982,1077"/>
                <TextEquiv>
                    <Unicode>11/8.</Unicode>
                </TextEquiv>
            </TextLine>
            <TextLine id="tr_1_tl_6" custom="readingOrder {index:5;}">
                <Coords points="483,1275 560,1289 624,1249 665,1282 997,1208 1178,1208 1188,1061 1010,1104 977,1067 806,1111 725,1074 594,1138 490,1121"/>
                <Baseline points="504,1230 516,1230 561,1227 606,1227 650,1227 695,1224 740,1221 785,1218 830,1215 874,1212 919,1209 964,1206 1009,1203 1053,1200 1098,1197 1143,1197 1188,1200"/>
                <TextEquiv>
                    <Unicode>Feuerzeugs an.</Unicode>
                </TextEquiv>
            </TextLine>
            <TextLine id="tr_1_tl_7" custom="readingOrder {index:6;}">
                <Coords points="497,1403 2171,1353 2578,1249 3041,1272 3047,1181 2591,1084 2131,1235 1621,1165 503,1289"/>
                <Baseline points="516,1385 543,1382 588,1379 632,1379 677,1376 722,1376 767,1373 812,1370 856,1367 901,1364 946,1361 991,1358 1036,1355 1080,1352 1125,1349 1170,1346 1215,1340 1259,1337 1304,1334 1349,1331 1394,1328 1439,1328 1483,1322 1528,1322 1573,1316 1618,1313 1663,1310 1707,1304 1752,1301 1797,1301 1842,1298 1886,1295 1931,1292 1976,1289 2021,1283 2066,1280 2110,1280 2155,1274 2200,1271 2245,1271 2290,1268 2334,1265 2379,1262 2424,1259 2469,1256 2513,1250 2558,1248 2603,1245 2648,1245 2693,1242 2737,1239 2782,1236 2827,1233 2872,1230 2917,1224 2961,1221 3006,1218 3051,1215"/>
                <TextEquiv>
                    <Unicode>Der Mann in der andern Ecke wandte rasch den Kopf nach</Unicode>
                </TextEquiv>
            </TextLine>
            <TextLine id="tr_1_tl_8" custom="readingOrder {index:7;}">
                <Coords points="473,1557 2947,1413 3051,1302 483,1396"/>
                <Baseline points="492,1546 504,1546 549,1540 594,1537 638,1531 683,1531 728,1528 773,1525 818,1522 862,1516 907,1513 952,1510 997,1507 1042,1507 1086,1507 1131,1504 1176,1501 1221,1498 1265,1492 1310,1489 1355,1486 1400,1483 1445,1480 1489,1474 1534,1471 1579,1471 1624,1468 1668,1465 1713,1459 1758,1459 1803,1454 1848,1451 1892,1448 1937,1442 1982,1442 2027,1436 2072,1433 2116,1430 2161,1427 2206,1424 2251,1424 2295,1418 2340,1415 2385,1412 2430,1409 2475,1406 2519,1400 2564,1397 2609,1394 2654,1391 2699,1388 2743,1385 2788,1382 2833,1379 2878,1376 2922,1376 2967,1370 3012,1367 3057,1370"/>
                <TextEquiv>
                    <Unicode>dem Ankömmling, strich dann über sein entblösstes Haupt</Unicode>
                </TextEquiv>
            </TextLine>
            <TextLine id="tr_1_tl_9" custom="readingOrder {index:8;}">
                <Coords points="483,1722 2071,1648 3037,1541 3041,1463 493,1591"/>
                <Baseline points="504,1701 537,1695 582,1692 626,1686 671,1683 716,1680 761,1677 806,1674 850,1668 895,1668 940,1663 985,1663 1030,1660 1074,1657 1119,1657 1164,1654 1209,1648 1253,1645 1298,1642 1343,1639 1388,1633 1433,1633 1477,1627 1522,1624 1567,1621 1612,1618 1657,1615 1701,1615 1746,1609 1791,1606 1836,1603 1880,1600 1925,1597 1970,1591 2015,1588 2060,1585 2104,1582 2149,1579 2194,1576 2239,1573 2284,1573 2328,1567 2373,1567 2418,1561 2463,1558 2507,1552 2552,1549 2597,1546 2642,1543 2687,1540 2731,1537 2776,1534 2821,1531 2866,1528 2911,1525 2955,1525 3000,1525 3045,1531"/>
                <TextEquiv>
                    <Unicode>und sah ruhig vor sich hin. So sassen beide eine Weile,</Unicode>
                </TextEquiv>
            </TextLine>
            <TextLine id="tr_1_tl_10" custom="readingOrder {index:9;}">
                <Coords points="497,1883 3115,1712 3182,1594 953,1772 510,1708"/>
                <Baseline points="519,1854 546,1848 591,1845 635,1842 680,1836 725,1836 770,1833 815,1830 859,1827 904,1821 949,1818 994,1812 1039,1812 1083,1806 1128,1806 1173,1803 1218,1800 1262,1797 1307,1794 1352,1788 1397,1785 1442,1782 1486,1779 1531,1776 1576,1773 1621,1770 1666,1767 1710,1764 1755,1761 1800,1755 1845,1752 1889,1749 1934,1746 1979,1746 2024,1743 2069,1737 2113,1734 2158,1731 2203,1728 2248,1728 2292,1722 2337,1719 2382,1713 2427,1710 2472,1704 2516,1704 2561,1701 2606,1698 2651,1695 2696,1692 2740,1686 2785,1683 2830,1680 2875,1677 2919,1674 2964,1671 3009,1668 3054,1668 3099,1668 3143,1666 3188,1668"/>
                <TextEquiv>
                    <Unicode>ohne sich um einander zu kümmern. Man hörte Glockenschläge</Unicode>
                </TextEquiv>
            </TextLine>
            <TextLine id="tr_1_tl_11" custom="readingOrder {index:10;}">
                <Coords points="554,1997 3235,1886 3249,1718 560,1923"/>
                <Baseline points="576,1994 606,1991 650,1988 695,1985 740,1985 785,1979 830,1973 874,1973 919,1967 964,1964 1009,1958 1053,1955 1098,1952 1143,1949 1188,1946 1233,1943 1277,1940 1322,1937 1367,1934 1412,1931 1457,1925 1501,1925 1546,1922 1591,1922 1636,1916 1680,1910 1725,1907 1770,1904 1815,1901 1860,1898 1904,1892 1949,1889 1994,1889 2039,1886 2084,1883 2128,1877 2173,1877 2218,1872 2263,1869 2307,1866 2352,1863 2397,1857 2442,1854 2487,1854 2531,1851 2576,1848 2621,1845 2666,1842 2710,1836 2755,1833 2800,1830 2845,1824 2890,1824 2934,1821 2979,1818 3024,1815 3069,1812 3114,1812 3158,1809 3203,1803 3248,1800"/>
                <TextEquiv>
                    <Unicode>vom nächsten Kirchturm, der Herr mit der Zigarette horehte</Unicode>
                </TextEquiv>
            </TextLine>
            <TextLine id="tr_1_tl_12" custom="readingOrder {index:11;}">
                <Coords points="514,2151 3061,2004 3202,1984 3212,1880 520,2037"/>
                <Baseline points="531,2149 573,2146 618,2140 662,2134 707,2128 752,2125 797,2119 841,2116 886,2113 931,2110 976,2107 1021,2104 1065,2098 1110,2095 1155,2092 1200,2089 1245,2086 1289,2084 1334,2081 1379,2078 1424,2075 1468,2069 1513,2069 1558,2063 1603,2063 1648,2057 1692,2054 1737,2051 1782,2048 1827,2045 1872,2042 1916,2042 1961,2039 2006,2036 2051,2033 2095,2030 2140,2027 2185,2024 2230,2021 2275,2018 2319,2015 2364,2012 2409,2009 2454,2006 2499,2003 2543,2000 2588,1997 2633,1994 2678,1991 2722,1985 2767,1982 2812,1979 2857,1976 2902,1973 2946,1973 2991,1973 3036,1967 3081,1967 3126,1961 3170,1955 3215,1949"/>
                <TextEquiv>
                    <Unicode>aufmerksam zu und schien die Schläge zählen zu wollen, als</Unicode>
                </TextEquiv>
            </TextLine>
            <TextLine id="tr_1_tl_13" custom="readingOrder {index:12;}">
                <Coords points="574,2299 3141,2145 3229,2014 581,2168"/>
                <Baseline points="591,2287 632,2281 677,2278 722,2272 767,2266 812,2263 856,2260 901,2257 946,2254 991,2251 1036,2248 1080,2245 1125,2242 1170,2239 1215,2236 1259,2236 1304,2230 1349,2227 1394,2224 1439,2218 1483,2218 1528,2215 1573,2212 1618,2206 1663,2203 1707,2200 1752,2197 1797,2194 1842,2191 1886,2188 1931,2185 1976,2182 2021,2182 2066,2176 2110,2176 2155,2173 2200,2170 2245,2164 2290,2161 2334,2158 2379,2155 2424,2152 2469,2152 2513,2149 2558,2146 2603,2143 2648,2140 2693,2134 2737,2131 2782,2128 2827,2125 2872,2122 2917,2122 2961,2119 3006,2116 3051,2113 3096,2110 3140,2107 3185,2104 3230,2101"/>
                <TextEquiv>
                    <Unicode>die Schläge einer andern Glocke mit denen der ersten sich</Unicode>
                </TextEquiv>
            </TextLine>
            <TextLine id="tr_1_tl_14" custom="readingOrder {index:13;}">
                <Coords points="524,2453 2588,2349 3021,2289 3024,2212 530,2353"/>
                <Baseline points="543,2433 561,2430 606,2430 650,2424 695,2421 740,2418 785,2412 830,2409 874,2406 919,2403 964,2400 1009,2397 1053,2394 1098,2391 1143,2388 1188,2385 1233,2382 1277,2379 1322,2379 1367,2373 1412,2370 1457,2367 1501,2364 1546,2361 1591,2355 1636,2355 1680,2355 1725,2349 1770,2346 1815,2343 1860,2340 1904,2334 1949,2334 1994,2331 2039,2328 2084,2325 2128,2322 2173,2319 2218,2316 2263,2313 2307,2310 2352,2310 2397,2304 2442,2301 2487,2301 2531,2295 2576,2295 2621,2292 2666,2287 2710,2284 2755,2281 2800,2278 2845,2278 2890,2275 2934,2272 2979,2269 3024,2266"/>
                <TextEquiv>
                    <Unicode>mischten. Er schüttelte ärgerlich den Kopf und fragte</Unicode>
                </TextEquiv>
            </TextLine>
            <TextLine id="tr_1_tl_15" custom="readingOrder {index:14;}">
                <Coords points="547,2598 2863,2494 3034,2440 3037,2353 2739,2396 2514,2312 554,2480"/>
                <Baseline points="567,2576 579,2576 624,2576 668,2570 713,2567 758,2564 803,2561 847,2558 892,2552 937,2549 982,2546 1027,2546 1071,2540 1116,2540 1161,2537 1206,2534 1250,2531 1295,2528 1340,2525 1385,2522 1430,2519 1474,2516 1519,2510 1564,2510 1609,2507 1654,2504 1698,2501 1743,2499 1788,2496 1833,2493 1877,2487 1922,2484 1967,2481 2012,2481 2057,2478 2101,2475 2146,2475 2191,2469 2236,2466 2281,2463 2325,2460 2370,2460 2415,2457 2460,2451 2504,2451 2549,2445 2594,2442 2639,2439 2684,2439 2728,2436 2773,2433 2818,2427 2863,2424 2908,2421 2952,2418 2997,2418 3042,2421"/>
                <TextEquiv>
                    <Unicode>sehliesslich seinen Nachbar: "Entschuldigen Sie, mein</Unicode>
                </TextEquiv>
            </TextLine>
            <TextLine id="tr_1_tl_16" custom="readingOrder {index:15;}">
                <Coords points="540,2759 2151,2628 3152,2662 3162,2480 550,2604"/>
                <Baseline points="561,2731 570,2728 615,2725 659,2722 704,2719 749,2716 794,2713 838,2710 883,2705 928,2702 973,2702 1018,2696 1062,2693 1107,2690 1152,2690 1197,2687 1242,2681 1286,2678 1331,2678 1376,2675 1421,2672 1465,2669 1510,2669 1555,2663 1600,2660 1645,2657 1689,2654 1734,2648 1779,2648 1824,2642 1869,2639 1913,2639 1958,2636 2003,2633 2048,2630 2092,2627 2137,2624 2182,2624 2227,2621 2272,2618 2316,2612 2361,2609 2406,2606 2451,2606 2496,2603 2540,2600 2585,2597 2630,2591 2675,2588 2719,2585 2764,2582 2809,2579 2854,2576 2899,2573 2943,2570 2988,2567 3033,2564 3078,2561 3123,2561 3167,2558"/>
                <TextEquiv>
                    <Unicode>Herr, hat es jetzt zwölf oder eins geschlagen? Meine Uhr</Unicode>
                </TextEquiv>
            </TextLine>
            <TextLine id="tr_1_tl_17" custom="readingOrder {index:16;}">
                <Coords points="557,2903 2984,2813 3101,2796 3108,2648 564,2806"/>
                <Baseline points="576,2884 603,2878 647,2875 692,2872 737,2866 782,2863 827,2860 871,2857 916,2854 961,2851 1006,2848 1050,2845 1095,2842 1140,2839 1185,2836 1230,2833 1274,2830 1319,2827 1364,2827 1409,2821 1454,2821 1498,2815 1543,2812 1588,2809 1633,2809 1677,2806 1722,2803 1767,2800 1812,2797 1857,2794 1901,2791 1946,2791 1991,2785 2036,2782 2081,2779 2125,2779 2170,2776 2215,2770 2260,2767 2304,2764 2349,2761 2394,2761 2439,2755 2484,2755 2528,2755 2573,2752 2618,2746 2663,2743 2708,2740 2752,2737 2797,2737 2842,2731 2887,2728 2931,2725 2976,2722 3021,2719 3066,2713 3111,2710"/>
                <TextEquiv>
                    <Unicode>hat die üble Gewohnheit, stehen zu bleiben, sobald ich</Unicode>
                </TextEquiv>
            </TextLine>
            <TextLine id="tr_1_tl_18" custom="readingOrder {index:17;}">
                <Coords points="584,3041 2081,3004 2497,2910 2631,2974 3101,2900 3105,2813 594,2923"/>
                <Baseline points="606,3027 647,3027 692,3024 737,3018 782,3018 827,3012 871,3009 916,3006 961,3006 1006,3003 1050,2997 1095,2994 1140,2991 1185,2988 1230,2988 1274,2985 1319,2979 1364,2976 1409,2976 1454,2973 1498,2967 1543,2967 1588,2961 1633,2958 1677,2958 1722,2955 1767,2955 1812,2952 1857,2949 1901,2943 1946,2943 1991,2940 2036,2934 2081,2928 2125,2925 2170,2922 2215,2922 2260,2919 2304,2917 2349,2911 2394,2908 2439,2905 2484,2905 2528,2902 2573,2899 2618,2899 2663,2896 2708,2893 2752,2890 2797,2887 2842,2884 2887,2878 2931,2875 2976,2872 3021,2869 3066,2866 3111,2863"/>
                <TextEquiv>
                    <Unicode>einen Schrit t getanzt habe, und aus dem Kirchengeläute</Unicode>
                </TextEquiv>
            </TextLine>
            <TextLine id="tr_1_tl_19" custom="readingOrder {index:18;}">
                <Coords points="591,3192 1141,3202 1853,3101 2155,3168 2477,3128 2487,2990 1930,2984 973,3111 876,3037 601,3041"/>
                <Baseline points="609,3185 650,3179 695,3173 740,3170 785,3164 830,3164 874,3158 919,3158 964,3155 1009,3152 1053,3149 1098,3146 1143,3143 1188,3140 1233,3137 1277,3134 1322,3131 1367,3126 1412,3126 1457,3123 1501,3120 1546,3114 1591,3111 1636,3108 1680,3105 1725,3102 1770,3102 1815,3099 1860,3096 1904,3093 1949,3090 1994,3087 2039,3084 2084,3081 2128,3078 2173,3072 2218,3069 2263,3066 2307,3066 2352,3066 2397,3066 2442,3066 2487,3069"/>
                <TextEquiv>
                    <Unicode>wird ein vernünftiger Mensch nicht klug."</Unicode>
                </TextEquiv>
            </TextLine>
            <TextLine id="tr_1_tl_20" custom="readingOrder {index:19;}">
                <Coords points="839,3316 3047,3219 3125,3105 1265,3245 849,3185"/>
                <Baseline points="859,3299 892,3302 937,3305 982,3305 1027,3305 1071,3299 1116,3296 1161,3293 1206,3293 1250,3287 1295,3287 1340,3281 1385,3281 1430,3278 1474,3275 1519,3272 1564,3269 1609,3266 1654,3260 1698,3260 1743,3257 1788,3251 1833,3248 1877,3245 1922,3242 1967,3239 2012,3236 2057,3233 2101,3230 2146,3227 2191,3224 2236,3224 2281,3221 2325,3221 2370,3218 2415,3218 2460,3215 2504,3209 2549,3206 2594,3200 2639,3197 2684,3194 2728,3191 2773,3185 2818,3182 2863,3179 2908,3179 2952,3176 2997,3173 3042,3167 3087,3164 3131,3161"/>
                <TextEquiv>
                    <Unicode>*Wenn Sie mich um die Zeit fragen", erwiderte der</Unicode>
                </TextEquiv>
            </TextLine>
            <TextLine id="tr_1_tl_21" custom="readingOrder {index:20;}">
                <Coords points="604,3504 3131,3386 3259,3350 3266,3232 826,3420 614,3336"/>
                <Baseline points="621,3487 629,3484 674,3484 719,3481 764,3478 809,3475 853,3472 898,3472 943,3469 988,3466 1033,3463 1077,3457 1122,3451 1167,3448 1212,3442 1256,3439 1301,3436 1346,3433 1391,3433 1436,3430 1480,3427 1525,3424 1570,3418 1615,3415 1660,3415 1704,3409 1749,3409 1794,3403 1839,3403 1883,3400 1928,3397 1973,3394 2018,3388 2063,3385 2107,3382 2152,3382 2197,3382 2242,3376 2287,3376 2331,3373 2376,3370 2421,3364 2466,3361 2510,3358 2555,3355 2600,3352 2645,3349 2690,3346 2734,3343 2779,3337 2824,3334 2869,3334 2914,3334 2958,3332 3003,3326 3048,3320 3093,3317 3137,3317 3182,3314 3227,3308 3272,3314"/>
                <TextEquiv>
                    <Unicode>Andere, "so wenden Sie sich sicher an den Unrehten. Meine</Unicode>
                </TextEquiv>
            </TextLine>
            <TextLine id="tr_1_tl_22" custom="readingOrder {index:21;}">
                <Coords points="651,3635 1171,3702 2383,3611 3229,3511 3239,3370 1108,3564 658,3517"/>
                <Baseline points="671,3630 686,3630 731,3627 776,3627 821,3627 865,3624 910,3621 955,3618 1000,3615 1044,3609 1089,3609 1134,3606 1179,3600 1224,3597 1268,3594 1313,3591 1358,3588 1403,3585 1448,3585 1492,3582 1537,3579 1582,3573 1627,3570 1671,3564 1716,3561 1761,3561 1806,3555 1851,3555 1895,3552 1940,3546 1985,3543 2030,3541 2075,3538 2119,3535 2164,3532 2209,3532 2254,3529 2298,3523 2343,3520 2388,3520 2433,3514 2478,3514 2522,3508 2567,3505 2612,3502 2657,3499 2702,3496 2746,3490 2791,3487 2836,3484 2881,3481 2925,3481 2970,3484 3015,3481 3060,3481 3105,3475 3149,3475 3194,3469 3239,3463"/>
                <TextEquiv>
                    <Unicode>Uhr liegt zuhause, ich vergass es, sie mitzunehmen, und</Unicode>
                </TextEquiv>
            </TextLine>
            <TextLine id="tr_1_tl_23" custom="readingOrder {index:22;}">
                <Coords points="618,3809 2843,3732 3199,3672 3212,3514 1168,3702 628,3648"/>
                <Baseline points="635,3791 656,3788 701,3788 746,3782 791,3782 835,3776 880,3776 925,3770 970,3770 1015,3767 1059,3761 1104,3758 1149,3752 1194,3747 1239,3744 1283,3744 1328,3741 1373,3735 1418,3735 1462,3732 1507,3732 1552,3729 1597,3723 1642,3720 1686,3714 1731,3711 1776,3708 1821,3705 1866,3702 1910,3699 1955,3699 2000,3693 2045,3693 2089,3690 2134,3687 2179,3681 2224,3678 2269,3678 2313,3675 2358,3672 2403,3675 2448,3669 2493,3666 2537,3663 2582,3657 2627,3657 2672,3651 2716,3645 2761,3645 2806,3639 2851,3636 2896,3636 2940,3636 2985,3639 3030,3633 3075,3630 3120,3627 3164,3624 3209,3621"/>
                <TextEquiv>
                    <Unicode>im übrigen verbringe ich meine Zeit so gleichmässig, so</Unicode>
                </TextEquiv>
            </TextLine>
        </TextRegion>
    </Page>
</PcGts>
