3512 4168
379 496 3004 812 dieren ist’s aus, nach Bücherwissen sehne ich mich nicht
326 705 3000 938 mehr. Band um Band hab' ich heut in die Beke geworfen. Ob
349 805 2940 1141 ich nun einen Blick in die Geschichte warf, oder in die
353 1008 2960 1287 Astronomie, oder in die Medizin, ober in die Mathematik
409 1098 3044 1427 Sie sehen, ich bin überall herumvagiert, aber es gefällt
416 1264 3063 1613 mir nichts mehr von alldem. Fahr' hin, Gelehrsamkeit, ich
642 1580 2997 1886 "Die Kunde von der Menschheit und des Menschen Ent-
439 1563 1051 1740 bin zu Ende!"
422 1713 3057 2029 wielung, die Wissenschaft von Welt und Welten... und Sie
432 1886 3063 2172 lassen all das fahren? und Sie können es mit leichtem Mu-
699 2162 3117 2461 "Mit leichtem Mut kann ich's nicht lassen, weil mein
492 2199 695 2315 tor“
512 2305 3047 2598 Geistt von nichts weiter entfernt ist, als von leichtem
516 2461 3077 2771 Mute. Aber ich lasse es, weil ich zu Ende bin. Weit we-
522 2618 3090 2910 niger begreiflich ist, wie Sie sich lossagen können von
502 2738 3187 3090 dem Getriebe voll Abwechslung und glühender Lebhaftigkeit,
519 2871 3137 3286 in dem Sie sich bewegen. Immer neu atmet und pulst es in
572 3063 3170 3393 jenen Regienen, Freude, Liebe wegt um Sie, und lebendige
585 3240 2724 3579 Augen glänzen und spiegeln sich in den Ihren.“
732 3486 1484 3692 „Sie schwärmen!"
768 3636 1573 3825 "Von Ihrem Glück."
