3528 4168
470 547 2098 838 ten niemals in derartigen Kreisen?"
726 706 2808 943 „Seit lange nicht. Und nie in intimer Weise.“
720 909 1578 1145 “Beneidenswerter!"
733 1000 2973 1297 "Das sagen Sie mir?... Wissen Sie, was ich bin?
500 1129 3220 1439 Ich bin - aber Ihnen wird die Fülle des Unglücks gar nicht
527 1270 3250 1578 klar sein, die in dem Worte steckt - ich bin ein Gelehrter
530 1463 3108 1716 Das heisst natürlich, in die Sprache der Vernunft über-
591 1598 3237 1835 setzt: ich bin kein Gelehrter. Glauben Sie mir, verehrter
591 1713 3196 2014 Herr v.Mertens, ich bin nichts weniger als das, was ich
615 2041 835 2169 bin."
794 2068 2264 2291 • Bescheidenheit, Herr Friedus.«
811 2203 3223 2463 „0 gewiss nicht. Ich werde mich ebensowenig scheuen
628 2345 3277 2568 zu sagen, daß ich sehr viel studiert habe, als dass ich
601 2497 3244 2669 nichts weiss. - Aber ich langweil Sie mit altbekannten
635 2666 3271 2875 Dingen. Es giebt nichts Gewöhnlicheres als die Unbefrie-
655 2869 1037 3024 digung."
875 2899 3203 3122 Sie fanden das Glück der Wahrheit nicht, und ich,
615 3058 2994 3298 ich suche vergeblich nach der Wahrheit des Glücks.'
862 3277 3257 3443 *Sie, Herr v.Mertens, verliessen aus Ueberdruss den
666 3416 3331 3683 Tanzsaal, ich aus Ueberdruss die Studierstube. Wir finden
635 3568 3193 3767 ns beide auf der Strasse, sympathisieren, weil wir uns
760 3848 1142 4014 Hintyleri
