3512 4168
290 320 377 540 be
360 640 2884 937 eintönig, dass mir jede Berechnung für den Verlauf der
393 790 2977 1043 Minuten, Stunden, beinahe auch für den der Tage abgeht.
610 943 3010 1223 Sie mögen sich wie immer gelangweilt haben, verehr-
383 1093 3064 1360 ter Herr, gegen die Langweile, die ich ausgestanden habe,
387 1357 1507 1554 ist Ihre ein Amusement.
657 1400 2930 1660 Ich wollte es nicht auf einen Vergle en ankommen
690 1684 3037 2007 Wie Sie mich hier sehen, komme ich von einem Ball.
410 1697 770 1874 lassen.
447 1850 2964 2170 Vorher war ich im Kaffeehaus, spielte Billard,- wieder
517 1977 3054 2314 eine Weile früher ass ich in einem Hotel mit zwei soge-
463 2127 3127 2470 nanntennFreunden zu Mitag, Vormittag... Aber entschuldigen
513 2274 3054 2630 Sie, dass ich Ihnen da Dinge erzähle, die Sie nicht im
533 2504 2060 2780 Geringsten interessieren können."
760 2544 3160 2914 "O bitte, sprechen Sie nur weiter. Jeder Mensch, der
510 2674 3034 3007 schlecht aufgelegt ist, kann gewiss sein, bei mir eine
517 2907 1874 3147 mitfühlende Seele zu finden."
810 2970 3127 3294 Wahrnaftig, Sie sind auch verstimmt?... Das freut
587 3194 1774 3434 mich... Parden - aber....
820 3267 3254 3554 "Ich pardonniere Sie ohneweiters. Mit jeder Stufe der
580 3437 3230 3724 üblen Laune wächst der Egoismus. Ich mache kein Mehl dar-
627 3524 3270 3917 aus, dass es mir unerträglich ist, um mich
