3560 4184
2982 368 3103 575 13
700 565 3136 750 Richard nahm einen mächtigen Felianten her und blät-
483 697 1045 894 terte darin.
707 848 3110 1026 "Eine Geschichte des 30jährigen Kriegs", erläuterte
473 1006 3120 1177 Benifaz. "Und dies hier, ein astronomisches Werk aus dem
529 1147 1499 1351 vorigen Jahrhundert."
704 1315 3113 1466 In diesem Moment liess sich ein Brodeln und Zisehen
533 1430 3166 1631 vernehmen. Aus einem gläsernen Gefäss spritzte brühlicher
487 1624 3110 1792 Sehu m hervor. Ein Herr im blauen Arbeitsreek mit langen
533 1805 3166 1963 blonden Haaren, mit einer Brille kam aus dem Nebenzimmer,
539 1930 3182 2107 fasste die Henkel des Gefässes mit beiden Händen und trug
493 2058 3133 2308 es rasch wieder hinaus, ohne sich umzuwenden. “Blühdern
493 2295 1128 2475 rief Benifaz.
