3512 4168
349 553 2898 802 urum lachen zu hören, wenn mir XXXK alle und jede Lust
372 778 929 959 dazu fehlt.
654 822 3049 1107 Sie machen eine Miene, als wollten Sie sagen: "Wenn
372 1053 1586 1284 mir das Weinen näher ist."
681 1154 2924 1372 Man ist oft dem Weinen nah, aber man weint sehr
402 1301 3065 1570 selten. Man verbirgt diesen ursprünglichen Ausdruck einer
413 1459 3112 1707 schmerzlichen Empfindung mit einer gewissen Aengstlichkeit
416 1647 1848 1892 selbst seinen besten Freunden."
674 1727 3092 2009 "Oder es muss sich eine Träne auf die andere reimen,
453 1902 2958 2177 das Ganze auf Velinpapier gedruckt und mit Goldschnitt
510 2019 2935 2297 verziert sein. Man sieht jetzt diese elegante Wehmut
463 2197 3092 2509 öfter in den Salons oder in Boudoirs auf kleinen Tisehen
731 2488 3022 2777 "Darüber kann ich nun allerdings nichts sagen, da
466 2455 828 2683 liegen.“
490 2683 2656 2938 ieh weder in Salens oder in Beudeirs verkehre."
755 2743 3122 3109 "Auch niemals verkehrten?... Aber wir sind nun hier
523 2924 3102 3280 in ein Gespräch gekommen, ohne auch nur unsere Namen zu
516 3069 3196 3464 kennen. Ich habe das Vergnügen, mich Ihnen als Richard v.
530 3307 1549 3589 Mertens vorzustellen."
805 3431 2254 3662 "Mein Name ist Benifaz Friedus."
815 3515 3243 3817 "Also Herr Friedus", fuhr Mertens fort, “Sie verkehr-
