3512 4184
2725 334 2856 488 10
378 471 3026 796 wollen tauschen, Mertens, und ich will der lustigste Pat-
385 642 3006 973 ron sein, der jemals existiert hat. Ich will Sie vor al-
361 823 3053 1113 lem in mein Heim führen; alles, was bis jetzt mir gehörte,
615 1063 3053 1371 "Und das meine vermache ich feierlich Ihnen", setzte
358 1070 1194 1291 sei Ihr Eigentum."
371 1237 3053 1588 Mertens hinzu. "Lassen Sie uns gehen und führen Sie mieh.
391 1378 2983 1695 Auf dem Wege können wir das Nähere besprechen. Ich will
448 1528 3106 1849 Sie vollkommen in meine Verhältnisse - das heisst in die,
435 1685 3083 2030 in welchen Sie sich von morgen bewegen sollen, einweihen."
702 1842 3136 2183 Ich will Ihnen alles im Angesicht der Dinge und Per-
505 1986 3133 2324 senen erklären, auf welche sich die Erklärungen beziehen,
461 2130 3073 2504 und ich denke, es wird gut sein, wenn Sie das selbe tun.
475 2314 3150 2635 Meine Wohnung, Herr v.Mertens, ist in der Nähe; ich denke,
492 2615 1518 2805 wir gehen gleich hin."
732 2551 3100 2906 Die beiden Männer bogen nach kuam 100 Schritten in
532 2715 3063 3073 eine Seitenstrasse ein, ein ganz enger Fusspfad führte
582 2862 3103 3227 von hier in ein sehr ruhiges Gässehen, in dem ein paar
538 3019 3223 3384 niedrige Häuser und eine kleine Kirche standen. Vor dieser
592 3163 3090 3511 Kirche blieb Benifn Friedus stehen. Im Haus gegenüber
575 3327 3133 3678 nahm er an einem Fenster einen matten Lichtschein wahr.
585 3451 3223 3815 Er lächelte und sagte: "Blühdorn arbeitet noch." Hierauf
699 3611 3290 3949 wandte er sich zu Riehard v.Mertens mit den Worten: "Nim
