3512 4168
2669 411 2813 589 11
395 579 3087 876 wohne ich, dieses Häuschen ist mein eigen.“ Er öffnete das
391 709 2984 1020 Tor, ein Mädchen kam ihnen mit einem Licht entgegen und
452 900 3091 1194 leuchtete ihnen über die düstere, in einem mächtigen Win-
452 1030 3037 1328 kel gewundene Stiege zur Wohnung hinauf. "Gehen Sie mir
485 1154 2927 1542 jetzt das Licht, Wilhelmine", sagte Benifaz. “Treten
445 1331 3067 1656 Sie ein, Herr v. Mertens. Gleich durch dieses Stübehen in
452 1509 3031 1816 das Empfangszimmer, wo ich übrigens sehen seit Jahr und
555 1676 3081 1933 Tag keinen Menschen empfangen habe... so, und nun von
465 1803 3054 2094 hier in das Studierzimmer.“ Bonifaz öffnete die Tür und
572 1953 3057 2261 Richard v.Mertens warf einen neugierigen Blick in den
495 2117 3004 2422 geräumigen Saal, über den sich nur ein schwaches unbe-
515 2258 2997 2552 stimmtes Licht ergess. Vor den drei Fenster regte ein
559 2439 3168 2723 graues Gebäude in die Höhe; es schien so nahe zu stehen,
589 2536 3151 2837 dass man die sunkelfar bigen Steine mit der Hand glaubte
589 2686 3211 3007 greifen zu können. Das war die Kirche. An den Wänden des
599 2847 3235 3138 Saals gingen Reihen von Brettern herum, vom Fussboden bis
615 3010 3138 3305 auf die Decke eins über dem andern; drauf lagen Bücher
629 3178 3255 3459 und Folianten, nicht in der besten Ordnung; auf dem Fuss-
639 3302 3261 3593 boden stehen Globen, Retorten, Röhren, einige mit sonder-
605 3472 3258 3817 barem Saft gefüllt, aus vielen strömt Raueh und Dunst; an
622 3626 3151 3934 der Wandstelle zwischen dem ersten und zweiten Fenster
