3496 4168
304 536 2881 794 ennuyieren, und werden uns wieder trennen, um von neuem
291 718 2874 953 auf so verschiedenen Bahnen zum selben Ziel zu wandeln.
585 840 2871 1121 “Ach Bonifaz Friedus, ich gäbe den Rest meines Le-
318 989 2868 1234 bens für einen Tag, an dem mir was begegnete, was ich
374 1158 2818 1402 früher noch nicht erlebt. Ich möchte sterben für was
374 1409 721 1624 Neues!“
599 1432 2964 1690 "Sie sind noch nicht verloren, Herr v.Mertens, denn
341 1677 1697 1869 Sie haben noch Leidenschaft.
612 1693 2884 1978 „Aber ich fühle - fehle mit Schrecken, wie es von
420 1865 2825 2166 Tag frostiger und kühler um mein Dasein weht,- mich
423 2061 2924 2299 freut nichts mehr, Spiel und Wein und Weiber. Und ich
410 2216 2117 2467 bin erst 30 Jahre alt, Herr Friedus!"
642 2408 1928 2603 "Ich bin zwei Jahre jünger."
648 2500 2914 2762 "Wie soll das weitergehn, wenn man mit 30 Jahren
466 2755 1045 2921 fertig ist?
685 2762 3043 3010 "Die selben Fragen, die ich mir Tag für Tag stelle.
529 2884 3116 3185 Die Antwort ist trestlos. Janol, wir sind beide fertig."
688 3046 3129 3288 “Ach Sie, Herr Friedus! was für ein weites Feld liegt
496 3179 3033 3470 zu Ihren Füssen! Sie durchmessen es niemals. Auch wenn
506 3327 3169 3559 Sie Tag und Nacht ruhelos Ihr Werk zu vollbringen suchen.
701 3430 3026 3721 «Und das sagen Sie mir zum Treste. Mit meinem Stu-
