3528 4168
609 625 985 832 „Glück?“
612 679 2445 1001 "Und Sie können all das fahren lassen?“
632 822 3004 1111 "Ich schenk's dem ersten besten Menschen, der's ha-
489 1001 3034 1311 hen will, und gehe auf und davon. - Ah, Sie nannten es
452 1181 2857 1450 Glück, Friedus! Versuchen Sie's doch, kosten Sie es
469 1340 2834 1617 durch und sagen Sie mir dann, wie es Ihnen behagt.'
682 1484 3020 1746 -Ein Gedanke, Mertens. Was fragten Sie doch früher
476 1623 3093 1926 nur?... Wie ich all das gelehrte Zeug so leicht missen
456 1770 3123 2112 könnte. wollen Sie werden, was ich gewesen?... Wollen Sie
532 1906 3014 2222 von Ihrem alten Lehen Abschied nehmen und das meinige
762 2165 3004 2515 "Mit tausend Freuden. Eine Flut von Wissbegierde
539 2215 1104 2382 fortsetzen?“
565 2292 3173 2671 durchströmt mich. Lernen will ich, zur Erkenntnis gelan-
572 2501 3057 2814 gen, den Weg gehen, den Sie bis jetzt gewandelt sind,
585 2601 3140 2957 Blumen, weisse Kravatten, Zylinderhüte, lebt wohl! ich
602 2824 2235 3143 bin alles los, was mich bedrückte."
795 2970 3113 3256 In diesem Moment heb Bonifaz Friedus den Hut, den
579 3103 3260 3416 Mertens auf den B den geworfen, bedächtig auf, setzte ihn
679 3250 3207 3549 sich auf den Kopf und sagte: "Ieh will Weltmann sein."
642 3379 3260 3705 Er nahm den Zylinder wieder herunter, drehte ihn in sei-
612 3562 3210 3842 nen Händen herum, betrachtete ihn und sprach dann: "Wir
