3592 4184
2885 465 3019 616 12
534 517 3217 839 steht ein Pult, zwischen dem zweiten und dritten ein klei-
568 760 3159 1027 ner Tisch. Auf diesem liegen verstreute Schädelknochen;
582 890 3162 1143 an der Mauer lehnt ein Bild, das eine Leiche darstellt;
582 1064 3186 1311 die einzelnen Teile des Körpers sind mit Buchstaben ver-
537 1249 3128 1434 sehen, die auf wissenschaftliche Anmerkungen hinweisen.
602 1328 3190 1574 Unter dem Tisch steht eine Kiste mit einem zerbrochenen
554 1502 3238 1739 Skelett; auf dem Pult liegt mannigfaches Schreibzeug, von
554 1653 3118 1886 den Fächern sind einige geöffnet und man bemerkt darin
565 1858 1715 2054 kleine Bücher und Hefte.
808 1941 3224 2156 Bonifaz Friedus schritt rasch auf den kleinen Tisch
585 2153 2320 2338 zu; er warf die Knochen in die Kiste.
835 2245 3299 2492 "Nicht doch", sagte Richard v.Mertens, mit einem lei-
637 2444 2156 2656 sen Lächeln, "was tun Sie denn?"
862 2546 3111 2752 „0 verehrter Freund,“ erwiderte Bonifaz, “es mag
599 2711 3183 2930 nicht sonderlich angenehm sein, nach einem Ball auf so
661 2810 3316 3080 zudringliche Weise ans Ende aller Bälle und aller andern
630 3043 2201 3258 schönen Dinge erinnert zu werden."
876 3094 3347 3337 „Vergessen Sie nur nicht“, entgegenete Richard, “dass
650 3272 3402 3573 ich nun hier in meinem Reiche hin." Er bückte sich und nahm
661 3518 1899 3720 ein Totenbein in die Hand.
917 3563 2937 3830 "Das ist das Sehläfenbein", sagte Benifaz.
