3496 4168
2449 396 2822 571 8/6.80.
333 541 2923 820 Es ist eine Nacht zu Beginn des Frühlings. Noch ist der
329 504 706 722 Albine.
390 665 2883 974 Karneval nicht zu Ende für das lebenslustige Volk der
353 837 3061 1136 Residenz. Aus vielen Fenstern strahlt Lichterglanz, in den
407 1005 2937 1284 Strassen fahren Wagen, durch deren rotglitzernde Glas-
390 1139 3011 1462 seheiben man den Schein funkelnd weisser, unruhiger Ball
440 1300 3017 1599 kleider wahrnimmt, Den Häusern entlang eilen verspätete
407 1418 3034 1737 Ballgäste, einzelne, deren Erwartungen sich nicht erfüll-
417 1586 3091 1905 ten, kehren verdrossen heim mit nachlässig übergeworfenem
437 1730 2974 2033 Mantel und verschlafenen Augen, ärgerlich über die ver-
501 1902 3108 2184 störte Nacht. - Da kommt eben einer des Wegs, just durch
480 2016 3074 2355 eine der elegantesten breiten Strassen; ein junger Mann,
517 2177 3058 2500 der kuam dreissig Jahre zählen mag. Sein Bliek gleitet
541 2335 3152 2651 verdriesslich auf dem Boden hin, der Zylinder sitzt tief
501 2490 3158 2802 in der Stirne, der Ueberzieher ist unten zugeknöpft, eben
511 2638 3132 2967 offen, so dass man auch den Stengel einer halbwelken und
514 2772 3209 3111 zerdrückten Rose sehen kann, die unordentlich im Knopfloch
548 2947 3078 3286 des Fracks steckt; die weisse Kravatte, von tadellosen
548 3074 3118 3407 Sehwung in der Anlage, hängt schief und lose, die Hände
598 3195 3108 3568 hat der Mann in die Rocktaschen gesteekt und macht zu
585 3367 3152 3716 alldem ein ziemlich gleichgiltiges Gesicht. Jetzt setzt
652 3508 3064 3867 er sich trotz der recht empfindlichen Kühle auf eine
