3480 4328
2691 545 2824 678 27
678 838 2957 1051 dagesessen haben denn, wie aus einem langen, lan¬
693 1063 2942 1190 gen Traum emporfahrend, fühlte ich plötzlich den
687 1190 2848 1332 tiefen, heissen Blick der schönen Freundin auf
678 1329 2942 1477 mich gerichtet, so glänzend, so feucht.. und Wor
690 1453 3001 1666 te aus ihrem Munde klangen an mein Ohr, X während
696 1655 2895 1865 ihr Geliebter seinen Kerf in die Hand gestützt,
696 1803 2910 1957 ganz verloren ins Leere starrte. Er schien ganz
693 1960 1563 2116 wo anders zu sein.
681 2093 2993 2232 Mein Prinz, hier wird die Historie banzl, denn es
702 2223 3022 2418 geschah nicht mehr und nicht weniger diesen Abend,
702 2395 3058 2537 als dass mich Ella in nicht misszuverstehender Wei¬
707 2528 3087 2735 se ihrer besonderen Huld versicherte- und dass ich¬
707 2717 2972 2856 ganz betäubt von dem Wirrsal, der von all dem in
702 2850 3043 2990 meiner Seele entstand, als wir wieder innerhalb den
704 2998 2998 3158 Mauern der Stadt waren, von den Beiden ohne rech¬
713 3164 2016 3348 ten Abschied, mich empfahl.
707 3274 3022 3457 Als ich im Spitale in meinem Zimmer war, sank ich
731 3448 2975 3620 ermüdet auf mein Sofia- und wie die Erinnerung an
725 3579 3061 3804 ein abgeschmacktes Schausptel wirbelte alles noch¬
