3480 4280
2536 537 2672 684 53
572 823 2200 1011 "Was wollen Sie?“ fragte er heftig.
563 1003 2902 1185 Es war ein zerlumpter Kerl, mit magerm, entstell¬
569 1121 2848 1309 tem Gesichte, der vor Marcell stand. Dieser konn-
578 1295 2946 1495 te ihn nun genau sehen, da aus einem eben geschlos¬
578 1466 2946 1631 senen Laden ein Lichtstrahl herausfiel. Es war vier
578 1628 2834 1811 Uhr morgens, nur Schnapsboutiguen werden so früh
581 1802 1011 1943 geöffnet.
590 1905 2816 2058 "Sie haben hier geschlafen?“ fragte Marcell den,
587 2064 2035 2220 der ihn soordarsch angesprochen.
590 2194 2686 2359 "Ich habe kein anderes Quart ter?" sagte der.
599 2394 1734 2551 "Kein anderes Quartier?"
587 2527 2742 2666 In dem Augenblicke zog es wie ein Lächeln über
168 2607 289 2704 were
593 2686 2804 2810 das Antlitz des Vagabunden – er hatte die geöff
593 2792 2893 2990 nete Ladentüre erblickt und nickte mit dem Kopfe,
602 2946 2521 3149 als winke er der Spelunke einen Gruss zu.
610 3108 2781 3308 "Oh doch-" erwiderte er- und mit diesen Worten
604 3297 2863 3450 setzte er seinen Fuss über die Schwelle der Bou¬
610 3438 896 3615 tique.
596 3565 2784 3763 Ein düsterer Ausdruck legte sich über die Züge
