3416 4280
2592 548 2730 669 42
571 804 2810 992 diese ausserordentliche Bekanntschaft mit allem,
565 990 2848 1172 was lebt und schafft, für seine Pflicht als künf¬
583 1157 2807 1311 tiger Regent gehalten, was ja eher fassbar gewe¬
595 1316 2789 1481 sen wäre; sondern wobei es vielmehr schien, als
598 1419 2821 1605 triebe ihn zu all diesen Extravaganzen ein unbe¬
595 1623 2945 1779 stimmter Drang nach Untversalität, wie sie grossen
601 1749 2907 1955 Talenten mit unklaren Köpfen in gewissen Pertoden
613 1947 2480 2085 ihrer Entwicklung eigen zu sein scheint.
616 2076 2827 2232 Wahrhaftig! Dieser junge Fürstensohn zeigte ein
624 2229 2913 2377 so originelles, min möchte sagen, vielästiges We¬
621 2315 2972 2559 sen, sein Naturell spriesste so uetterwendisch, so
651 2527 2913 2706 frühlingshaft, dass man dessen Entwicklung inmit¬
636 2665 2983 2857 ten der höfisch- winterlichen Starrheit kaum zu be¬
642 2845 1502 3039 greifen vermochte.
627 2921 2948 3151 So den Charakter des Prinzen erwägend und sich im
639 3157 2930 3295 Grunde dabei als feinen Psychologen fühlend, wan-
645 3295 2892 3484 delte der Graf durch den Park, bis ihm beim Ein¬
654 3396 2901 3611 tritte in dis Schloss einfiel, dass der Prinz es
657 3552 3025 3775 unterlassen hatte, ihn für den Abend zum See einzu-
