3480 4344
2541 445 2675 561 22
582 775 2755 1030 der Egoist in mir zum Vorscheln - einen teuren
582 914 2847 1208 Freund mit einem Schlage mir seelisch zum Grunde
603 1179 1389 1363 gerichtet hätte.-
606 1217 2939 1487 Und gar, wenn ich ihm meine Befürchtungen betreffs
606 1375 3001 1677 Ella mitgeteilt hätte...nein, ich konnte ihm nichts
623 1559 2903 1802 sagen... auf andere Weise mussten sie auseinander¬
650 1844 938 1980 gehen.
635 1847 2892 2129 Merken Sie schon, mein Prinz, wie alle Theorien,
662 1971 3016 2271 alle hohen, menschheitsrettenden Ideen zerflattern
659 2188 2927 2396 ten, in demselben Momente, wo ich mich das erste
656 2319 2945 2559 Mal einer Tatsache, einem reellen Fall gegenüber
686 2565 902 2746 sah?
674 2610 3049 2874 Ach, alle soztalen Fragen und das Thema, in dessen
698 2794 3013 3022 Kretse sich meine Geschichte bewegt, gehört ja zu
710 2898 3013 3185 diesen in hohem Masse - liessen sich ja so leicht
707 3070 2877 3310 lösen, wenn die Menschen Maschinen oder Götter
707 3209 2984 3479 wären. Aber da, wo ein Herz lebendig schlägt, wo
733 3372 3025 3660 Geister arbeiten, pulsterende Kontraste gegenein¬
742 3512 2969 3779 ander wogen, lässt sich eben nicht schematisier
