3512 4312
2680 596 2800 727 82
725 862 2977 1158 der Bäume, von einem anhebenden Winde bewegt, an
733 1127 1760 1292 die Scheiben schlugen.
733 1259 2951 1421 Das Zimmer war von einer roten Ampel schwach er¬
747 1368 2996 1611 hellt und Schatten zuckten über Marcelis Antlitz
753 1614 1189 1737 hin......
758 1667 2881 1852 Kopfende des Bettes sass der Fürst, zu den
761 1846 2971 2000 Füssen des Prinzen Doktor Flimmer. Beide hatten
775 1978 2957 2165 nach der ersten Bestürzung kein Wort mehr unter
778 2121 2974 2333 einander gewechselt.-Es wir beinahe eine Stunde
789 2353 1267 2481 vergangen.
781 2428 2999 2604 Da fragte der Fürst, ohne die Augen von der aus¬
806 2554 2957 2778 gestreckten Gestalt Marcells wegzuwenden: "wird
806 2798 1634 2932 er gesund werden?"
831 2904 2921 3072 "Er wird wohl....höchst wahrscheinlich gesund
811 3055 2940 3234 werden... erwiderte Flimmer gepressten Tones.
848 3198 2129 3365 "Er hat sich überarbeitet!"
845 3340 3005 3528 "Allerdings ist sein Hirn in einem Zustande der
828 3581 1488 3718 Ueberretzung.
864 3682 1972 3852 "Aber dieser Ausbruch...
862 3785 3024 4017 "Mein Fürst, dieser Ausbruch kam mir allerdings
