3464 4312
2626 597 2760 728 78
731 1027 1386 1172 beirrt veiter:
754 1092 2791 1292 "Euch gehört alles, nicht minder wie mir.
774 1249 2799 1468 "Schlieest die Türe des Balkons!" befehl der
754 1505 1044 1630 Fürst.
780 1539 2984 1787 „Und ich will metne Schätze mit Euch teilen.. oh,
785 1693 2896 1900 ich will Euch alles geben, Freiheit vor allem
791 1974 1078 2077 und...
791 1972 2962 2202 Jetzt sah Marcell um sich und fühlte sich fest
808 2122 3098 2384 gehalten... die andere Hand, die noch unbehindert
822 2287 2674 2524 gewesen, hatte Doktor Flimmer ergriffen.
811 2373 2976 2677 Noch war von Allen ringsum im Kreise keine Sil¬
839 2580 3016 2828 be gesprochen worden. Alle standen erstarrt da,
842 2797 2100 2956 ob des unerhörten Vorfalls.
859 2891 3007 3130 "So lässt mich doch, lasst mieh doch... " schrie
859 3044 2947 3275 der Prinz,"ich hab es thnen ja noch nicht ge
868 3303 1334 3454 sagt. "
890 3314 3047 3562 "Was denn, mein Kind?" fragte der Fürst mit be¬
896 3596 1553 3718 bender Stimme.
