3496 4296
2633 519 2763 661 55
614 842 2772 987 doch sie verfolgten ihn — er beschleunigte sei¬
611 967 2992 1177 nen Schritt- es lag ihm schwer auf der Brust- ach,
629 1165 2811 1334 er träumte wohl wirklich- er hat Alpdrücken -er
623 1328 2879 1485 wird sich über die Stirn fahren, mit den Fingern
626 1468 2873 1649 die Augenlieder aufreissen; er wird erwachen, in
632 1625 2399 1746 seinem Bette liegen und ruhig lächeln.
629 1735 2811 1904 Und er erwachte wirklich; doch er hat nicht ge¬
640 1939 2888 2070 träumt, denn er steht inmitten seiner Stadt. Die
629 2046 2876 2209 Morgendämmerung ist. angebrochen, eine Turmgloche
640 2230 2790 2354 schlägt rein und hallend die fünfte Stunde; er
649 2363 2909 2508 steht wieder Arbeiter in sich vorbeiziehen, doch
658 2485 2648 2671 sie lachen laut und freuen sich des Lebens.
646 2648 2861 2814 Sind jene Pflichten wahrhaftig so ernst und las
670 2823 2900 2983 tend? Muss er sich in der Tat jede Stunde seines
649 2986 2823 3125 Daseins mit der Erinnerung un jene Aufgabe ver
667 3146 2915 3336 gällen? Trägt er die Verantwortung für die Laune
652 3256 2909 3448 Jedes seiner Untertanen? Oh, er möchte sie ja so
664 3395 2891 3600 gerne alle glücklich machen. Er möchte alle Wei¬
670 3573 2897 3789 nenden wieder lachen, alle Armen reich, alle Un-
