3448 4312
2736 513 2867 645 35
802 816 2952 970 wurde ich das entsetzliche Nachgefühl jenes Er
807 976 1460 1127 eignisses los.
790 1127 3021 1281 Keinem andern wäre es in Hinsicht auf seinen Be
793 1258 2981 1426 ruf so aussevordentlich nahe gegangen, als mir,
790 1455 3029 1603 wie Sie ja nach der Auffassung begreifen müssen,
793 1586 2967 1726 die gerade ich von meinen Schulden an die künf
796 1740 3004 1917 tige Generation hatte. Meine Beschäftigung fing
796 1903 2952 2040 an mir schal zu erscheinen - ich vermisste den
793 2028 2958 2182 grossen Zug, ich kam mir gegen früher vor, wie
793 2182 2907 2339 ein armseliger Pillendreher. Das war freilich
796 2350 2975 2504 hupochondrtsche Stimmung, aber sie war nun ein
790 2473 3084 2633 mal da. Und ihr Auftreten war nur zu begreiflich.
787 2641 3038 2835 Fünfzehn Jahre sind es her, dass ich meine Praxis
793 2813 3049 2989 einem Kollegen übergab, auf Reisen ging und nach
787 2984 2967 3089 geraumer Zeit als Philosoph zurückkehrte. Glau
790 3075 3035 3266 ben Sie mir, werter Prinz; ich bin seitdem nicht
782 3278 2949 3434 zufriedener mit der Welt, aber ich habe
767 3446 2975 3608 wenigstens keine Verantwortung mehr...Und jene,
