3480 4264
2677 507 2811 649 86
670 816 1937 999 Lub der Fürst von neuem an,
682 982 2825 1177 "Ja, und wenn es mich selbst nicht drängte, es
684 1113 2898 1279 Ihnen in diesem Momente mitzuteilen.. ich fühle,
682 1299 2671 1468 dass ich es Ihnen, dem Arzte schuldig bin.
673 1436 2796 1593 Neuerdings brich der Fürst ab und beugte sich
690 1567 2947 1750 zu dem Prinzen hinab, um seinem Atem zu lauschen.
684 1736 2959 1931 Schweigend, aufs ausserordentlichste erschüttert,
693 1893 1625 2059 stand der Doktor da.
702 2033 2246 2193 "Ja, ich muss es Ihnen erzählen..
719 2181 2613 2330 "Mein Fürst, noch ist es mir rätselhaft!“
728 2324 2848 2481 "Es wird Ihnen vieles klar werden..doch es ist
702 2508 2950 2647 ja so einfach! Hören Sie mir zu, mein lieber Dok
708 2668 3049 2790 tor und vergessen Sie nicht, dass ich Sie eines un¬
699 2796 2910 2965 begrensten Vertrauens würdige. Nur Sie erfahren
708 2939 2575 3090 es.. ich brauche weiter nichts zu sagen.
702 3108 2945 3239 Aber lieb ich ihn nicht wie einen Sohn...“ Und er
725 3250 2758 3393 schaute den Schlafenden schmerzerfüllt an...
705 3390 2863 3542 Hören Sie aber, vielleicht werden Sie mir hel¬
