3432 4280
2640 608 2767 733 46
719 953 2112 1130 seiner Lage nicht verlässt....
719 1069 2831 1240 Der Prinz schüttelte den Kopf. Und doch hat
730 1220 2883 1394 man mir nicht von Männern erzählt, denen es ge
733 1353 2982 1570 lang ihr Volk zu beglücken! Ist dtes stets nurme
733 1507 2938 1712 Phras ermüdeter Geschichtsschreiber? Oder kann
759 1654 2918 1854 ein Regent, wenn ihm freilich auch die Möglich
748 1823 2996 2051 keit fehlt in allen Einzelheiten Bestes zu schaf
777 1938 2958 2159 fen, das Mass des Glückes sozusagen in gleichen
762 2109 3092 2298 Stücken unter die Individuen, welche er beherrscht
768 2283 2953 2483 verteilen? Kann nicht das Gente eines Fürsten,
774 2428 2929 2614 Indem es in einem grossartigen Einfall sich do
779 2596 2822 2773 kumentiert, eine solche Fülle von Herrlich
855 2625 974 2700 Trouver
782 2732 3022 2912 keit über das gesammte Volk ausgiessen, dass aus
785 2898 2880 3074 dieser Sonne von Glück ein Strahl jedes Ein -
791 3068 2196 3210 zelnen Extstenz überleuchtet?
785 3208 2895 3378 Mit grossen Augen starrte der Prinz noch im -
797 3318 3008 3529 mer auf das Papier, welches vor ihm lag; und er
808 3494 2918 3680 sass noch einen guten Teil der Nacht so da,
