3448 4264
2712 441 2836 573 95
694 729 2795 902 barlich zu tragen. Wo sein Vater ein Verborgs
699 926 2956 1034 ner hinschlich, wo seines Vaters Worte verhalten,
708 1049 2859 1196 ohne das die Stimme Tausender ihr Echo war......
696 1178 2895 1372 dort sollen seiner Stimme Tausende lauschen und
705 1325 2953 1505 auf die Erde niedersinken, wenn seine Stirn sich
705 1499 2792 1672 runzelt. Ich will, dass mein Sohn Marcell Ihr
694 1587 3056 1793 Nachfolger auf dem Fürstentron dieses Landes wird,
699 1799 2903 1943 Hoheit.und das ist das Ehrenwort, das ich ver
705 1966 1067 2134 lange!2
708 2069 3039 2263 Und wieder funkelte das Dolchmesser und die Bliche
717 2280 2892 2410 des Wahnsinnigen hingen mit einer mütenden Gter
705 2407 1499 2560 an meinen Lippen.
717 2571 2921 2686 "Sie begreifen, Doktor, dass ich mein Wort gab..
702 2754 2566 2845 Noch aber liess er mich nicht aufstehen.
726 2848 2859 2977 "Hören Sie weiter," fuhr er fort, "dass ich ü
708 2995 2909 3162 ber die Ausführung meines Befehles wachen werde
717 3121 2933 3347 und dass weder meine Frau, noch Sie vor dem Dol¬
720 3271 2939 3474 che sicher sind, bevor ich Marcell nicht als Ih-
708 3450 2854 3668 ren einzigen Sohn anerkannt, in der Pflege Eu-
