3528 4328
2623 518 2750 671 93
707 851 2913 1051 Bitte, welche ich hier an Sie stellen werde, zu
716 1037 2874 1206 erfüllen." Dabei blinkte der Dolch hart m met
724 1127 2567 1372 nem Auge. "Gelen Sie mir das Ehrenwörty"
730 1285 2939 1516 Eine entsetzliche Todesangst überkam mich. Ich
738 1462 3001 1648 gebe Ihnen das Ehrenwort, stöhnte ich, da mir der
735 1676 1640 1823 Atem fast versagte.
766 1803 2927 1981 "Ich danke. Also hören Sie. Sie wissen es, oder
749 1924 2930 2110 sollten es als Fürst wenigstens wissen...“ dies
764 2076 2953 2254 alles sagte er langsam, ganz langsom, als gälte
764 2243 2927 2415 es mich alle Qualen der Hölle empfinden zu las
764 2395 2961 2586 sen....“Ste sollten es als Fürst wissen, das in
766 2558 2871 2730 der Mitte Ihrer Untertanen ein grosser Gentus
775 2710 3001 2871 lebt. Aller Ruhm, den dte Menschheit zu vergeben
778 2851 2787 3037 hat, ist zu gering für ihn und seine Grösse
780 2970 2919 3187 bleibt der Welt ewig verschlossen. Dieser mann
786 3136 2848 3313 bin ich, mein Fürst, und im Laufe der letzten
783 3280 2930 3482 Zeit ist mir das Bewusstsein aufgegangen, dass
797 3423 3012 3651 Ich vergebens darauf warte anerkannt zu werden.
792 3573 2998 3806 Aber ganz ungerecht ist das Schicksal nicht und
