3384 4136
2638 435 2813 592 101
650 718 2495 924 "Nun, diese entsetzliche Notwendigkeit!"
664 927 2303 1099 "Erbliche Belastung!" sagte Flimmer.
647 1062 2884 1222 Der Fürst kam zurück und trat zum Bette. Er beug-
672 1210 2801 1373 te sich über Marcell und küsste ihn lang, wich
670 1371 2827 1551 auf die Stirne, Dann verliess er schweigend das
670 1588 1001 1708 Zimmer.
667 1657 2764 1834 Auf den Boden hinunterschauend, ergriffen wie
681 1831 2813 1983 nte vorher, sass der Doktor regungslos auf sei
681 1986 2893 2129 nem Platze.Minutenlang sass er da und er fühlte,
690 2106 2979 2292 wie ihm zeitweise ein Schauer durch den Leib lief.
1136 2266 2738 2444 Es war also in Erfüllung gegangen.
692 2421 2795 2678 Alles, alles! Die Belasteten hatte das Schick
701 2584 2770 2727 sal erreicht, walches ein jammervolles Natur
718 2712 2850 2896 gesetz über sie verhängte und da auf dem Bette
710 2798 2939 3067 lag wieder einer, der pünktlich seine Herrschaft
718 3070 1242 3233 angetreten!
712 3176 2758 3362 Flimmer schaute auf und zuokte zusammen, Der
718 3345 3019 3499 Prinz sass aufgerichtet in seinem Bette, die gros¬
730 3462 2813 3697 sen klagenden Augen auf den Doktor gerichtet.
