3448 4312
2746 484 2875 621 37
767 765 2978 962 sprach der Prinz ihn an. "Sie kommen im Auftrag
765 977 1466 1114 me ines Vaters?"
805 1045 2953 1272 'So verhält es sich, Hoheit. Meine Sendung be -
767 1243 2973 1403 trifft das Jubelfest, das unser allergnädigster
773 1366 2995 1564 Fürst in wenigen Tagen begeht. Seine Hoheit wol
776 1524 2955 1710 len den Tag auf seinem Schlosse feiern und ich
770 1695 3024 1821 habe die schmeichelhafte Mission einige Vorberei
785 1844 2852 2025 tungen zu treffen und mich diesbezüglich mit
765 2019 2907 2179 Ihnen, allergnädigster Prinz ins Einvernehmen
779 2194 1369 2311 zu setzen. "
788 2300 3036 2471 "Ich glaube," erwiderte der Angesprochene, "dass
776 2480 2978 2652 mir da wenig zu raten oder zu tun übrig bleibt.
785 2646 2804 2786 Ich kenne Ihr bedeutendes Talent für derlet
779 2729 3079 2935 Arrangements, lieber Graf, und erinnere mich heu
785 2904 3084 3073 te noch mit Vergnügen des schönen Hoffballes, der
790 3073 2958 3242 im Winter stattfand und an dessen Erfolg Ihnen
790 3227 2411 3422 der Hauptantell zugesprochen wird.
805 3394 3027 3534 "Allerdings, Hohett, hat man mir damals utel Lo
799 3517 2978 3709 bendes gesagt und hat insbesondre Ihr allergnä
