3448 4312
2680 506 2805 688 39
717 905 1090 1078 Ruhe. “
725 1044 2922 1195 Der Graf verbeugte sich tief und liess die bei
740 1155 2925 1371 den an sich vorbet, durch das Schlosstor schret
760 1357 2967 1516 ten. Dann erhob er sein Haupt und machte ein et
748 1459 2936 1644 was verdriessliches Gesicht. Dass er beim Prin¬
757 1642 3021 1784 zeh in keiner besondern Gnade stand, darüber gab
768 1809 2982 1949 er sich keiner Täuschung hin und wenn ihm heute
768 1926 3038 2111 eine grössere Leutseligkeit zu Teil geworden war,
777 2102 2916 2256 als er sie sonst von dieser Seite gewohnt war,
768 2250 2999 2424 so war das höchstens auf Rechnung einer besseern
765 2421 2091 2569 Laune des Prinzen zu setzen.
765 2549 3030 2726 Aber woher kam diese eigentümliche, ruhige, hei
785 2703 2868 2888 tere Stimmung, welche sich, so dünkte es dem
785 2836 3067 3016 Grafen, in den Worten Marcells anzudeuten schien.
785 3030 3013 3161 War dieser Doktor Flimmer ein Seelenarzt? Hatte
791 3147 2979 3329 der Fürst recht getan, diesen Mann auszuwählen
797 3312 3047 3477 und ihn an die Seite seines melancholischen Soh
802 3477 2945 3627 nes zu stellen, dessen Schwermut dem Vater be
802 3605 2270 3821 reits Sorge zu bereiten begann!
