3416 4312
2738 530 2867 763 14
749 881 2951 1052 und entferntern Verwandten war der unglückliche
743 1057 2808 1192 Keim, der vor einem Jahrhundert vielleicht,
763 1243 2965 1355 oder früher noch in die Familie getragen worden
755 1374 2917 1518 war, zur Entwicklung gekommen. Hier dürfen die
752 1534 2783 1655 Fatalisten wohl mitreden und sagen; es gibt
746 1694 2878 1854 Menschen, die zum Unglück geboren sind. Benno
757 1863 2993 1975 war dennoch mehr als mein Freund. Ein oberfläch
757 1980 3015 2123 licher Beurteiler hätte damals vielleicht finden
757 2151 2841 2309 können, weniger. Denn er war für mich ein Ob
760 2294 2968 2463 jekt des tiefsten wissenschaftlichen Interesses
774 2471 2948 2597 und ich beobachtete jeden Zug seines Charakters
760 2623 2948 2726 verfolgte seinen ganzen Entwicklungsgang mit ei
760 2749 2819 2878 ner Aufregung, wie Sie dieselbe nur nach der
749 2900 2951 3038 Schilderung begreifen können, welche ich Ihnen,
757 3066 2819 3195 Prinz Marcell, von meinem damals so intensiv
760 3198 2976 3377 nach einer Richtung hin ausgebildeten Wesen ent
757 3377 1344 3526 worfen habe.
746 3526 2976 3666 Manchen Abend sassen wir zusammen, manche halbe
