3480 4312
2540 610 2717 775 56
587 945 2829 1150 zufriedenen aufrteden machen.- Er fühlt jetzt in
595 1075 2893 1298 dem Momente, wo die frische Morgenluft seine Stim¬
598 1254 2838 1442 ne umfächelt, etwas von dem Gefühle in sich, das
610 1433 2826 1598 ein Vater für seine Kinder hegt, für setne klei¬
610 1584 2812 1766 nen, unverstündigen Kinder, welches das Lächeln
616 1737 2754 1919 der Liebe noch gar nicht begretfen können, da
627 1890 2812 2052 auf den Lippen des Vaters schwebt -, doch netn,
636 2037 2933 2228 er fühlt feüriger, wärmer als ein Vater für seine
630 2115 2942 2367 Kinder, seine Empfindung ist allumfassender, über
644 2326 2852 2532 wältigend, sein Herz ist übervoll- das ist eine
647 2430 2916 2682 Liebe, wie man ste für ein angebetetes Weib hegt¬
656 2641 2824 2832 so unbeschreiblich, so verzehrend; ja eine Art
668 2769 2829 2982 von Sinnlichkeit gesellt sich dazu... und seine
676 2904 2852 3144 Geliebte ist die Menschheit! Auch sein Herz be
685 3101 2847 3292 ginnt konfus zu werden, wie es sein Kopf schon
682 3240 2930 3445 war. Er möchte seine Seele in alles tauchen, mit
688 3355 2985 3598 seinem Gemüt alles umfassen. Die ganze Seeligkeit
696 3523 3020 3728 einer erwachenden Liebe geht in seinem Herzen auf,
705 3685 2910 3928 zugleich mit ihren eigentümlichen Schmerzen. Er
