3480 4312
2695 464 2824 647 97
773 847 2083 1030 meinen Eid nicht gebrochen.
773 967 3024 1213 Doch was war es, das mich abhielt, ihn durch die
787 1102 2984 1330 Wache abholen, ins Gefängnts, in den Narrenturm
801 1253 2984 1454 führen zu lassen? Oh, ich schauderte vor meiner
804 1425 2861 1585 eigenen Macht zurück:- Ich hätte ihn ja auch
804 1571 2921 1774 morden lassen können! Begreifen Sie, dass ich
818 1757 1462 1914 es nicht tat? -
813 1903 2950 2040 Nun fügten sich die Umstände eigentümlich gün
821 2043 3004 2192 stig. Zwei Tage nach dem Vorfall, der meine Ner
827 2172 3013 2366 ven auf lange Zeit so zerrüttet hatte, dass mir
824 2346 3076 2518 meine eigene Denkkraft kaum mehr gesund erschei
838 2472 3042 2644 nen wollte... wurde meine Frau von einem Knaben
847 2644 3145 2827 entbunden, der zwet Stunden nach der Geburt starb.
833 2787 3044 2981 Meine arme Frau verlor bald des Bewusstsein und
856 2924 3099 3130 starb nach wenigen Tagen. Erlassen Sie mir jetzt
861 3087 2927 3293 die genaue Schilderung, wie ich es mit Hilfe
856 3250 3079 3439 zweter seither verstorbenen Menschen, eines Arz¬
876 3399 3107 3594 tes und eines Dieners, einzurichten wusste, dass
873 3548 3007 3768 die Wünsche des Verrückten, mein Ehrenwort er¬
