3432 4344
2676 512 2833 676 20
652 798 2952 961 Der erste Gedanke, der mir kam, war natürlich der
661 970 2970 1119 einfachste, aber ich musste ihn sofort fallen Ips
661 1134 2926 1265 sen."Lieber Benno," so wollte ich sagen,"Du bist
676 1271 3024 1449 krank,ste nicht minder, als Arzt verbiete ich Euch
682 1408 2908 1589 das Heiraten." So etuas klingt so selbstuer
679 1568 3071 1708 ständlich; durch einen solchen ärztlichen Rat, wenn
670 1708 2979 1881 man anders -uf ihn hören würde, könnte so viel E
673 1899 3063 2030 lend auf Erden verhütet werden, dass eben die ganze
670 2009 2964 2176 Rücksichtslosigkeit der verliebten oder aus ande¬
690 2188 2985 2333 ren Gründen heiratslustigen Egoisten dazu gehört,
696 2333 2932 2506 um sich über all die unendlichen Schäden hinweg
699 2467 2896 2673 zusetzen, die man so leichtsinnig über eine zu
696 2643 2569 2836 künftige Gesellschaft heraufbeschwört."-
696 2777 2866 2938 Was Sie da hören, Prinz, sind Töne, die in mir
711 2958 2967 3119 alten Jungen eingefroren sind, wie die Klänge in
696 3113 2920 3316 Münchhausens Posthorn und die jetzt wieder laut
708 3265 3021 3479 weden, da der Tau der Erinnerung warm über meinem
702 3417 1330 3622 Herzen ltegt.
708 3548 3039 3756 Jetzt, mein Prinz, muss ich über die kühne Forder¬
