3432 4312
2789 506 2915 643 76
769 808 2915 937 der Menschheit noch immer nicht gestanden, wie
767 946 1835 1108 unsäglich er sie liebe.
750 1066 2999 1234 Da war er plötzlich ganz vorne hingetreten, hart
750 1250 2909 1390 neben den Fürsten, der noch immer dankend sich
753 1374 1223 1533 verneigte.
739 1544 2935 1670 Hastig drangen die Worte aus seiner Kehle, aber
750 1704 2937 1863 so vernahmlich, dass augenblicklich vollkommene
727 1832 2314 1969 Ruhe unf Aufmerksamkeit herrschte.
758 1997 2845 2151 "Hört doch, Ihr Leute," rief er hina b,hart an
736 2148 2926 2286 der Brüstung stehend, während die Augen der auf
739 2322 2943 2428 dem Balkon Stehenden sich erstaunt auf thn rich¬
727 2459 2918 2621 teten -" ich muss Euch notwendig etwas sagen! Ich
725 2613 2912 2742 werde für Euch tun, was ich kann. Jetzt ist das
716 2736 2856 2909 freilich wenig, aber ich werde einmal viel für
705 2940 2851 3038 Euch tun können, denn ich werde Euer Herrscher
708 3044 1043 3203 sein..”
727 3195 2845 3340 "Mein Sohn!“ rief der Fürst erregt dazwischen,
705 3360 2546 3497 der neben Marcell an der Brüstung stand.
716 3494 2873 3679 "Jam mein Volk," setzte der Prinz mit einem be¬
