3384 4328
2695 557 2824 727 29
669 830 2895 1019 ihm ein so unsagbar trauriges Erbe hinterlassen.
654 1028 2868 1137 Nachdem ich das Nötigste verordnet, schritt ich
666 1160 2992 1305 durch die hallenden Gänge des Krankenhauses meiner
666 1319 2989 1455 Wohnung zu. Mit greller Lebhaftigkeit standen wie¬
669 1455 2863 1593 der alle jene schrecklichen Bilder vor mir; die
660 1620 2868 1746 noch ungeborene Nachhommenschaft zweier Belaste
669 1770 2804 1900 ten schlich geisterhaft in den düsteren Gängen
648 1935 2833 2047 hinter mir her - eine Art Gespensterfurcht über
651 2059 2854 2221 kam mich, das Fieber packte mieh, als wäre ich
660 2241 2880 2347 ein kleines, ängstliches Kind; ich beschleunigte
636 2394 2839 2559 meine Schritte,riss endlich die Türe auf meines
639 2550 2977 2648 Zimmers auf - und hätte fast aufgeschrien, als ich
639 2689 2895 2842 eine regungslose Gestalt auf meinem Bette sitzen
636 2848 2954 2974 sah..Es war Benno! Und da erlebte ich eine Stun¬
639 2995 2933 3092 de...! Er war eigentlich nur gekommen, weil sein
627 3148 2910 3304 Herz übervoll vor. Er musste sich aussprechen, es
630 3269 2792 3440 liess ihn nicht ruhen. Nie erschten die Poesie
627 3431 2960 3619 und die Verrücktheit, welche dieser Mensch in sei¬
618 3584 2983 3784 nem Innern burg, vor mir in so wunderbarem Gemenge.
