3432 4264
616 786 2917 991 an. Als Marcell, der die Augen zu Boden gerichtet
616 961 2952 1101 hatte, beim Aufschauen des Doktors Blicke so gross
628 1149 2944 1336 auf sich gerichtet sah, fühlte er eine Art von Un¬
631 1289 2938 1446 behagen und sah hastig wieder weg. Flimmer bemerk¬
631 1429 2446 1592 te es und begann in unbefangener Weise:
655 1566 2830 1735 "Ja, es ist wahr, er, ist nicht ganz sympathisch
637 1771 2911 1872 dieser Graf und ich weiss Ihre heftige Abneigung,
625 1887 2929 2045 Prinz, um so mehr zu würdigen, als ich Ihre warme
628 2033 3018 2226 und lebhafte Art zu empfinden, als eine Ihrer schön
637 2196 2476 2363 sten Eigenschaften kennen gelernt habe!
643 2357 3018 2473 "Und Ihre Geschichte, Ihrs Geschickte, Herr Doktor"
628 2551 2786 2649 rief schnell der Prinz, (der gerne abschweifte.)
652 2664 2792 2842 "Der Diener unterbrach uns, als Sie sich Ihrer
634 2798 2929 2944 Schuld erinnerten. Es handelte sich, vor zwet Ta¬
646 2944 2938 3101 gen sprachen wir schon davon, um die Umstände,un¬
643 3119 3024 3316 ter welchen Sie sich von der Praxis bereits in ver¬
631 3253 2446 3414 hältnismässig früher Zeit zurückzogen.
637 3420 2944 3583 Satzten wir uns unter diesen Baum, Prinz Marcell:
643 3589 2941 3753 Und bevor die Sonne vollkommen untergegangen ist,
