3496 4328
2681 447 2829 621 60
755 778 2803 986 te und jetzt letcht zusammen fuhr, "Du trägst
755 932 2906 1125 nicht dazu bei unsern Kreis zu erhetterni Gibt
749 1077 3017 1282 Dir das Feuer Deiner Jugend keinen blitzenden ee
778 1251 2940 1479 danken einf Haben Detne zwanzig Jahre nicht iJU
778 1382 2971 1578 mor genug, um zwanzig Tischgesellschaften damit
783 1547 2909 1743 zu vergnügen? Du bist ja heute so in Dich ver
792 1667 3060 1894 sunken, als plagten Dich die Regierungsgeschäfte,
798 1860 3014 2060 und steh, ich, Det fürstlicher Vater, bin so gu
820 1997 2891 2202 ter Laune, als wär ich ein Jüngling, was ich,
815 2142 3097 2356 Gott seis geklagt nunmehr letder lange nicht mehr
829 2413 1020 2518 bin.
832 2458 2872 2658 Ohne rechten Tonfall, mit merkwürdig spröder
843 2618 2937 2809 Stimme, erwiderte der Prinz: "Ich weiss genug
852 2752 3142 2954 Geschichten, Vater; aber ich hege gerechten zwei
866 2931 3077 3136 fel, ob sie für die heutige Gelegenheit ergötz
857 3139 1672 3276 lich genug sind."
857 3216 3062 3441 Doktor Flimmer fühlte eine unsagbare Beklemmung
877 3373 3011 3558 bet diesen Worten des Prinzen und auch den an
880 3464 3094 3772 dern teilte eine eigentümliche Befangeheit sich
