3400 4296
2772 621 2913 751 79
699 925 2789 1121 "Ich hab es thnen noch nicht gesagt, dass ich
676 1156 1272 1289 sie liebe,..
679 1248 2407 1428 "Was ist Dir, Marcell? Wen liebst Du?"
699 1428 2760 1575 "Ah, ihr wisst es nicht, dass ich die Mensch
691 1572 2746 1717 heit anbete? Dass ich das Geheimnts nicht in
691 1725 2826 1876 mir bergen kann, dass ich auf die Knie sinken
699 1899 1806 2037 muss vor der Geliebten!
699 2017 2864 2168 Graf Well wandte sich zu ein paar Hofleuten um
702 2170 1665 2352 und flüsterte: "Irr!"
702 2335 2558 2514 Der Regent sah verstört auf den Doktor.-
699 2462 2916 2636 Eine schreckliche Pause trat ein. Mit einem mal
722 2607 2812 2783 richtete  der Prinz den Blick mit einem unend
722 2780 2922 2982 lich schmerzenden Ausdruck gegen den Balkon und
720 2878 2884 3075 rief aus:“Ich werde unglücklich sein, wenn ich
725 3078 2621 3240 nicht weiss, ob ich wiedergeltebt werde!
737 3257 3055 3413 Mitten in seiner Erschütterung musste Doktor Flim¬
731 3364 3034 3546 mer über den traurigen Humor dieses Gedankens bit¬
757 3534 2951 3711 ter lächeln; dann wandte er sich an Marcell und
