<?xml version="1.0" encoding="UTF-8" standalone="yes"?>
<PcGts xmlns="http://schema.primaresearch.org/PAGE/gts/pagecontent/2013-07-15" xmlns:xsi="http://www.w3.org/2001/XMLSchema-instance" xsi:schemaLocation="http://schema.primaresearch.org/PAGE/gts/pagecontent/2013-07-15 http://schema.primaresearch.org/PAGE/gts/pagecontent/2013-07-15/pagecontent.xsd">
    <Metadata>
        <Creator>prov=READ-COOP:name=TrHtr:version=2.1.0:model_id=51170:date=14_08_2023_16:57</Creator>
        <Created>2023-05-10T14:28:38.362+02:00</Created>
        <LastChange>2023-08-14T16:57:41.170+02:00</LastChange>
        <TranskribusMetadata docId="1428635" pageId="55420653" pageNr="65" tsid="132817239" status="IN_PROGRESS" userId="64420" imgUrl="https://files.transkribus.eu/Get?id=BWNBHGUIKZGCEVBNVYKOCCDG&amp;fileType=view" xmlUrl="https://files.transkribus.eu/Get?id=XKJXWYDVGJBLRAEEPHSLXVFE" imageId="44694755"/>
    </Metadata>
    <Page imageFilename="1428635_0065.jpg" imageWidth="3512" imageHeight="4360">
        <ReadingOrder>
            <OrderedGroup id="ro_1711819930234" caption="Regions reading order">
                <RegionRefIndexed index="0" regionRef="tr_1"/>
            </OrderedGroup>
        </ReadingOrder>
        <TextRegion id="tr_1" custom="readingOrder {index:0;}">
            <Coords points="719,517 3174,517 3174,3790 719,3790"/>
            <TextLine id="tr_1_tl_1" custom="readingOrder {index:0;}">
                <Coords points="2632,596 2649,598 2670,587 2693,601 2707,587 2716,596 2737,587 2760,607 2774,607 2777,479 2763,479 2739,497 2696,471 2670,479 2652,494 2635,491"/>
                <Baseline points="2648,573 2690,570 2735,567 2780,570"/>
                <TextEquiv>
                    <Unicode>62</Unicode>
                </TextEquiv>
            </TextLine>
            <TextLine id="tr_1_tl_2" custom="readingOrder {index:1;}">
                <Coords points="703,1063 2202,953 2217,799 1679,810 1615,857 1490,808 1145,912 720,860"/>
                <Baseline points="722,1042 737,1039 782,1036 827,1033 872,1030 916,1027 961,1021 1006,1015 1051,1012 1095,1009 1140,1006 1185,1003 1230,997 1275,994 1319,988 1364,982 1409,979 1454,976 1499,973 1543,970 1588,964 1633,961 1678,958 1723,952 1767,949 1812,946 1857,943 1902,937 1947,934 1991,931 2036,925 2081,922 2126,919 2171,919 2215,913"/>
                <TextEquiv>
                    <Unicode>die Schicksale des armen Volkes.'</Unicode>
                </TextEquiv>
            </TextLine>
            <TextLine id="tr_1_tl_3" custom="readingOrder {index:2;}">
                <Coords points="703,1220 2754,1063 2850,1049 2861,915 2481,898 1034,1095 715,1060"/>
                <Baseline points="719,1206 755,1200 800,1194 845,1188 889,1185 934,1179 979,1173 1024,1173 1069,1167 1113,1161 1158,1161 1203,1155 1248,1155 1293,1146 1337,1146 1382,1143 1427,1134 1472,1131 1517,1128 1561,1122 1606,1119 1651,1113 1696,1110 1741,1107 1785,1101 1830,1098 1875,1095 1920,1090 1964,1087 2009,1087 2054,1084 2099,1078 2144,1075 2188,1072 2233,1066 2278,1063 2323,1057 2368,1054 2412,1045 2457,1045 2502,1039 2547,1036 2592,1030 2636,1027 2681,1024 2726,1018 2771,1015 2816,1009 2860,1018"/>
                <TextEquiv>
                    <Unicode>Matt lächelnd erwiderte der Prinz: "O ich muss</Unicode>
                </TextEquiv>
            </TextLine>
            <TextLine id="tr_1_tl_4" custom="readingOrder {index:3;}">
                <Coords points="720,1354 1758,1261 2272,1278 2283,1150 1784,1188 1694,1147 1383,1243 729,1269"/>
                <Baseline points="740,1346 758,1343 803,1340 848,1334 892,1331 937,1328 982,1322 1027,1322 1072,1316 1116,1313 1161,1308 1206,1305 1251,1302 1296,1296 1340,1293 1385,1290 1430,1287 1475,1284 1520,1278 1564,1275 1609,1269 1654,1266 1699,1263 1744,1257 1788,1254 1833,1251 1878,1245 1923,1239 1967,1239 2012,1233 2057,1230 2102,1227 2147,1224 2191,1221 2236,1212 2281,1209"/>
                <TextEquiv>
                    <Unicode>die Grenzen noch weiter ziehen...“</Unicode>
                </TextEquiv>
            </TextLine>
            <TextLine id="tr_1_tl_5" custom="readingOrder {index:4;}">
                <Coords points="752,1499 2902,1365 2911,1267 2559,1226 2373,1313 761,1400"/>
                <Baseline points="767,1493 809,1493 854,1493 898,1493 943,1490 988,1484 1033,1478 1078,1472 1122,1469 1167,1466 1212,1460 1257,1454 1302,1454 1346,1448 1391,1442 1436,1439 1481,1436 1526,1433 1570,1430 1615,1427 1660,1424 1705,1418 1749,1415 1794,1409 1839,1406 1884,1400 1929,1397 1973,1394 2018,1391 2063,1385 2108,1382 2153,1379 2197,1376 2242,1373 2287,1370 2332,1370 2377,1364 2421,1358 2466,1355 2511,1352 2556,1346 2601,1343 2645,1337 2690,1334 2735,1328 2780,1325 2825,1322 2869,1319 2914,1322"/>
                <TextEquiv>
                    <Unicode>"Ei, ist Dir auch das Volk zu wenig, mein Sohn,</Unicode>
                </TextEquiv>
            </TextLine>
            <TextLine id="tr_1_tl_6" custom="readingOrder {index:5;}">
                <Coords points="758,1665 2803,1525 2882,1426 2635,1386 767,1583"/>
                <Baseline points="773,1657 782,1654 827,1651 872,1648 916,1645 961,1639 1006,1636 1051,1630 1095,1624 1140,1621 1185,1615 1230,1612 1275,1606 1319,1603 1364,1597 1409,1597 1454,1591 1499,1588 1543,1585 1588,1579 1633,1576 1678,1573 1723,1570 1767,1570 1812,1561 1857,1555 1902,1552 1947,1549 1991,1543 2036,1540 2081,1537 2126,1534 2171,1528 2215,1526 2260,1520 2305,1514 2350,1514 2395,1508 2439,1502 2484,1499 2529,1496 2574,1493 2618,1490 2663,1484 2708,1481 2753,1478 2798,1475 2842,1475 2887,1478"/>
                <TextEquiv>
                    <Unicode>so willst Du uns wohl gar eine Mähr berichten,</Unicode>
                </TextEquiv>
            </TextLine>
            <TextLine id="tr_1_tl_7" custom="readingOrder {index:6;}">
                <Coords points="755,1842 2771,1656 2856,1636 2867,1522 1798,1682 1627,1624 1482,1697 767,1731"/>
                <Baseline points="776,1797 803,1800 848,1797 892,1794 937,1788 982,1788 1027,1782 1072,1776 1116,1770 1161,1767 1206,1764 1251,1761 1296,1758 1340,1752 1385,1749 1430,1744 1475,1741 1520,1738 1564,1732 1609,1729 1654,1726 1699,1720 1744,1717 1788,1714 1833,1711 1878,1705 1923,1699 1967,1696 2012,1693 2057,1687 2102,1684 2147,1681 2191,1678 2236,1672 2281,1669 2326,1666 2371,1660 2415,1657 2460,1654 2505,1651 2550,1648 2595,1642 2639,1639 2684,1633 2729,1630 2774,1627 2819,1621 2863,1621"/>
                <TextEquiv>
                    <Unicode>In welcher ganz Europa die Hauptrolle spielti</Unicode>
                </TextEquiv>
            </TextLine>
            <TextLine id="tr_1_tl_8" custom="readingOrder {index:7;}">
                <Coords points="767,1967 2734,1819 3050,1694 773,1888"/>
                <Baseline points="782,1956 809,1956 854,1950 898,1947 943,1944 988,1938 1033,1935 1078,1929 1122,1926 1167,1923 1212,1917 1257,1911 1302,1908 1346,1902 1391,1902 1436,1896 1481,1890 1526,1887 1570,1884 1615,1881 1660,1875 1705,1872 1749,1869 1794,1866 1839,1860 1884,1854 1929,1851 1973,1845 2018,1842 2063,1836 2108,1833 2153,1827 2197,1824 2242,1821 2287,1815 2332,1812 2377,1809 2421,1803 2466,1800 2511,1797 2556,1794 2601,1788 2645,1785 2690,1782 2735,1776 2780,1773 2825,1767 2869,1764 2914,1758 2959,1755 3004,1752 3049,1749"/>
                <TextEquiv>
                    <Unicode>Nun, wir sind begierig und gratulieren Dir zu der</Unicode>
                </TextEquiv>
            </TextLine>
            <TextLine id="tr_1_tl_9" custom="readingOrder {index:8;}">
                <Coords points="787,2138 2420,2004 2728,1946 2737,1862 796,2045"/>
                <Baseline points="806,2114 851,2105 895,2099 940,2093 985,2090 1030,2084 1075,2081 1119,2075 1164,2072 1209,2066 1254,2063 1299,2060 1343,2057 1388,2051 1433,2045 1478,2042 1523,2039 1567,2033 1612,2030 1657,2030 1702,2021 1746,2015 1791,2012 1836,2009 1881,2006 1926,1997 1970,1997 2015,1991 2060,1988 2105,1985 2150,1979 2194,1976 2239,1970 2284,1967 2329,1962 2374,1956 2418,1956 2463,1953 2508,1950 2553,1944 2598,1941 2642,1938 2687,1935 2732,1938"/>
                <TextEquiv>
                    <Unicode>geistreichen Idee." So scherzte der Fürst.</Unicode>
                </TextEquiv>
            </TextLine>
            <TextLine id="tr_1_tl_10" custom="readingOrder {index:9;}">
                <Coords points="819,2266 2890,2118 2902,1978 1737,2065 1589,2141 1281,2095 1081,2190 831,2153"/>
                <Baseline points="839,2254 842,2254 886,2248 931,2242 976,2239 1021,2236 1066,2233 1110,2230 1155,2224 1200,2218 1245,2215 1290,2209 1334,2206 1379,2203 1424,2197 1469,2194 1514,2194 1558,2188 1603,2182 1648,2180 1693,2177 1738,2174 1782,2168 1827,2162 1872,2159 1917,2153 1962,2150 2006,2147 2051,2141 2096,2141 2141,2135 2185,2132 2230,2126 2275,2120 2320,2117 2365,2114 2409,2108 2454,2105 2499,2102 2544,2099 2589,2096 2633,2093 2678,2087 2723,2084 2768,2078 2813,2075 2857,2069 2902,2069"/>
                <TextEquiv>
                    <Unicode>"Auch gefehlt," sprach tonlos Marcell. "Meine</Unicode>
                </TextEquiv>
            </TextLine>
            <TextLine id="tr_1_tl_11" custom="readingOrder {index:10;}">
                <Coords points="808,2423 2902,2257 2914,2138 816,2315"/>
                <Baseline points="824,2395 854,2389 898,2386 943,2383 988,2377 1033,2374 1078,2371 1122,2365 1167,2362 1212,2359 1257,2353 1302,2350 1346,2344 1391,2338 1436,2335 1481,2332 1526,2329 1570,2326 1615,2323 1660,2320 1705,2317 1749,2311 1794,2308 1839,2302 1884,2299 1929,2293 1973,2290 2018,2287 2063,2284 2108,2284 2153,2278 2197,2272 2242,2266 2287,2263 2332,2260 2377,2254 2421,2251 2466,2245 2511,2242 2556,2236 2601,2233 2645,2230 2690,2227 2735,2224 2780,2218 2825,2215 2869,2212 2914,2209"/>
                <TextEquiv>
                    <Unicode>Geschichte würde beginnen: Es war einmal eine</Unicode>
                </TextEquiv>
            </TextLine>
            <TextLine id="tr_1_tl_12" custom="readingOrder {index:11;}">
                <Coords points="828,2577 2667,2440 2954,2400 2966,2280 837,2492"/>
                <Baseline points="848,2556 860,2556 904,2550 949,2544 994,2541 1039,2538 1084,2535 1128,2532 1173,2529 1218,2523 1263,2520 1308,2517 1352,2514 1397,2514 1442,2505 1487,2499 1531,2496 1576,2490 1621,2487 1666,2481 1711,2478 1755,2475 1800,2469 1845,2466 1890,2463 1935,2457 1979,2457 2024,2451 2069,2451 2114,2445 2159,2442 2203,2436 2248,2433 2293,2427 2338,2424 2383,2415 2427,2415 2472,2409 2517,2406 2562,2403 2607,2398 2651,2395 2696,2392 2741,2389 2786,2386 2831,2383 2875,2380 2920,2377 2965,2377"/>
                <TextEquiv>
                    <Unicode>arme Welt....“ Er hielt tnne... “Aber me in Kopf</Unicode>
                </TextEquiv>
            </TextLine>
            <TextLine id="tr_1_tl_13" custom="readingOrder {index:12;}">
                <Coords points="831,2745 2620,2609 3164,2539 3172,2458 1807,2516 1656,2588 1423,2536 840,2646"/>
                <Baseline points="851,2705 889,2702 934,2699 979,2696 1024,2690 1069,2687 1113,2684 1158,2681 1203,2675 1248,2672 1293,2666 1337,2666 1382,2660 1427,2654 1472,2651 1517,2648 1561,2642 1606,2639 1651,2639 1696,2633 1741,2630 1785,2624 1830,2621 1875,2618 1920,2613 1964,2610 2009,2607 2054,2601 2099,2598 2144,2595 2188,2589 2233,2583 2278,2580 2323,2577 2368,2574 2412,2571 2457,2565 2502,2562 2547,2556 2592,2553 2636,2547 2681,2544 2726,2541 2771,2535 2816,2532 2860,2529 2905,2523 2950,2520 2995,2514 3040,2511 3084,2508 3129,2505 3174,2505"/>
                <TextEquiv>
                    <Unicode>schmerzt mich so sehr, dass ich sie nicht erzählen</Unicode>
                </TextEquiv>
            </TextLine>
            <TextLine id="tr_1_tl_14" custom="readingOrder {index:13;}">
                <Coords points="857,2861 2911,2722 2981,2585 1647,2676 1325,2768 866,2742"/>
                <Baseline points="874,2854 919,2851 964,2848 1009,2842 1054,2839 1098,2834 1143,2831 1188,2825 1233,2822 1278,2819 1322,2813 1367,2810 1412,2810 1457,2801 1502,2798 1546,2792 1591,2792 1636,2786 1681,2786 1726,2780 1770,2777 1815,2774 1860,2768 1905,2765 1950,2762 1994,2759 2039,2753 2084,2747 2129,2744 2174,2741 2218,2735 2263,2732 2308,2726 2353,2726 2398,2723 2442,2717 2487,2714 2532,2711 2577,2708 2621,2702 2666,2699 2711,2693 2756,2687 2801,2684 2845,2678 2890,2675 2935,2669 2980,2666"/>
                <TextEquiv>
                    <Unicode>kann und es würde diejenigen der Kopf noch ür</Unicode>
                </TextEquiv>
            </TextLine>
            <TextLine id="tr_1_tl_15" custom="readingOrder {index:14;}">
                <Coords points="863,3039 2768,2838 2943,2888 2957,2722 871,2925"/>
                <Baseline points="880,3016 892,3013 937,3004 982,3001 1027,2998 1072,2992 1116,2986 1161,2980 1206,2977 1251,2971 1296,2968 1340,2962 1385,2959 1430,2956 1475,2953 1520,2950 1564,2944 1609,2938 1654,2935 1699,2932 1744,2929 1788,2923 1833,2920 1878,2917 1923,2911 1967,2908 2012,2905 2057,2905 2102,2899 2147,2893 2191,2890 2236,2884 2281,2881 2326,2875 2371,2872 2415,2866 2460,2863 2505,2860 2550,2857 2595,2851 2639,2848 2684,2842 2729,2839 2774,2834 2819,2831 2863,2828 2908,2825 2953,2828"/>
                <TextEquiv>
                    <Unicode>ger schmerzen, die bemüsstgt wären zuzuhören.</Unicode>
                </TextEquiv>
            </TextLine>
            <TextLine id="tr_1_tl_16" custom="readingOrder {index:15;}">
                <Coords points="871,3184 3033,3004 3120,2873 2121,2966 1917,2917 883,3059"/>
                <Baseline points="889,3156 925,3150 970,3147 1015,3141 1060,3138 1104,3132 1149,3129 1194,3126 1239,3120 1284,3114 1328,3111 1373,3108 1418,3102 1463,3099 1508,3096 1552,3093 1597,3090 1642,3084 1687,3081 1732,3078 1776,3072 1821,3069 1866,3066 1911,3060 1956,3057 2000,3054 2045,3052 2090,3049 2135,3043 2180,3040 2224,3037 2269,3031 2314,3028 2359,3022 2403,3019 2448,3013 2493,3010 2538,3004 2583,3001 2627,2998 2672,2995 2717,2989 2762,2989 2807,2983 2851,2977 2896,2974 2941,2971 2986,2968 3031,2962 3075,2956 3120,2953"/>
                <TextEquiv>
                    <Unicode>Ich bitte um die Erlaubnis, mich zurückziehen zu</Unicode>
                </TextEquiv>
            </TextLine>
            <TextLine id="tr_1_tl_17" custom="readingOrder {index:16;}">
                <Coords points="892,3312 994,3335 1028,3306 1046,3318 1101,3315 1116,3329 1142,3309 1246,3306 1255,3201 1185,3190 1124,3225 1092,3190 1005,3190 994,3201 964,3181 901,3181"/>
                <Baseline points="907,3305 943,3299 988,3296 1033,3290 1078,3287 1122,3287 1167,3281 1212,3275 1257,3275"/>
                <TextEquiv>
                    <Unicode>dürfen."</Unicode>
                </TextEquiv>
            </TextLine>
            <TextLine id="tr_1_tl_18" custom="readingOrder {index:17;}">
                <Coords points="909,3469 956,3483 1040,3463 1084,3495 1214,3442 1240,3457 1293,3437 1310,3454 1371,3445 1380,3315 1290,3309 1203,3338 1139,3315 1104,3341 991,3349 921,3329"/>
                <Baseline points="928,3461 931,3461 976,3452 1021,3449 1066,3449 1110,3446 1155,3440 1200,3437 1245,3434 1290,3428 1334,3422 1379,3422"/>
                <TextEquiv>
                    <Unicode>"Marcell!"</Unicode>
                </TextEquiv>
            </TextLine>
            <TextLine id="tr_1_tl_19" custom="readingOrder {index:18;}">
                <Coords points="924,3640 2577,3466 3062,3492 3117,3367 2068,3326 1618,3471 938,3489"/>
                <Baseline points="943,3610 970,3607 1015,3604 1060,3601 1104,3595 1149,3592 1194,3592 1239,3586 1284,3583 1328,3580 1373,3574 1418,3571 1463,3565 1508,3562 1552,3559 1597,3553 1642,3550 1687,3550 1732,3544 1776,3535 1821,3532 1866,3529 1911,3526 1956,3520 2000,3517 2045,3511 2090,3511 2135,3505 2180,3502 2224,3499 2269,3496 2314,3493 2359,3488 2403,3488 2448,3482 2493,3476 2538,3473 2583,3467 2627,3464 2672,3461 2717,3455 2762,3449 2807,3446 2851,3440 2896,3437 2941,3434 2986,3431 3031,3428 3075,3422 3120,3425"/>
                <TextEquiv>
                    <Unicode>"Ich woll morgen fröhlich sein, an Deinem hohen</Unicode>
                </TextEquiv>
            </TextLine>
            <TextLine id="tr_1_tl_20" custom="readingOrder {index:19;}">
                <Coords points="915,3808 2734,3625 3012,3684 3085,3669 3094,3541 2077,3623 1726,3570 927,3678"/>
                <Baseline points="934,3780 949,3774 994,3768 1039,3762 1084,3762 1128,3759 1173,3756 1218,3753 1263,3753 1308,3747 1352,3744 1397,3738 1442,3735 1487,3726 1531,3726 1576,3723 1621,3714 1666,3711 1711,3706 1755,3700 1800,3700 1845,3694 1890,3691 1935,3688 1979,3685 2024,3679 2069,3676 2114,3673 2159,3670 2203,3664 2248,3661 2293,3658 2338,3655 2383,3649 2427,3649 2472,3643 2517,3640 2562,3634 2607,3631 2651,3628 2696,3625 2741,3619 2786,3616 2831,3610 2875,3607 2920,3607 2965,3601 3010,3598 3054,3595 3099,3598"/>
                <TextEquiv>
                    <Unicode>Ehrentage, mein Vater, darum bin ich gezwungen</Unicode>
                </TextEquiv>
            </TextLine>
        </TextRegion>
    </Page>
</PcGts>
