3448 4280
2757 421 2888 547 11
743 755 2771 939 genblicken, wo ich an Betten von Sterbenden
749 901 2999 1083 stand und nichts mehr zu tun hatte, als die klei
749 995 3002 1232 nen, verschwindenden Pulse zu zählen. Gerade bei
755 1211 3002 1381 solchen Gelegenheiten aber, wo ich mich machtlos
758 1343 3032 1548 fühlte und manch anderer häufig genug an der gan
761 1510 3037 1694 z### Bedeutung seines Wissens und Könnens verzoget
767 1659 3119 1832 felt wäre und wohl auch an der ganzen Wissenschaft
775 1838 3002 2022 gerade da bauten sich meine Ideen mett und wei -
778 2037 1153 2186 ter auf.
773 2107 2900 2300 Zwar war ich keineswegs kindt soh genug, um an
784 2247 3029 2461 die vollkommene Realisterung derselben zu glau -
793 2420 3032 2628 ben, doch was mich selbst anlangt, wollte ich es
773 2578 3002 2754 wenigstens erstreben einer nächsten und dritten
793 2736 2950 2909 und xx zehnten Generation die Schuld zu zahlen,
796 2885 2953 3075 deren Tilgung ich mit meinem Berufsantritt als
790 3061 3008 3231 Arzt übernommen zu haben glaubte und die ich an
811 3207 2897 3386 die heutige Generation abzutragen, nicht ver
799 3362 2874 3561 mochte. Wie ich das verstand, Prinz Mardell,
811 3471 3105 3702 und wie ich in einem Falle meine Aufgabe anfass -
