3432 4296
2705 600 2823 743 77
366 695 864 867 +  +    +
794 895 2987 1053 " fremdlich wirkenden Pathos fort, "und an dem Ta¬
785 1103 2911 1250 ge, wo man mir den Scepter in die Hand drückt,
785 1222 2860 1360 wird mein erstes sein, diesen Scepter von mir
771 1396 2868 1514 zu werfen und Euch allen vollkommene Fretheit
768 1534 2866 1689 zu geben! Und die Tore der Schatzkammer werde
785 1689 2908 1844 ich öffnen und alle Perlen, alle Diamanten- und
757 1847 2770 1959 Edelsteine werden zu Euren Füssenn rollen!"
757 2016 2953 2156 Das Volk unten hatte diesen Worten mit einer an
757 2170 2835 2297 Starrwerden grenzenden Bewunderung gelauscht.
754 2280 2942 2449 Plötzlich verstummte die Stimme des Prinzen und
749 2463 2902 2579 die Leute unten komnten sehen, ute Marcell von
752 2621 2745 2747 seinem Platze am Balkon weggeschoben wurde.
752 2759 3018 2916 Im Saal, der sich an den Balkon schloss, verhall¬
749 2908 2894 3012 ten für das Volk die Worte des Prinzen. Dieser
749 3068 2919 3178 aber, von dem Hofstaat, der erblassend dastand,
743 3229 2919 3341 umringt, die eine Hand dem zum Tode erschrocke¬
738 3375 2885 3493 nen Fürsten willenlos überlassend, mit der an¬
749 3507 2922 3637 dern in der Luft umherfahrend, sprach mit erho¬
735 3679 2908 3854 benem Tonfall, den Blick ins Leere gewandt, un-
