3448 4296
2584 315 2725 563 80
678 701 2798 923 indem er mit dem Regenten einen Blick des Ein
690 881 2908 1053 verständnisses touschte, sagte er herb und éner¬
698 1022 2891 1244 gisch: "Komnt, mein Prinz, wir sprechen darüber
698 1163 2812 1362 Man machte Platz und zur Verwunderung der Hof
712 1337 2818 1523 leute verliess Marcell, mit einer Hind das Ge
715 1506 2922 1661 sicht bedeckend, während die andere in der Rech¬
726 1666 2694 1807 ten des Doktors ruhte, langsem den Saal
723 1793 2902 1959 Der Fürst, atemlos nachschauend, folgte in dem
738 1940 2998 2103 selben Momente, als sich eben die Türe hinter ih-
743 2137 1773 2277 nen schliessen wollte.
738 2224 2860 2415 Die Zurückbleibenden, wie gebannt von dem Ein¬
757 2379 2840 2556 drucke des Geschehenen, das sich im Zeitraume
763 2531 2854 2739 von ein paar Minuten zugetragen hatte, wagten
771 2677 2868 2866 anfangs kaum laut zu sprechen; dann aber trat
771 2812 2863 3035 das angenehme Bewusstsein, eigentlich mit der
771 2998 2883 3184 Sache nichts zu tun zu haben, in den erregten
543 2970 656 3082 -
780 3164 2838 3353 Gemütern hervor und bald war das Gespräch so
785 3305 2984 3499 lebhaft im Gange, dass ab und zu einer zur Ruhe
788 3522 1489 3660 mahnen musste.
