<?xml version="1.0" encoding="UTF-8" standalone="yes"?>
<PcGts xmlns="http://schema.primaresearch.org/PAGE/gts/pagecontent/2013-07-15" xmlns:xsi="http://www.w3.org/2001/XMLSchema-instance" xsi:schemaLocation="http://schema.primaresearch.org/PAGE/gts/pagecontent/2013-07-15 http://schema.primaresearch.org/PAGE/gts/pagecontent/2013-07-15/pagecontent.xsd">
    <Metadata>
        <Creator>prov=READ-COOP:name=TrHtr:version=2.1.0:model_id=51170:date=14_08_2023_16:57</Creator>
        <Created>2023-05-10T14:28:29.699+02:00</Created>
        <LastChange>2023-08-14T16:57:25.046+02:00</LastChange>
        <TranskribusMetadata docId="1428635" pageId="55420327" pageNr="10" tsid="132817180" status="IN_PROGRESS" userId="64420" imgUrl="https://files.transkribus.eu/Get?id=HIOGUDHXMOXLTSEWJZONPZRL&amp;fileType=view" xmlUrl="https://files.transkribus.eu/Get?id=WCRJZXDSZLOHYZMTIVDZWXME" imageId="44694429"/>
    </Metadata>
    <Page imageFilename="1428635_0010.jpg" imageWidth="3480" imageHeight="4264">
        <ReadingOrder>
            <OrderedGroup id="ro_1711819840153" caption="Regions reading order">
                <RegionRefIndexed index="0" regionRef="tr_1"/>
                <RegionRefIndexed index="1" regionRef="tr_2"/>
            </OrderedGroup>
        </ReadingOrder>
        <TextRegion id="tr_1" custom="readingOrder {index:0;}">
            <Coords points="644,833 2977,833 2977,2440 644,2440"/>
            <TextLine id="tr_1_tl_1" custom="readingOrder {index:0;}">
                <Coords points="631,949 1004,908 1066,931 1165,899 1291,937 1402,885 1442,899 1445,812 1337,788 1259,838 1191,806 1019,841 923,809 756,856 637,800"/>
                <Baseline points="650,916 689,913 734,913 779,910 824,910 868,910 913,907 958,904 1003,904 1048,901 1092,901 1137,898 1182,898 1227,895 1272,895 1316,892 1361,886 1406,883 1451,883"/>
                <TextEquiv>
                    <Unicode>Staatsmann sein?"</Unicode>
                </TextEquiv>
            </TextLine>
            <TextLine id="tr_1_tl_2" custom="readingOrder {index:1;}">
                <Coords points="654,1069 2870,1013 2949,923 657,993"/>
                <Baseline points="671,1060 710,1054 755,1057 800,1057 845,1057 889,1054 934,1051 979,1051 1024,1051 1068,1048 1113,1048 1158,1048 1203,1045 1248,1042 1292,1042 1337,1042 1382,1042 1427,1039 1472,1036 1516,1033 1561,1033 1606,1033 1651,1027 1696,1027 1740,1024 1785,1021 1830,1021 1875,1018 1919,1018 1964,1018 2009,1015 2054,1012 2099,1012 2143,1012 2188,1009 2233,1006 2278,1006 2323,1003 2367,1000 2412,1000 2457,997 2502,997 2547,997 2591,991 2636,988 2681,988 2726,985 2771,985 2815,982 2860,979 2905,976 2950,976"/>
                <TextEquiv>
                    <Unicode>"Ein Staatsmann! Nur hat er den kleinen Fehler zu</Unicode>
                </TextEquiv>
            </TextLine>
            <TextLine id="tr_1_tl_3" custom="readingOrder {index:2;}">
                <Coords points="639,1241 2537,1203 2967,1150 2970,1060 642,1162"/>
                <Baseline points="656,1224 689,1221 734,1218 779,1218 824,1218 868,1212 913,1212 958,1212 1003,1209 1048,1209 1092,1206 1137,1206 1182,1203 1227,1203 1272,1203 1316,1200 1361,1200 1406,1197 1451,1194 1495,1191 1540,1191 1585,1188 1630,1188 1675,1188 1719,1185 1764,1182 1809,1179 1854,1179 1899,1176 1943,1173 1988,1173 2033,1170 2078,1170 2123,1170 2167,1167 2212,1164 2257,1161 2302,1161 2346,1158 2391,1155 2436,1152 2481,1152 2526,1152 2570,1149 2615,1146 2660,1146 2705,1143 2750,1143 2794,1140 2839,1140 2884,1137 2929,1140 2974,1143"/>
                <TextEquiv>
                    <Unicode>vergessen, dass dieser Staat aus Menschen besteht.</Unicode>
                </TextEquiv>
            </TextLine>
            <TextLine id="tr_1_tl_4" custom="readingOrder {index:3;}">
                <Coords points="628,1390 2932,1323 2955,1200 631,1334"/>
                <Baseline points="644,1376 674,1373 719,1373 764,1370 809,1370 853,1370 898,1370 943,1367 988,1364 1033,1361 1077,1358 1122,1355 1167,1355 1212,1355 1257,1355 1301,1352 1346,1349 1391,1346 1436,1346 1481,1343 1525,1343 1570,1340 1615,1337 1660,1337 1705,1337 1749,1334 1794,1331 1839,1331 1884,1328 1928,1328 1973,1325 2018,1325 2063,1325 2108,1325 2152,1325 2197,1322 2242,1319 2287,1316 2332,1316 2376,1310 2421,1310 2466,1307 2511,1304 2556,1304 2600,1298 2645,1298 2690,1295 2735,1295 2779,1292 2824,1289 2869,1289 2914,1289 2959,1286"/>
                <TextEquiv>
                    <Unicode>Aber für thn ist alles Maschine, für ihn pulsiert</Unicode>
                </TextEquiv>
            </TextLine>
            <TextLine id="tr_1_tl_5" custom="readingOrder {index:4;}">
                <Coords points="648,1533 2561,1507 2897,1460 2900,1361 651,1475"/>
                <Baseline points="665,1528 710,1525 755,1522 800,1522 845,1519 889,1519 934,1519 979,1519 1024,1513 1068,1513 1113,1513 1158,1510 1203,1507 1248,1507 1292,1504 1337,1501 1382,1501 1427,1498 1472,1498 1516,1495 1561,1495 1606,1492 1651,1490 1696,1490 1740,1487 1785,1487 1830,1484 1875,1484 1919,1484 1964,1481 2009,1478 2054,1478 2099,1478 2143,1475 2188,1475 2233,1475 2278,1469 2323,1469 2367,1466 2412,1466 2457,1463 2502,1460 2547,1457 2591,1454 2636,1454 2681,1454 2726,1451 2771,1448 2815,1445 2860,1442 2905,1442"/>
                <TextEquiv>
                    <Unicode>in der ganzen Welt kein Blut, für ihn fühlen und</Unicode>
                </TextEquiv>
            </TextLine>
            <TextLine id="tr_1_tl_6" custom="readingOrder {index:5;}">
                <Coords points="651,1743 2552,1641 2902,1606 2905,1533 654,1626"/>
                <Baseline points="671,1684 713,1681 758,1681 803,1678 848,1678 892,1675 937,1675 982,1675 1027,1672 1071,1669 1116,1669 1161,1666 1206,1663 1251,1663 1295,1660 1340,1660 1385,1657 1430,1657 1475,1654 1519,1654 1564,1651 1609,1648 1654,1648 1699,1645 1743,1645 1788,1642 1833,1642 1878,1642 1922,1642 1967,1639 2012,1636 2057,1633 2102,1630 2146,1627 2191,1627 2236,1624 2281,1621 2326,1621 2370,1618 2415,1618 2460,1615 2505,1615 2550,1612 2594,1609 2639,1606 2684,1606 2729,1606 2773,1600 2818,1600 2863,1597 2908,1597"/>
                <TextEquiv>
                    <Unicode>leiden die Menschen nicht, für ihn existiert das</Unicode>
                </TextEquiv>
            </TextLine>
            <TextLine id="tr_1_tl_7" custom="readingOrder {index:6;}">
                <Coords points="639,1913 1334,1813 2248,1834 2870,1772 2873,1699 642,1790"/>
                <Baseline points="659,1839 686,1839 731,1833 776,1833 821,1830 865,1827 910,1827 955,1824 1000,1824 1045,1821 1089,1821 1134,1824 1179,1818 1224,1815 1269,1815 1313,1812 1358,1812 1403,1809 1448,1806 1492,1806 1537,1803 1582,1800 1627,1797 1672,1797 1716,1794 1761,1794 1806,1794 1851,1794 1896,1791 1940,1788 1985,1788 2030,1785 2075,1782 2120,1782 2164,1779 2209,1779 2254,1776 2299,1776 2344,1773 2388,1770 2433,1770 2478,1767 2523,1764 2567,1764 2612,1761 2657,1761 2702,1758 2747,1755 2791,1752 2836,1752 2881,1755"/>
                <TextEquiv>
                    <Unicode>nicht, wis man Leidenschaft nennt, und was doch</Unicode>
                </TextEquiv>
            </TextLine>
            <TextLine id="tr_1_tl_8" custom="readingOrder {index:7;}">
                <Coords points="660,2003 1174,1980 1291,2044 1565,1956 1755,2009 2905,1933 2926,1831 663,1916"/>
                <Baseline points="677,1988 686,1985 731,1985 776,1982 821,1982 865,1979 910,1976 955,1976 1000,1973 1045,1973 1089,1970 1134,1967 1179,1967 1224,1967 1269,1964 1313,1964 1358,1964 1403,1964 1448,1958 1492,1955 1537,1955 1582,1952 1627,1949 1672,1946 1716,1946 1761,1943 1806,1943 1851,1943 1896,1943 1940,1940 1985,1937 2030,1934 2075,1934 2120,1934 2164,1931 2209,1928 2254,1928 2299,1925 2344,1925 2388,1922 2433,1922 2478,1919 2523,1919 2567,1917 2612,1914 2657,1914 2702,1911 2747,1908 2791,1908 2836,1905 2881,1902 2928,1901"/>
                <TextEquiv>
                    <Unicode>die Ursache und der Grund alles Grossen und Schö</Unicode>
                </TextEquiv>
            </TextLine>
            <TextLine id="tr_1_tl_9" custom="readingOrder {index:8;}">
                <Coords points="657,2137 946,2135 1010,2187 1142,2120 1445,2149 1577,2111 1580,2035 1422,2064 999,2047 917,2082 800,2062 660,2094"/>
                <Baseline points="674,2137 686,2137 731,2134 776,2134 821,2134 865,2132 910,2132 955,2129 1000,2129 1045,2126 1089,2123 1134,2120 1179,2117 1224,2117 1269,2114 1313,2114 1358,2111 1403,2108 1448,2108 1492,2105 1537,2099 1582,2087"/>
                <TextEquiv>
                    <Unicode>nen auf Erden ist."</Unicode>
                </TextEquiv>
            </TextLine>
            <TextLine id="tr_1_tl_10" custom="readingOrder {index:9;}">
                <Coords points="669,2283 1705,2278 1898,2263 1901,2216 1740,2164 672,2210"/>
                <Baseline points="686,2281 698,2275 743,2275 788,2278 833,2281 877,2278 922,2278 967,2275 1012,2275 1057,2272 1101,2272 1146,2266 1191,2266 1236,2263 1280,2266 1325,2260 1370,2260 1415,2260 1460,2260 1504,2257 1549,2254 1594,2251 1639,2251 1684,2248 1728,2248 1773,2245 1818,2245 1863,2242 1908,2239"/>
                <TextEquiv>
                    <Unicode>"Glauben Sie mir, Prinz.</Unicode>
                </TextEquiv>
            </TextLine>
            <TextLine id="tr_1_tl_11" custom="readingOrder {index:10;}">
                <Coords points="686,2482 2926,2386 2970,2281 692,2359"/>
                <Baseline points="704,2430 737,2424 782,2430 827,2430 871,2430 916,2430 961,2430 1006,2427 1051,2424 1095,2421 1140,2421 1185,2418 1230,2415 1275,2415 1319,2412 1364,2412 1409,2412 1454,2412 1498,2409 1543,2409 1588,2406 1633,2403 1678,2406 1722,2400 1767,2397 1812,2394 1857,2391 1902,2391 1946,2388 1991,2391 2036,2388 2081,2385 2126,2385 2170,2385 2215,2382 2260,2382 2305,2376 2349,2376 2394,2376 2439,2373 2484,2370 2529,2370 2573,2367 2618,2367 2663,2364 2708,2364 2753,2361 2797,2361 2842,2358 2887,2355 2932,2352 2977,2355"/>
                <TextEquiv>
                    <Unicode>"Ich, lieber Doktor,” der Prinz sprach dies etwas</Unicode>
                </TextEquiv>
            </TextLine>
        </TextRegion>
        <TextRegion id="tr_2" custom="readingOrder {index:1;}">
            <Coords points="695,2458 3048,2458 3048,3676 695,3676"/>
            <TextLine id="tr_2_tl_1" custom="readingOrder {index:0;}">
                <Coords points="677,2640 2786,2540 2894,2520 2900,2397 2427,2502 683,2532"/>
                <Baseline points="695,2603 707,2600 752,2594 797,2588 842,2585 886,2582 931,2582 976,2579 1021,2576 1066,2576 1110,2573 1155,2570 1200,2570 1245,2570 1289,2570 1334,2567 1379,2564 1424,2564 1469,2564 1513,2564 1558,2558 1603,2558 1648,2556 1693,2553 1737,2553 1782,2550 1827,2550 1872,2544 1917,2544 1961,2541 2006,2541 2051,2541 2096,2541 2140,2535 2185,2535 2230,2532 2275,2532 2320,2529 2364,2529 2409,2529 2454,2526 2499,2526 2544,2523 2588,2520 2633,2517 2678,2517 2723,2514 2768,2514 2812,2511 2857,2508 2902,2511"/>
                <TextEquiv>
                    <Unicode>gelassener.. "es tst wirklich komtsch, tch werde</Unicode>
                </TextEquiv>
            </TextLine>
            <TextLine id="tr_2_tl_2" custom="readingOrder {index:1;}">
                <Coords points="686,2780 2902,2692 2996,2683 3002,2570 689,2669"/>
                <Baseline points="701,2741 722,2741 767,2738 812,2738 856,2735 901,2732 946,2732 991,2729 1036,2726 1080,2726 1125,2723 1170,2723 1215,2720 1260,2720 1304,2720 1349,2720 1394,2720 1439,2717 1484,2714 1528,2717 1573,2711 1618,2711 1663,2708 1707,2705 1752,2702 1797,2699 1842,2699 1887,2696 1931,2696 1976,2696 2021,2693 2066,2690 2111,2690 2155,2687 2200,2687 2245,2684 2290,2684 2335,2684 2379,2681 2424,2678 2469,2675 2514,2672 2558,2672 2603,2669 2648,2669 2693,2666 2738,2663 2782,2660 2827,2660 2872,2660 2917,2660 2962,2657 3006,2660"/>
                <TextEquiv>
                    <Unicode>so leicht erregt, alle meine Empfindungen wachsen</Unicode>
                </TextEquiv>
            </TextLine>
            <TextLine id="tr_2_tl_3" custom="readingOrder {index:2;}">
                <Coords points="695,2905 2786,2850 2853,2733 698,2812"/>
                <Baseline points="710,2896 752,2893 797,2890 842,2890 886,2887 931,2884 976,2881 1021,2881 1066,2878 1110,2875 1155,2875 1200,2875 1245,2875 1289,2872 1334,2872 1379,2872 1424,2869 1469,2869 1513,2866 1558,2863 1603,2860 1648,2857 1693,2857 1737,2854 1782,2854 1827,2851 1872,2851 1917,2848 1961,2848 2006,2845 2051,2842 2096,2842 2140,2839 2185,2839 2230,2836 2275,2836 2320,2833 2364,2830 2409,2830 2454,2827 2499,2827 2544,2824 2588,2821 2633,2818 2678,2818 2723,2815 2768,2815 2812,2812 2857,2815"/>
                <TextEquiv>
                    <Unicode>ins kolossale, wenn ich mich ihnen hingabe und</Unicode>
                </TextEquiv>
            </TextLine>
            <TextLine id="tr_2_tl_4" custom="readingOrder {index:3;}">
                <Coords points="695,3051 2885,2996 3016,2891 701,2967"/>
                <Baseline points="713,3045 737,3045 782,3042 827,3042 871,3039 916,3039 961,3036 1006,3033 1051,3030 1095,3030 1140,3030 1185,3027 1230,3027 1275,3024 1319,3024 1364,3021 1409,3024 1454,3021 1498,3018 1543,3015 1588,3012 1633,3012 1678,3009 1722,3006 1767,3006 1812,3003 1857,3003 1902,3000 1946,3000 1991,2997 2036,2997 2081,2997 2126,2997 2170,2994 2215,2991 2260,2991 2305,2988 2349,2985 2394,2983 2439,2983 2484,2980 2529,2980 2573,2977 2618,2974 2663,2974 2708,2974 2753,2974 2797,2971 2842,2971 2887,2968 2932,2965 2977,2959 3021,2959"/>
                <TextEquiv>
                    <Unicode>dann tut es mir wieder leid, dass ich mich so geh¬</Unicode>
                </TextEquiv>
            </TextLine>
            <TextLine id="tr_2_tl_5" custom="readingOrder {index:4;}">
                <Coords points="707,3203 2809,3142 2902,3054 710,3145"/>
                <Baseline points="722,3200 755,3195 800,3195 845,3192 889,3192 934,3186 979,3186 1024,3186 1068,3186 1113,3183 1158,3180 1203,3180 1248,3177 1292,3174 1337,3171 1382,3168 1427,3168 1472,3168 1516,3165 1561,3165 1606,3162 1651,3162 1696,3162 1740,3159 1785,3156 1830,3153 1875,3153 1919,3150 1964,3150 2009,3147 2054,3147 2099,3144 2143,3144 2188,3141 2233,3138 2278,3138 2323,3132 2367,3129 2412,3132 2457,3126 2502,3120 2547,3120 2591,3117 2636,3114 2681,3114 2726,3111 2771,3111 2815,3108 2860,3108 2905,3108"/>
                <TextEquiv>
                    <Unicode>en lasse.Der Erbe eines Fürstentums, setzte er</Unicode>
                </TextEquiv>
            </TextLine>
            <TextLine id="tr_2_tl_6" custom="readingOrder {index:5;}">
                <Coords points="695,3431 949,3343 2993,3308 3043,3212 701,3291"/>
                <Baseline points="713,3353 719,3353 764,3350 809,3347 853,3347 898,3344 943,3344 988,3341 1033,3338 1077,3338 1122,3335 1167,3335 1212,3332 1257,3332 1301,3329 1346,3326 1391,3326 1436,3329 1481,3329 1525,3320 1570,3320 1615,3317 1660,3317 1705,3317 1749,3311 1794,3311 1839,3308 1884,3305 1928,3305 1973,3305 2018,3302 2063,3299 2108,3299 2152,3296 2197,3296 2242,3293 2287,3293 2332,3287 2376,3287 2421,3284 2466,3284 2511,3281 2556,3281 2600,3281 2645,3278 2690,3278 2735,3275 2779,3275 2824,3272 2869,3269 2914,3269 2959,3266 3003,3263 3048,3266"/>
                <TextEquiv>
                    <Unicode>lächelnd hinzu, "und beherrscht sich selbst so we¬</Unicode>
                </TextEquiv>
            </TextLine>
            <TextLine id="tr_2_tl_7" custom="readingOrder {index:6;}">
                <Coords points="695,3510 736,3516 748,3507 765,3516 780,3501 794,3519 812,3513 835,3527 867,3507 940,3501 943,3425 920,3428 908,3419 879,3446 856,3431 832,3440 815,3425 777,3449 750,3437 730,3449 698,3443"/>
                <Baseline points="710,3505 722,3505 767,3502 812,3502 856,3499 901,3496 946,3496"/>
                <TextEquiv>
                    <Unicode>nig!’</Unicode>
                </TextEquiv>
            </TextLine>
            <TextLine id="tr_2_tl_8" custom="readingOrder {index:7;}">
                <Coords points="695,3741 1749,3770 2210,3717 2374,3612 2935,3603 2938,3522 701,3595"/>
                <Baseline points="713,3666 746,3660 791,3657 836,3657 880,3657 925,3657 970,3654 1015,3651 1060,3648 1104,3645 1149,3642 1194,3642 1239,3642 1283,3639 1328,3636 1373,3636 1418,3633 1463,3633 1507,3633 1552,3630 1597,3627 1642,3627 1687,3624 1731,3624 1776,3622 1821,3622 1866,3619 1911,3616 1955,3616 2000,3616 2045,3616 2090,3616 2134,3616 2179,3610 2224,3607 2269,3604 2314,3601 2358,3601 2403,3598 2448,3598 2493,3595 2538,3595 2582,3595 2627,3592 2672,3589 2717,3589 2762,3586 2806,3586 2851,3586 2896,3583 2941,3583"/>
                <TextEquiv>
                    <Unicode>Der Doktor sah den Prinzen lange und aufmerksam</Unicode>
                </TextEquiv>
            </TextLine>
        </TextRegion>
    </Page>
</PcGts>
