3384 4216
2710 426 2854 582 99
699 744 3059 932 war, der als künftiger Regent dieses Retches gilt
699 923 2953 1081 Mehr als einmal hatte ich den Vater MarcelIs vor
711 1067 2965 1237 meinem Palaste gesehen und jene Scheu hielt mich
723 1202 2968 1411 immer wieder davon ab, Hand an ihn legen und ihn
732 1384 2269 1552 ins Narrenhaus sperren zu lassen.
741 1508 2898 1684 Von dem Momente an, aber, wo Marcell an meinem
732 1684 3006 1837 Hofe angekommen war, war jener spurlos verschwun¬
1681 1807 1810 1937 mit
744 1831 3071 1990 den und seine Gattin, welcher er seitdem im besten
744 1990 2924 2151 Einvernehmen zu leben schien, mit ihm. Sie wer¬
761 2172 2439 2304 den wohl bald beide verkommen sein:-
746 2260 3062 2442 Hier also, Doktor,dieser arme kranke, junge Mann,
767 2460 2959 2615 den ich so sehr liebe - der Ei Fürst warf einen
761 2554 3089 2789 Blick voll Wehmut auf das regungslose Gesicht Mar¬
779 2701 3071 2903 cells - ist der Sohn eines Verrückten und ich zit¬
782 2889 3053 3042 tere vor dem Gedanken, dass die traurigen Gesetze
779 3053 3033 3212 der Erblichkeit sich an dem künftigen Fürsten et¬
782 3165 2983 3374 nes Landes und obendrein an einem Menschen, den
791 3321 3103 3503 ich wirklich liebe wie einen letblichen Sohn, ent-
