3464 4248
2832 434 2955 582 89
769 738 2902 925 eigentlich Wunder nah, da ihrer ganzen Lnlage
771 905 2905 1103 nach gerade ein solcher Mann ihr hätte zusagen
766 1069 2882 1234 müsse, wie der war, als welchen sie mir Ihren
769 1239 2958 1379 Gatten schilderte. Er war ein Poet und fabulier
777 1370 2963 1543 te auch so eigentlich, wie sie mir sagte, nicht
780 1523 2863 1690 weniger in der Welt als auf dem Papter herum.
769 1679 2999 1833 Dabet dachte er, es müsse noch einmal etwas sehr
788 1835 2977 1986 grosses aus ihm werden. Er fühlte sich als et -
785 1966 2785 2133 nen gottbegnadeten Dichter und faselte, der
777 2105 2958 2289 höchste Ruhm müsse ihm erblühen, der einem Men
791 2284 2924 2470 schen überhaupt beschert sein könnte. Manchmal
799 2442 2966 2596 freil ich war er verzagt, wie sie erzählte. Aber
794 2565 2807 2718 diese Stimmung äusserte sich bei ihm in den
783 2721 2846 2891 Ausbrüchen der finstersten Verzweiflung, mit
788 2899 3033 3044 welcher er die kurzsichtige Welt verfluchte, die
802 3030 2877 3192 es seinem Genius immerfort an den nötigen Eh
794 3211 1596 3387 ren fehlen liess.
794 3314 2902 3517 Einmal war er, wie er das zu tun pflegte, auf
805 3504 2896 3679 die Wanderschaft gezogen. Er streifte da wohl
