3432 4280
2558 516 2643 607 I
1486 1137 3041 1207 In den weiten Alleen des Schloss¬
706 1292 3035 1371 parkes lustvandelte Prinz Marcell mit Doktor Flim¬
691 1439 894 1512 mer.
703 1550 2898 1676 "Seltsen," segte der Prinz, und doch verwandter
686 1749 2939 1817 als alles, uns bisher an mein Ohr geklungen, be¬
697 1881 2886 1978 rührt mich Ihre Art und Weise zu erzählen, Herr
677 2036 2904 2130 Doktor, und keiner von allen, die man bisher an
683 2203 2886 2274 meine Seite gewiesen, habe ich mit solchen. Ver¬
680 2335 2288 2435 gnügen gel uucht, als eben Ihnen."
691 2493 3041 2575 "Werter Prinz“ erwiderte Flimmer,“ich kann Sie ver¬
677 2663 3018 2728 sichern, dies all des nicht an mir liegt uns glau¬
671 2810 3000 2883 be vielmehr, dass Sie Ihr Interesse von dem Gegen¬
671 2965 2968 3030 stonde, xxxxber den wir hier, wie im Gesprä¬
674 3126 2965 3205 che klar zu werden trechen, unbilliger Weise auf
662 3276 2871 3358 mich selber übertragen, auf den eben vom Glänze
656 3422 2877 3507 unseres Themas manchmal ein Strahl zurückfällt.
648 3592 2819 3668 Und dass Sie, Prinz, von unserm Thema, von der
378 3950 586 4143 Monsieur
