3432 4312
2616 466 2746 689 27
599 810 2876 995 zelnen Phasen diese Abenteuers zu rekapitulieren,
605 958 2810 1126 da Benno die Kapitel seiner erlebten Novelle so
602 1117 2891 1291 durcheinander warf, dass ich schliesslich nur das
593 1334 2842 1453 Ende des ganzen erfassen konnte, und das war: Er
599 1435 2813 1609 wollte das Mädchen heiraten! Ich erschrak um so
605 1623 2824 1748 heftiger, je mehr ich hörte. Ich kannte das Mäd
611 1785 2772 1919 ehen, von dem er sprach und wenn man überhaupt
613 1898 2795 2084 von einer Wahlverwandtschaft reden darf, so be
619 2107 2865 2231 stond gewiss eine solche zwischen meinem Freunde
613 2220 1626 2387 und seiner Geliebten.-
611 2350 2882 2512 Vielleicht war es sogar die beklagenswerte Aehn -
613 2558 2923 2659 lichkeit ihrer Veranlagung, welche die beiden jun-
619 2671 2920 2830 gen Leute zu einender zog.Auch Ella stammte - Sie
616 2833 2943 2963 verstehen ja jetzt den Ausdruck vollkommen, Prinz,
611 2943 2842 3114 aus einer belasteten Familie. Den Vater des Jun¬
622 3105 2894 3296 gen Mädchens hatte ich auf der Klinik für Nerven¬
619 3253 2905 3426 kranke selbst kennen gelernt und er genoss damals
619 3397 2836 3574 das zweifelhafte Glück, zu den sogenannten inte¬
683 3588 2439 3747 ressanten Fällen gerechnet zu werden.
