3480 4312
2479 476 2574 612 4
594 746 2928 963 kaum merklich - Eurer Hoheit melanchalischer Tag!
609 901 2958 1112 “Sie wissen ja, lieber Doktor, dass ich Stunden ha¬
612 1109 2922 1269 be, wo ich bunte Farben und ein jubelndes Wort so
609 1245 2972 1451 wenig vertrage, wie einen schrillen Ton auf irgend
630 1433 2830 1587 einem Musikinstrumente. Ich begreife das selber
621 1549 2842 1742 nicht, aber damit, dass es meine Umgebung Laune
636 1724 2845 1893 nennt, istm es je noch nicht abgetan.. Es ist
645 1831 2880 2036 tiefer als das, ich empfinde bisweilen eine Dis¬
639 2018 3026 2185 harmonie, so schwer.. so traurig..Sagen Sie doch,
636 2131 2533 2336 Doktor, ist das Anlage zur Melancholie?"
669 2399 1578 2506 "Oh, Prinz Marcell!
675 2423 2987 2640 "Lassen wirs, Doktor, es ist ja so vorübergehend!
654 2625 2895 2797 Des Prinzen Auge suchten irgend was in der Luft
791 2779 2955 2961 ."und was war es nur, was ich Ihnen sagen woll¬
684 2943 2943 3103 te? Ach ja, das wars: dass ich wohl kaum für den
681 3071 3005 3255 ärztlichen Stand geschaffen wäre; ich bin viel zu
696 3246 2714 3409 sensibel- finden Sie nicht? Viel zu weich.“
696 3356 3005 3540 "Und weil ich das war, Prinz Marcell," entgegnete
690 3549 3080 3725 Flimmer leuchtenden Auges, "bin ich Arzt geworden!"
