3496 4344
2482 472 2630 582 68
611 762 2705 1147 nehmen. Die Leute schwerkten die Hüte, riefen
646 875 2945 1205 "hoch" und "Hurrah" und als einer mit dem Weinglas
649 1095 2792 1387 In der Hand, seinem Regenten dasselbe entgegen
660 1242 2804 1541 hielt, worauf dieser von einem Diener sich ein
681 1393 2861 1712 Glas reichen liess und jenem zutrank, da wusste
695 1509 2911 1885 sich das Volk vor Vergnügen gar nicht zu fassen,
712 1689 2853 2022 oh, es war doch herrlich so gut Freund mit sei¬
724 1949 1680 2161 nem Fürsten zu sein!
756 1958 3021 2282 "Es lebe der Fürst!" so klang es noch schmetternd
756 2146 2899 2450 nach, als dieser das Fenster bereits verlassen
765 2279 2951 2601 hatte und durch die Gemächer wandelte, in denen
794 2433 2893 2740 die Mitglieder der Deputationen in ihren prunn
805 2682 2169 2890 kenden Galagewändern standen.
811 2711 3142 3038 So verging Stunde um Stunda - und im ganzen Schlos¬
834 2890 3108 3186 se, im Parke, im Dorfe, herrschte die unbeschreib
843 3047 3087 3377 lichste Fröhlichkeit.- Von allen Gemächern stand
860 3197 3105 3531 nur eines leer, es war der Prancksaal, in welchem
886 3310 3151 3658 der Fürst den Empfang abgehalten hatte; die sonne
895 3522 3087 3875 glänzte heiss und golden herein auf den glatten
