3464 4328
2606 536 2749 670 65
639 855 1477 1004 erlebt worden war.
630 1012 2806 1158 Der Park des Schlosses uar für die Menge geöff
633 1155 2848 1294 net und oft wandten sich neugierige Bliche nach
639 1329 2848 1448 den Balkonen und Fenstern des Schlosses, wo man
647 1466 2503 1625 des Fürsten ansichtig zu werden hoffte.
2897 1637 3014 1714 me
644 1577 2828 1756 Dieser aber sass um diese Zeit noch im Morgenge
642 1742 2769 1905 wande, ausgezeichnet aufgelegt und bei bestem
633 1907 2854 2047 Appetit vor dem Frühstücksttsche und schlürfte
653 2050 2771 2207 eine Tasse Chokolade. Gedämpft drang der Lärm
653 2235 2791 2352 von draussen on sein Ohr und mit einem vergnüg
661 2358 2951 2503 ten Augenblinzeln gestand er sich ein, dass er in
664 2543 2760 2674 diesem Momente das innigste Bewusstsein eines
661 2666 2016 2840 vollkommenen Glückes empfand.
656 2806 2891 2962 Während er sich eine Zigarre anzündete, trat der
653 2962 2871 3111 herbei beschiedene Graf Well ein, welcher die Eh¬
661 3159 2840 3310 re hatte, in ein Gespräch einbezogen zu wedern.
670 3259 2843 3430 das von der neuesten Ahquisition, des Hofthea -
673 3464 2860 3567 ters,einer blinden Naiven handelte, ein überaus
664 3615 2789 3755 anregendes Gespräch, während dessen der Fürst
