3448 4296
2631 472 2763 607 36
750 776 2872 926 die mir damals auf mir, wie auf jedem Arzt zu
742 920 2944 1095 lasten schien, war doch zu schwer, zu traurag.
736 1098 1831 1274 Doktor Flimmer schwieg.
748 1230 3059 1409 nach einer kleinen Pause standen beide, der Prinz
756 1403 2829 1555 und sein Begleiter auf und langsam wandelten
770 1573 3059 1690 ste durch die dunklen Alleen dem Schlosse zu, aus
765 1699 2921 1872 dessen Fenstern hie und da Lichterglanz schtm
773 1889 1058 2033 merte.
768 2010 2935 2156 Erst m Portale, wo einige Lakaten die Spazier
776 2165 2907 2317 gänger ehrfurchtsvoll begrüssten, brach Prinz
770 2334 3036 2481 Marcell das Schwetgen, indem er eine scherweise
773 2472 2996 2668 Bemerkung darüber michte, wie sie nun gleichsam
782 2625 2999 2800 aus einem Märchenland wieder in die gewöhnliche
785 2786 1964 2927 Welt zurückgekehrt seien.
802 2918 2961 3085 "Ach sehen Sie, wie ich Recht habe, " rief mar
796 3042 2944 3223 cell aus, als er des Grafen Well gewahr wurde.
794 3211 2478 3390 der sich den Spaztergängern näherte.
794 3395 2487 3556 Der Angekommene verbeugte sich tief.
808 3499 2884 3723 "Ah, Graf Well, ich freu mich, Sie zu sehen,
