3448 4312
2772 469 2916 619 23
763 792 2959 979 en und die Wirklichkeit lässt nie und nimmer et
748 962 2974 1123 was anderes zu, als ein sicheres Beurteilen von
757 1088 2936 1261 Fall zu Fall. Ja, und wäre nicht ein Gut Stück
774 1244 3083 1422 von unfreiwilligemxx Humor darin gelegen, wenn ich
783 1385 3043 1583 vor die zwei Liebenden hingetreten wäre, mit met
777 1537 3000 1768 ner vorlauten Wetsheit und thnen rundweg gesagt
780 1713 3051 1909 hätte: "Ihr dürft nicht heiraten, dërft nicht-Kin¬
800 1834 3086 2035 der erzeugen.“ Aber diese Reflexionen, welche mir
795 1986 3066 2243 nun die Nachempfindung eingibt, gestalteten sich
806 2156 3046 2375 damals nicht so bündig und unwtdersprechlich; d
800 2320 2985 2530 mals lag das alles so verschwomnen vor mir und
812 2458 3037 2689 deutlich war mir eben nur das eine: Sie durften
714 2646 1088 2749 imander
826 2631 1819 2864 nicht angehören!
812 2772 3126 2971 Eines tröstete mich anfangs. Ich kannte Benno als
823 2905 3034 3118 einen Menschen von sehr leicht entzündbaren Her
829 3083 3043 3247 zen; seine Glut konnte sich legen, selbst
835 3244 3046 3463 ohne meine direkte Einmischung konnten Veränder
841 3394 3008 3584 ungen zu Tage treten, welche das Band zwischen
849 3532 2956 3714 den zwei Verliebten zu lösen im Stande waren.
