3432 4328
2560 353 2679 576 71
657 692 2856 956 und fühlte sogar, dass er manchmal dazu verbind¬
657 918 2824 1066 lich lächelte, wenn es die Lebensart verlangte.
657 1069 2940 1231 Einmal spürte er zwei Augen forschend, ihm schien
678 1190 2919 1387 es, durchbohrend, auf sich gerichtet. Es warb Dok
681 1344 2963 1547 tor Flimmer, der ihn ansah. Der Prinz wandte sich
681 1506 2760 1717 weg; er schaute nicht mehr nach der Richtung.
684 1654 2850 1825 Einmal hatte er die Empfindung, als wnn er auf¬
698 1773 2957 1967 springen ung davonrennen müsste. Das verging wie¬
704 1981 2769 2155 ¬der, aber alles uar so wijst, so fremd um thn.
704 2062 2974 2303 Jetzt war es wieder etwas stiller,, es war nur tm¬
712 2271 3027 2462 mer eine einzige Stimme vernehmbar;— das waren die
715 2375 2998 2586 Trinksprüche, fiel dem Prinzen ein, über auch die
724 2560 2917 2728 klungen so sonderbar, wie von fernher, der inn
727 2711 2992 2911 war nicht unterscheidbar und einmal wurde es gar,
727 2890 2934 3032 während einer aufrecht stand und gerade noch ge¬
741 3018 3070 3180 sprochen hatte, völlig still, so dass Marcell sich
744 3151 3027 3336 schüttelte und um sich sch - da blickte alles auf
753 3345 3079 3490 ahn und er besann sich, dass er eben schwer aufge¬
759 3487 2922 3771 seufzt habe, wie aus einem schweren Traume....
