3480 4344
1752 578 1898 715 66
707 850 1916 1040 seine Toilette vollendete.
701 1019 3043 1218 Bald darauf kam Marcell, blass, leidend. Er führte
710 1177 2429 1340 die Hand seines Vaters an die Lippen.
686 1326 2920 1475 Der Fürst küsste seinen Sohn zärtlich und umarm¬
707 1489 1045 1609 te ihn.
733 1638 2949 1770 "Ich sehe," sagte er, "Du bist heute bereits voll
707 1796 2946 1977 kommen wohl; ich brauche Dts nicht zu sagen, wie
710 1945 1670 2079 sehr mich das freut!"
692 2108 2850 2228 Der Fürst sah heute sehr rosig, war leicht zur
698 2240 2876 2377 Freude gestimmt, sonst hätte ihm der unsagbare,
704 2421 2879 2587 schmerzensvolle Ausdruck nicht entgehen können,
707 2546 2938 2727 der auf dem Antlitz des Prinzen, insbesondere um
704 2716 2894 2879 seine Lippen und in den schwimmenden Augen lag.
698 2859 2902 2999 Während der folgenden Stunde, in welcher der Em¬
686 3037 2894 3148 pfang stattfand, verweilte Marcell an der Seite
698 3171 2987 3300 seines fürstlichen Vaters.- Er verhielt sich voll
692 3323 2952 3469 kommen wortkarg, als gehe ihn alles, was sich um
692 3463 1994 3632 ihn absptelte, gar nicht an.
672 3589 2978 3735 Etner, der die teilnahmslosigkeit des Tronfolgers
