3464 4328
2870 488 3013 620 28
698 848 1812 1011 mals durch meinen Sinn.
698 1008 2893 1154 Da pochte es an die türe; es war eine Wärterin,
716 1160 2870 1350 die mich auf ein Krankenzimmer zu einem Schwer
713 1341 1432 1485 leidenden rief.
710 1420 2893 1604 Unbeschreiblich willkommen vor es mir, cIs ich
713 1628 2893 1791 mich so wieder mitten in meinen Beruf hineinge
731 1786 3060 1923 stellt sah - ja, mit einem gewissen freudigen Ern¬
736 1859 2946 2066 ste trat ich in den matt erhellten Raum, wo man
728 2055 2928 2239 meiner harrte, trat an das Bett des Sterbenden,
739 2204 3051 2411 der nach mir verlangt hatte und griff nach setnem
736 2417 1035 2548 Pulse.
734 2496 2952 2683 Der Kranke uor einer von jenen, die der Alkohol
748 2651 3069 2817 zu Grunde gerichtet hatte und als ich ihn heute en¬
751 2803 3101 2969 sah, erinnerte ich mich sehr gut daran, wie ich
757 2955 3031 3136 beim Aufnehmen seines Zustandes auch die Mitteil
757 3110 3013 3300 ung erhalten hatte, dass beide Eltern dem Trunhe
772 3276 2966 3454 ergeben waren.- Aus seinen brechenden Augen las
769 3428 3025 3592 Ich jetzt mit meiner aufgeregten Phantasie einen
777 3565 3077 3796 schweren, schmerzlichen Vorwurf gegen die, welche
