3416 4328
2613 417 2752 579 19
627 798 1215 984 verdankt.!
636 946 2838 1097 Und da tauchte allmählich aus dem Grunde meines
636 1047 2885 1242 Herzens all die tiefe, wahre, warme Menschenlie¬
633 1280 2933 1425 be auf, die mich eben meinen Beruf so erhaben, so
636 1419 2859 1570 herrlich, so schön empfinden liess. Und da ward
653 1561 2947 1712 es mir klar: Hier, Arzt und Menschenfreund, musst
630 1709 2865 1862 Du wirken und Deine Schuld tilgen, die Dux über
642 1845 2805 2016 nommen in dem Augenblicke, wo Du den Doktorhut
647 2037 2862 2173 empfangen!- Dieses beklagenswerte, verlorene Ge
650 2167 2823 2335 schlecht musst Du retten, musst Dn vor dem Un
665 2327 2876 2495 glück retten! Wie? Aber wie? Darüber dachte ich
650 2460 3024 2628 nach, als mein Freund wieder, ohne irgend eine Ant¬
653 2661 2950 2770 wort, irgend eine Meinungsäusserung von mir abzu¬
662 2729 3001 2953 warten, die Treppe hinunter geeilt was und mich al¬
668 2962 1180 3095 lein liess.
668 3051 2918 3234 Wenn ich mein ganzes Pathos in die Sprache einer
686 3228 2888 3382 rein bürgerlichen Anschauungsweise übertrug, so
674 3388 2891 3545 lag alles daran, die Hctrut ###ischen den beiden
677 3542 2170 3751 ntcht zustande kommen zu lassen.
