3480 4344
2251 496 2361 657 P.P.
2511 574 2646 706 67
594 885 2793 1072 zu beobachten gewillt schien, kam freilich erst
600 1041 2874 1237 nach geraumer Zett in der Person des Doktor Flim¬
597 1188 2868 1372 mer. Dieser legte dem Fürsten seine Glückwünsche
614 1349 2819 1539 in schlichter, ehrerbietiger Form zu Füssen und
617 1502 2764 1678 wurde von demselben eingeladen, sich in seiner
623 1669 2260 1819 allernächsten Umgebung aufzuhalten.
631 1802 2833 1980 Indem der Fürst diese Einladung an alle Intimen
631 1954 2839 2119 seines Hofes ergehen liess, hatte er bereits ei
640 2110 2828 2289 nen Krets von Würdenträgern um sich versammelt,
654 2260 2756 2427 als die Deputationen aus der Stadt anlangten.
640 2424 2865 2603 Kurz nach Mittag war der offizielle Empfang vor
660 2542 2923 2733 über und um dieselbe Stunde - so lautete der Auf
669 2707 2926 2874 trag des Fürsten – würde der Schlosskeller geöff¬
672 2874 2891 3087 net und die Menschenmenge ergötzte ihren Gaumen
680 3050 2038 3202 an den vorzüglichsten Weinen.
669 3177 2900 3344 Schier unerschöpflich schienen die duftenden ge-
695 3324 2978 3482 tränke aus den Fässern zu fliessen und als später
695 3491 2888 3695 der Fürst an einem Fenster erschten und leutse
689 3583 3004 3848 lig hinunterwinkte, da wollte der Jubel kein Ende
