3496 4200
2496 351 2636 488 59
577 660 2904 821 te gut zuhören und gut erzählen und es waren nicht
556 791 2597 1009 Schmeichler allein, die ihm Betfall sollten.
568 979 2811 1130 Während die Unterhaltung ungezwungen von Mund zu
556 1139 2636 1279 Mund ging, sprach man auch dem Weine aus dem
571 1273 2764 1431 fürstlichen Keller mit Bege###isterung zu und kei
559 1458 2701 1601 ner richtete die Aufmerksamkeit darauf, ausser
550 1583 2808 1746 Doktor Flimmer, dass der Prinz in sich versunken
568 1708 2413 1868 dasass, dass er weder redete noch trank.
550 1877 2826 2059 Man plauderte und lachte wetter, die Gläser für
565 2047 2811 2225 ten, sich immer wieder aufs neue und über der gan
562 2166 2808 2303 zen Gesellschaft schien ein Dunst von Behaglich
556 2320 2115 2460 keit und Lebensfreude zu schoeben
533 2502 2924 2657 Da geschä es, wie es ja zuwetlen mitten in vollster
544 2651 2701 2814 Heiterkeit sich ereignet, dass es einen Augen
547 2764 2657 2945 blick lang völlig still wurde; der Fürst aber
553 2927 2267 3109 wandte endlich den Blick auf Marcell.
562 3094 2829 3284 "Und Du, me in Sohn," richtete er das Wort an ihn,
559 3231 2886 3394 der, vor sich hinstarrend, melancholtsch das Cham
538 3397 2826 3621 pagnerglas zwischen den Fingern hin und her dreh
