3448 4264
285 478 493 620 en lisant
2740 525 2874 704 91
727 808 2541 1003 fangs blinden wollte, stand.. ihr Mann!
712 998 2782 1134 Der helle Wahnstnn glänzte in seinen starren
724 1158 2800 1294 Blichen, als er so eine Weile regungslos ver
721 1280 2915 1464 blieb. Sie wollte sich in der ersten Bestürzung
721 1431 2791 1585 fester an mich klammern, dann aber liess sie
718 1579 2930 1722 mich los und blieb bebend in der Mitte des zim¬
715 1749 3007 1876 mers stehen. Ihre Arme hingen schlaff herab. ich
718 1870 2945 2034 mir war alles Blut aus dem Herzen gewichen, aber
718 2048 2871 2164 Ich begriff schnell, dass es an mir sei irgend
724 2209 3070 2319 etwas zu tun und so machte ich hastig zwel -chrit
724 2325 2918 2494 te gegen den Mann. In diesem Momente sah ich in
712 2500 2981 2645 seinen Händen ein rasch aus der Brusttasche her -
712 2666 2218 2811 vorgeholtes Dolchmesser blitzen.
704 2794 2856 2930 Anfangs wich ich zurück, als er mir aber jetzt
712 2978 2912 3090 näher trat, stürzte ich mich auf ihn und wollte
724 3082 2954 3236 ihm die Waffe entreissen. In einem verzweifelten
701 3257 2829 3411 Kampfe bltebe er schliesslich im Vorteil. Ich
704 3426 3085 3580 lag auf dem Boden; er hatte die Knte auf meine Brut
