3544 4360
2682 344 2808 499 61
762 826 2817 1092 "Immer zu," rief der Regent, "lass hören und
730 861 940 992 mit.
756 969 2860 1249 wenn Deine Geschichte selbst traurig ist, wir
776 1144 2968 1410 sinds zufreieden und werden höchstens versuchen
788 1305 3012 1553 unsern Trübstnn in dem vortrefflichen Champagner
794 1477 2855 1719 zu ertränken, von dem eben ein paar neue fla
808 1614 2855 1871 schen aus Ihrem Eismantel sich losschälen. "
826 1818 2557 2017 "Es war einmal,” begann der Prinz.
844 1894 3106 2169 "Ei, ein Märchen auch dieses findet meinen Bei
846 2131 2058 2315 ¬fall," warf der Fürst ein.
864 2215 2960 2463 "Leider kein Märchen," sagte Marcell. "Es war
864 2440 2037 2624 einmal ein armer Mann..."
864 2557 2741 2767 Doktor Flimmer biss die Lippen zusammen.
893 2679 3033 2936 "Ach, der Unglückliche!" unterbrach der Fürst,
905 2852 2930 3100 "er war verliebt und fand keine Gegenliebe."
919 2989 3000 3240 "Nein, ich habe schlecht begonnen," sagte der
911 3132 3141 3400 Prinz, "also... es war einmal ein armes Volk....."
946 3278 3298 3532 "Gewiss," warf Graf Well ein, "sehr peit von hier."
952 3441 3097 3698 "Also," rief der Fürst, "wir sind gespannt auf
