3480 4200
387 230 517 319 G.C. de
606 198 741 363 G.C.F.P.
1043 287 1152 484 G.H.P.
2555 378 2691 496 58
611 644 2874 800 Er hatte sich in diesen Extravaganzen auch nicht
620 800 2945 954 stören lassen, als seine Gattin noch am Leben war,
626 972 2782 1122 die allerdings sehr früh, kurz nach der Geburt
611 1143 2212 1252 des Prinzen Marcell gestorben war.
617 1285 2957 1409 Von manchen Abenteuern des Fürsten wusste man sich
629 1403 2827 1551 in Hofkreisen und manchmal auch weiter unten zu
626 1565 2824 1716 erzählen und seine kleinen Verhältnisse mit die
626 1740 2963 1873 sem oder jenen hübschen Kinde aus dem Volke, hatte
614 1882 2827 2050 dazu beigetragen, ihn in den Ruf einer gewissen
614 2014 2901 2195 Leutseligkeit zu bringen, in welchem er sich sehr
608 2201 1184 2345 wohl gefiel.
603 2325 2756 2472 Am Abende, der dem Festtage voranging, war der
606 2487 2812 2650 Fürst in seinem Lustschlosse angekommen. Einige
597 2629 2951 2779 Herren cus seinem Gefolge, auch Doktor Flimmer und
603 2806 2853 2957 Graf Well, waren der Tafel betgezogen, welche et
603 2960 2460 3098 ne Stunde nach seiner Ankunft stattfand.
600 3084 2800 3228 Prinz Marcell sass zu Seiten seines Vaters, der
600 3217 2756 3429 die Gespräche mit Geist zu führen und sich mit
588 3397 2963 3524 Liebenswürdigkeit in sie zu finden wusste. Er konn¬
