3464 4264
2521 448 2656 568 85
603 783 2330 941 mer niederrichtend, die Worte sprach:
627 929 1792 1111 "Ek ist nicht mein Sohn!“
609 1046 2769 1246 Doktor Flimmer besann sich eine Sekunde, um den
615 1156 2740 1374 Sinn aufzufassen: da hörte er es zum zweiten
621 1350 2820 1542 Wale: "In der tat, er ist nicht mein Sohn- nicht
630 1568 1147 1694 mein Sohn!
633 1661 2886 1840 Flimmer sprang von seinem Sessel auf, die beiden
639 1792 2536 1981 Männer standen sich regungslos gegenüber
636 1945 3041 2139 Nachdem der Fürst dann mit einem Blick voll Schmerz
660 2133 2820 2354 den Bewusstlosen gestreift, liess er sich lang
678 2247 2886 2432 sam auf seinen Stuhl nieder. Er richtete die Au¬
672 2414 2829 2596 gen auf Flimmer. In diesem Momente wiederholte
681 2551 2949 2805 dieser: "Nicht Ihr Sohn? Sie meinen - es ist nicht
675 2787 1165 2943 Ihr Blut?"
693 2826 2892 3056 Ganz recht,” sagte der Fürst, während er den Dok¬
693 3017 2784 3203 tor mit einer Handbewegung zum Sitzen einlud.
687 3224 1858 3391 Dieser liess sich nieder.
711 3349 2303 3534 "Ich bin nicht der Vater MarcelIs!"
708 3513 2820 3704 Wieder eine Pause von einigen Sekunden.. dann
