3448 4280
2752 538 2882 652 40
717 811 2879 981 Melancholisch? War das der Prinz? Gewiss nicht
743 987 2902 1134 immer. Und wenn ihn seine düstere Stimmung ver
731 1146 2556 1304 liess, wer konnte lustiger sein als er?
731 1334 2876 1451 Der Graf erinnerte sich ihn oft genug in einer
728 1442 2844 1619 Fröhlichkeit beobichtet zu haben, die sich so
737 1616 2943 1765 burschokos, so ausgelassen gab, dass er sie dem
737 1777 2926 1892 Range eines Prinzen kaum mehr angemessen erach¬
761 1924 2943 2056 tete. Und dann kam diese Fröhlichkeit immer zur
746 2044 2990 2197 Unzeit und nie am rechten Orte. Wenn alles ernst
749 2221 3011 2365 war, konnte der Prinz lachen, so wie er, wenn um
770 2388 2961 2529 ihn die lebhafteste Freude herrschte, still und
767 2512 2705 2691 ganz versunken in sich dazusitzen pflegte.
761 2650 3087 2817 Freilich, so überlegte der Graf weiter, die Rasch¬
767 2826 2929 2967 heit mit der die Launen des Prinzen wechselten
767 2990 2926 3117 und ihre Bizarrerte überhaupt erschien weniger
776 3170 3014 3299 verwunderlich, wenn man die Art und Weise seines
761 3316 3014 3484 Lebenswandels überdachte. Konnte man ein anderes
770 3446 3137 3619 Temperament erwarten, einn Gemüt von grösserer Ste¬
767 3581 3046 3745 tigkeit des Empfindens, wenn die Neigungen in Je¬
