3464 4248
2668 449 2802 564 90
761 761 2948 970 tagelang umher und man wusste nie, wann man ihn
764 930 2860 1096 eigentlich zurück erwarten sollte. Diese Tage
761 1059 2960 1265 waren für die junge Frau und mich die glücklich
776 1228 2828 1385 sten. Ich kam zu ihr und ihr Gemach uar dann
776 1374 2854 1566 die Stätte unserer verschwiegenen Seligkeit..
764 1531 2771 1720 Nun aber kam einmal jene furchtbare Stunde;
770 1675 2980 1846 Ihr Gemahl war am Abend vorher aufgebrochen und
776 1812 3014 2004 ein schwüler Sommernachmittag filhrte mich in dt
770 2001 3066 2141 Arme der Geliebten. Niemals hatte sie mich stürmt
790 2161 2983 2313 scher begrüsst, als damals. Ihre Augen brannten
787 2293 3023 2459 in einer Glut, welche mich vor Verlangen zittern
787 2465 2782 2602 machte und ihre Küsse waren wil<d und süss.
784 2616 2911 2782 Eben hing sie noch im ersten Taumel einer ent
787 2751 2851 2923 zückten Begrüssung an meinen Lippen, als die
787 2934 1863 3069 Türe aufgerissen wurde.
807 3063 2971 3215 In das, von den herabgelassenen Vorhängen halb
807 3220 2966 3361 dunkle Zimmer fiel ein Sonnenstrahl und mitten
813 3363 2877 3555 in dem hereinstürzenden Lichte, das mich an -
