<?xml version="1.0" encoding="UTF-8" standalone="yes"?>
<PcGts xmlns="http://schema.primaresearch.org/PAGE/gts/pagecontent/2013-07-15" xmlns:xsi="http://www.w3.org/2001/XMLSchema-instance" xsi:schemaLocation="http://schema.primaresearch.org/PAGE/gts/pagecontent/2013-07-15 http://schema.primaresearch.org/PAGE/gts/pagecontent/2013-07-15/pagecontent.xsd">
    <Metadata>
        <Creator>prov=READ-COOP:name=TrHtr:version=2.1.0:model_id=51170:date=14_08_2023_16:57</Creator>
        <Created>2023-05-10T14:28:44.047+02:00</Created>
        <LastChange>2023-08-14T16:57:50.518+02:00</LastChange>
        <TranskribusMetadata docId="1428635" pageId="55420869" pageNr="99" tsid="132817279" status="IN_PROGRESS" userId="64420" imgUrl="https://files.transkribus.eu/Get?id=RABMJSVELAHVKWSPJMRCLGFT&amp;fileType=view" xmlUrl="https://files.transkribus.eu/Get?id=YRMFZGTUASBUVSXXWNGUWCUW" imageId="44694966"/>
    </Metadata>
    <Page imageFilename="1428635_0099.jpg" imageWidth="3416" imageHeight="4328">
        <ReadingOrder>
            <OrderedGroup id="ro_1711819983159" caption="Regions reading order">
                <RegionRefIndexed index="0" regionRef="tr_1"/>
            </OrderedGroup>
        </ReadingOrder>
        <TextRegion id="tr_1" custom="readingOrder {index:0;}">
            <Coords points="567,687 2972,687 2972,3773 567,3773"/>
            <TextLine id="tr_1_tl_1" custom="readingOrder {index:0;}">
                <Coords points="2526,780 2540,780 2555,769 2566,772 2589,754 2595,760 2610,754 2633,772 2647,766 2656,775 2670,775 2673,665 2647,668 2639,659 2621,665 2604,656 2581,670 2563,656 2532,659"/>
                <Baseline points="2546,743 2584,737 2629,737 2674,737"/>
                <TextEquiv>
                    <Unicode>96</Unicode>
                </TextEquiv>
            </TextLine>
            <TextLine id="tr_1_tl_2" custom="readingOrder {index:1;}">
                <Coords points="552,1199 633,1231 728,1202 772,1237 985,1173 1133,1199 1251,1159 1393,1194 1407,1046 1254,1043 1133,1104 905,1069 864,1092 763,1069 668,1110 561,1087"/>
                <Baseline points="567,1202 599,1199 644,1196 689,1193 734,1190 779,1187 823,1184 868,1179 913,1179 958,1173 1002,1170 1047,1167 1092,1161 1137,1155 1181,1155 1226,1152 1271,1146 1316,1143 1361,1134 1405,1125"/>
                <TextEquiv>
                    <Unicode>rer Hoheit weiss."</Unicode>
                </TextEquiv>
            </TextLine>
            <TextLine id="tr_1_tl_3" custom="readingOrder {index:2;}">
                <Coords points="581,1341 2621,1277 2685,1269 2696,1130 587,1277"/>
                <Baseline points="596,1337 638,1343 683,1343 728,1346 773,1343 817,1337 862,1337 907,1334 952,1331 996,1328 1041,1325 1086,1319 1131,1313 1176,1310 1220,1301 1265,1298 1310,1298 1355,1292 1399,1289 1444,1283 1489,1280 1534,1274 1578,1274 1623,1271 1668,1265 1713,1262 1758,1259 1802,1256 1847,1253 1892,1250 1937,1244 1981,1241 2026,1238 2071,1235 2116,1229 2161,1229 2205,1226 2250,1220 2295,1217 2340,1214 2384,1208 2429,1205 2474,1202 2519,1196 2563,1193 2608,1190 2653,1187 2698,1179"/>
                <TextEquiv>
                    <Unicode>"Jajajaja, ja," schrie ich, als er endlich das</Unicode>
                </TextEquiv>
            </TextLine>
            <TextLine id="tr_1_tl_4" custom="readingOrder {index:3;}">
                <Coords points="564,1511 2676,1376 2708,1263 1537,1321 1240,1405 957,1353 569,1451"/>
                <Baseline points="582,1507 605,1507 650,1501 695,1498 740,1495 785,1492 829,1486 874,1483 919,1480 964,1477 1008,1471 1053,1468 1098,1465 1143,1459 1187,1456 1232,1450 1277,1447 1322,1444 1367,1441 1411,1438 1456,1435 1501,1432 1546,1429 1590,1426 1635,1423 1680,1417 1725,1417 1770,1411 1814,1408 1859,1405 1904,1399 1949,1396 1993,1390 2038,1387 2083,1384 2128,1381 2172,1376 2217,1376 2262,1373 2307,1367 2352,1364 2396,1361 2441,1355 2486,1352 2531,1349 2575,1346 2620,1340 2665,1337 2710,1328"/>
                <TextEquiv>
                    <Unicode>Knie von meiner Brust entfernte und ich versu</Unicode>
                </TextEquiv>
            </TextLine>
            <TextLine id="tr_1_tl_5" custom="readingOrder {index:4;}">
                <Coords points="587,1665 714,1694 818,1639 1046,1630 1136,1673 1240,1618 1691,1627 1702,1511 1537,1485 1433,1535 1156,1535 1072,1503 933,1523 821,1595 592,1610"/>
                <Baseline points="602,1656 629,1656 674,1653 719,1647 764,1641 808,1638 853,1638 898,1632 943,1626 987,1623 1032,1620 1077,1614 1122,1611 1167,1611 1211,1605 1256,1602 1301,1599 1346,1596 1390,1593 1435,1587 1480,1584 1525,1581 1570,1578 1614,1575 1659,1573 1704,1567"/>
                <TextEquiv>
                    <Unicode>chen konnte aufzustehen.</Unicode>
                </TextEquiv>
            </TextLine>
            <TextLine id="tr_1_tl_6" custom="readingOrder {index:5;}">
                <Coords points="590,1826 2798,1688 2904,1662 2913,1552 595,1731"/>
                <Baseline points="605,1808 632,1808 677,1805 722,1799 767,1796 811,1793 856,1790 901,1787 946,1781 990,1775 1035,1772 1080,1770 1125,1764 1170,1761 1214,1758 1259,1755 1304,1752 1349,1749 1393,1746 1438,1737 1483,1734 1528,1731 1573,1728 1617,1722 1662,1719 1707,1719 1752,1713 1796,1710 1841,1710 1886,1707 1931,1704 1975,1698 2020,1695 2065,1692 2110,1689 2155,1686 2199,1683 2244,1680 2289,1674 2334,1674 2378,1668 2423,1665 2468,1665 2513,1659 2557,1656 2602,1650 2647,1647 2692,1641 2737,1638 2781,1632 2826,1629 2871,1626 2916,1620"/>
                <TextEquiv>
                    <Unicode>Selbst wie ein Rasender rannte ich fort, gar nicht</Unicode>
                </TextEquiv>
            </TextLine>
            <TextLine id="tr_1_tl_7" custom="readingOrder {index:6;}">
                <Coords points="610,1954 2665,1835 2757,1708 613,1896"/>
                <Baseline points="626,1946 653,1946 698,1949 743,1946 787,1943 832,1940 877,1937 922,1931 967,1931 1011,1925 1056,1922 1101,1919 1146,1916 1190,1910 1235,1907 1280,1904 1325,1901 1370,1898 1414,1895 1459,1892 1504,1889 1549,1886 1593,1880 1638,1877 1683,1871 1728,1871 1772,1865 1817,1859 1862,1859 1907,1856 1952,1847 1996,1847 2041,1844 2086,1838 2131,1835 2175,1832 2220,1829 2265,1823 2310,1820 2355,1817 2399,1811 2444,1808 2489,1805 2534,1802 2578,1799 2623,1793 2668,1787 2713,1781 2757,1775"/>
                <TextEquiv>
                    <Unicode>überlegend, dass ich die junge Frau in der Ge -</Unicode>
                </TextEquiv>
            </TextLine>
            <TextLine id="tr_1_tl_8" custom="readingOrder {index:7;}">
                <Coords points="624,2118 2737,1977 2766,1870 630,2063"/>
                <Baseline points="641,2110 665,2107 710,2104 755,2101 799,2098 844,2092 889,2089 934,2086 979,2083 1023,2077 1068,2074 1113,2068 1158,2065 1202,2062 1247,2059 1292,2059 1337,2053 1381,2050 1426,2047 1471,2041 1516,2038 1561,2035 1605,2032 1650,2029 1695,2026 1740,2020 1784,2017 1829,2014 1874,2008 1919,2005 1964,2002 2008,1999 2053,1996 2098,1990 2143,1984 2187,1984 2232,1981 2277,1978 2322,1975 2366,1969 2411,1964 2456,1964 2501,1961 2546,1958 2590,1955 2635,1952 2680,1946 2725,1940 2769,1937"/>
                <TextEquiv>
                    <Unicode>walt eines bewaffneten Wahnsinnigen liess. Ich</Unicode>
                </TextEquiv>
            </TextLine>
            <TextLine id="tr_1_tl_9" custom="readingOrder {index:8;}">
                <Coords points="624,2266 2115,2196 2769,2127 2774,2046 2488,1997 630,2217"/>
                <Baseline points="641,2265 674,2262 719,2259 764,2253 808,2253 853,2247 898,2241 943,2241 987,2235 1032,2232 1077,2226 1122,2220 1167,2220 1211,2214 1256,2214 1301,2211 1346,2205 1390,2205 1435,2199 1480,2196 1525,2193 1570,2187 1614,2187 1659,2181 1704,2178 1749,2172 1793,2169 1838,2166 1883,2164 1928,2161 1972,2158 2017,2155 2062,2149 2107,2146 2152,2143 2196,2140 2241,2137 2286,2131 2331,2128 2375,2122 2420,2119 2465,2116 2510,2113 2555,2110 2599,2107 2644,2101 2689,2098 2734,2092 2778,2077"/>
                <TextEquiv>
                    <Unicode>wollte mir einreden, dass mein Wort nicht bin</Unicode>
                </TextEquiv>
            </TextLine>
            <TextLine id="tr_1_tl_10" custom="readingOrder {index:9;}">
                <Coords points="647,2416 1436,2407 2072,2303 2708,2335 2806,2324 2818,2194 2165,2173 2020,2254 656,2326"/>
                <Baseline points="665,2414 671,2411 716,2408 761,2405 805,2402 850,2399 895,2396 940,2393 984,2387 1029,2387 1074,2378 1119,2378 1164,2372 1208,2372 1253,2369 1298,2363 1343,2360 1387,2358 1432,2355 1477,2349 1522,2346 1567,2340 1611,2337 1656,2331 1701,2328 1746,2322 1790,2322 1835,2319 1880,2316 1925,2313 1969,2310 2014,2307 2059,2304 2104,2301 2149,2298 2193,2292 2238,2289 2283,2283 2328,2283 2372,2277 2417,2274 2462,2268 2507,2265 2552,2262 2596,2256 2641,2256 2686,2253 2731,2250 2775,2247 2820,2247"/>
                <TextEquiv>
                    <Unicode>dend sei, dass ich das Versprechen, welches mir</Unicode>
                </TextEquiv>
            </TextLine>
            <TextLine id="tr_1_tl_11" custom="readingOrder {index:10;}">
                <Coords points="644,2575 2873,2439 2881,2324 650,2517"/>
                <Baseline points="662,2569 686,2569 731,2566 776,2560 820,2557 865,2552 910,2549 955,2546 999,2540 1044,2537 1089,2531 1134,2528 1179,2528 1223,2528 1268,2522 1313,2519 1358,2513 1402,2504 1447,2504 1492,2498 1537,2495 1581,2495 1626,2489 1671,2486 1716,2480 1761,2480 1805,2477 1850,2474 1895,2468 1940,2465 1984,2462 2029,2456 2074,2456 2119,2450 2164,2447 2208,2444 2253,2441 2298,2435 2343,2432 2387,2429 2432,2423 2477,2420 2522,2417 2566,2411 2611,2411 2656,2408 2701,2405 2746,2399 2790,2396 2835,2390 2880,2390"/>
                <TextEquiv>
                    <Unicode>ein Kranker auf der Höhe seines Grössenwahnstnns</Unicode>
                </TextEquiv>
            </TextLine>
            <TextLine id="tr_1_tl_12" custom="readingOrder {index:11;}">
                <Coords points="665,2740 2497,2624 2867,2566 2873,2468 673,2647"/>
                <Baseline points="683,2719 728,2713 773,2707 817,2701 862,2701 907,2698 952,2692 996,2692 1041,2686 1086,2683 1131,2683 1176,2680 1220,2674 1265,2671 1310,2668 1355,2662 1399,2659 1444,2653 1489,2650 1534,2644 1578,2641 1623,2638 1668,2635 1713,2629 1758,2626 1802,2623 1847,2620 1892,2617 1937,2614 1981,2608 2026,2608 2071,2605 2116,2602 2161,2596 2205,2593 2250,2593 2295,2587 2340,2581 2384,2578 2429,2575 2474,2572 2519,2569 2563,2563 2608,2557 2653,2557 2698,2555 2743,2552 2787,2546 2832,2540 2877,2534"/>
                <TextEquiv>
                    <Unicode>abgenommen, nicht halten müsse.. aber da funkel¬</Unicode>
                </TextEquiv>
            </TextLine>
            <TextLine id="tr_1_tl_13" custom="readingOrder {index:12;}">
                <Coords points="679,2876 2052,2760 2809,2786 2821,2618 2104,2711 1407,2676 685,2795"/>
                <Baseline points="695,2868 719,2862 764,2859 808,2856 853,2853 898,2847 943,2844 987,2838 1032,2835 1077,2832 1122,2829 1167,2826 1211,2820 1256,2817 1301,2814 1346,2811 1390,2808 1435,2805 1480,2799 1525,2796 1570,2793 1614,2787 1659,2784 1704,2784 1749,2778 1793,2775 1838,2772 1883,2766 1928,2763 1972,2760 2017,2754 2062,2752 2107,2752 2152,2749 2196,2746 2241,2743 2286,2737 2331,2734 2375,2731 2420,2725 2465,2722 2510,2719 2555,2716 2599,2713 2644,2710 2689,2704 2734,2701 2778,2695 2823,2689"/>
                <TextEquiv>
                    <Unicode>te wieder vor mir das Dolchmesser, vor dem ich</Unicode>
                </TextEquiv>
            </TextLine>
            <TextLine id="tr_1_tl_14" custom="readingOrder {index:13;}">
                <Coords points="679,3037 2803,2896 2812,2786 688,2928"/>
                <Baseline points="698,3011 713,3011 758,3008 802,3005 847,3002 892,2999 937,2993 982,2990 1026,2987 1071,2984 1116,2981 1161,2978 1205,2972 1250,2969 1295,2966 1340,2963 1384,2960 1429,2957 1474,2954 1519,2949 1564,2943 1608,2940 1653,2937 1698,2934 1743,2934 1787,2931 1832,2925 1877,2925 1922,2919 1967,2913 2011,2913 2056,2910 2101,2904 2146,2904 2190,2898 2235,2895 2280,2889 2325,2886 2369,2883 2414,2877 2459,2874 2504,2874 2549,2868 2593,2865 2638,2862 2683,2859 2728,2856 2772,2850 2817,2847"/>
                <TextEquiv>
                    <Unicode>und sie nicht stcher sei, bis es geschehen, das</Unicode>
                </TextEquiv>
            </TextLine>
            <TextLine id="tr_1_tl_15" custom="readingOrder {index:14;}">
                <Coords points="694,3182 757,3165 795,3199 838,3176 867,3193 977,3153 1009,3167 1040,3144 1142,3144 1248,3202 1295,3185 1303,3087 1220,3052 1116,3046 1043,3072 994,3043 850,3101 783,3078 702,3092"/>
                <Baseline points="713,3160 725,3160 770,3157 814,3154 859,3148 904,3146 949,3143 993,3140 1038,3134 1083,3131 1128,3125 1173,3125 1217,3122 1262,3119 1307,3119"/>
                <TextEquiv>
                    <Unicode>Unglaubliche.</Unicode>
                </TextEquiv>
            </TextLine>
            <TextLine id="tr_1_tl_16" custom="readingOrder {index:15;}">
                <Coords points="696,3312 2826,3231 2835,3089 702,3231"/>
                <Baseline points="713,3310 734,3310 779,3307 823,3304 868,3301 913,3298 958,3292 1002,3292 1047,3289 1092,3283 1137,3283 1181,3277 1226,3274 1271,3268 1316,3265 1361,3265 1405,3259 1450,3253 1495,3250 1540,3250 1584,3244 1629,3241 1674,3238 1719,3232 1764,3229 1808,3226 1853,3223 1898,3217 1943,3214 1987,3211 2032,3208 2077,3205 2122,3202 2166,3196 2211,3193 2256,3190 2301,3187 2346,3184 2390,3181 2435,3175 2480,3172 2525,3169 2569,3166 2614,3163 2659,3160 2704,3157 2749,3151 2793,3151 2838,3146"/>
                <TextEquiv>
                    <Unicode>Und dann... seine Frau - M meine Geliebte... Er</Unicode>
                </TextEquiv>
            </TextLine>
            <TextLine id="tr_1_tl_17" custom="readingOrder {index:16;}">
                <Coords points="711,3471 2708,3384 2899,3341 2907,3205 1413,3335 1188,3289 717,3384"/>
                <Baseline points="728,3459 761,3459 805,3456 850,3453 895,3450 940,3444 984,3441 1029,3435 1074,3432 1119,3429 1164,3426 1208,3423 1253,3417 1298,3417 1343,3411 1387,3411 1432,3405 1477,3402 1522,3399 1567,3393 1611,3390 1656,3387 1701,3384 1746,3381 1790,3375 1835,3372 1880,3366 1925,3363 1969,3360 2014,3357 2059,3354 2104,3351 2149,3348 2193,3345 2238,3343 2283,3340 2328,3337 2372,3331 2417,3328 2462,3322 2507,3319 2552,3316 2596,3313 2641,3310 2686,3307 2731,3301 2775,3298 2820,3295 2865,3292 2910,3286"/>
                <TextEquiv>
                    <Unicode>hätte sie getötet, wenn ich meinen Schwur nicht</Unicode>
                </TextEquiv>
            </TextLine>
            <TextLine id="tr_1_tl_18" custom="readingOrder {index:17;}">
                <Coords points="737,3662 2754,3514 2821,3497 2832,3361 746,3540"/>
                <Baseline points="755,3623 776,3617 820,3611 865,3608 910,3602 955,3599 999,3593 1044,3590 1089,3587 1134,3584 1179,3581 1223,3578 1268,3572 1313,3572 1358,3569 1402,3563 1447,3557 1492,3554 1537,3551 1581,3548 1626,3545 1671,3542 1716,3537 1761,3534 1805,3534 1850,3528 1895,3525 1940,3519 1984,3516 2029,3510 2074,3507 2119,3504 2164,3501 2208,3501 2253,3498 2298,3495 2343,3489 2387,3489 2432,3483 2477,3480 2522,3477 2566,3471 2611,3468 2656,3462 2701,3459 2746,3456 2790,3453 2835,3450"/>
                <TextEquiv>
                    <Unicode>gehalten, ich uetss es wohl- das jagte mir da</Unicode>
                </TextEquiv>
            </TextLine>
            <TextLine id="tr_1_tl_19" custom="readingOrder {index:18;}">
                <Coords points="731,3774 1783,3688 2182,3745 2321,3673 2936,3717 2971,3534 740,3682"/>
                <Baseline points="749,3763 779,3763 823,3760 868,3757 913,3754 958,3751 1002,3745 1047,3742 1092,3739 1137,3734 1181,3734 1226,3728 1271,3725 1316,3722 1361,3719 1405,3713 1450,3710 1495,3707 1540,3701 1584,3698 1629,3695 1674,3695 1719,3689 1764,3689 1808,3686 1853,3683 1898,3680 1943,3677 1987,3674 2032,3671 2077,3668 2122,3662 2166,3659 2211,3656 2256,3653 2301,3647 2346,3647 2390,3644 2435,3641 2480,3635 2525,3632 2569,3626 2614,3623 2659,3620 2704,3617 2749,3614 2793,3611 2838,3605 2883,3602 2928,3596 2972,3593"/>
                <TextEquiv>
                    <Unicode>mals hin und her - das zwang mich, darum hab ich</Unicode>
                </TextEquiv>
            </TextLine>
        </TextRegion>
    </Page>
</PcGts>
