3480 4280
2755 505 2901 677 52
756 879 1497 1024 der Ferne hörte.
747 1019 2916 1194 Ihm war es als müsste er unter ste treten, ih
759 1118 2907 1308 nen zurufen: "Lasst mich unter Euch vedlen Ihr
753 1311 2992 1489 Beneidenswerten, mit Euch lasst mich singen, mi
759 1480 2910 1605 Euch hoffen, streben, glücklich sein, mit Euch
765 1579 2822 1783 denen die Welt offen steht, mich ergötzen an
773 1798 2855 1941 dem weiten, prächtigen Blick, mit welchem Ihr
768 1906 2738 2078 in sie hineinschaut in Eure offene Welt.
771 2066 2936 2233 Während er nun auf diese Weise in den Gefühlen
768 2245 3050 2376 schwelgte, denen in jenen verklüngenen Sang viel¬
776 2367 3038 2533 leicht ein grosser Dichter Ausdruck gegeben, ward
782 2568 3103 2676 er plötzlich unsanft aufgestört, indem er mit sei¬
773 2697 3123 2860 nem Fusse an einen menschlichen Körper stiess, den
785 2843 2691 2995 er in der Dunkelheit nicht gesehen hatte.
776 3027 2983 3161 Erschreckt blieb der Prinz stehen, als sich der
771 3141 3033 3316 Mensch, der am Boden gelegen war, etwas mühselig
785 3292 2977 3491 erhob und mit einem bösen Blick den Ruhestörer,
797 3488 2151 3628 der ihn geweckt, betrachtete.
