3480 4296
2662 444 2806 565 49
748 762 2915 947 klangen aus dem Gebrause, Lichter flammten ihm
748 866 2856 1071 entgegen und » leuchteten immer heller, immer
753 1029 2806 1240 näher. Der Nachthimmel goss über alles blau
779 1139 3025 1400 fahle Blässe. Zwei Kirchtürme glitzerten silbern
784 1347 2938 1521 und tauchten ihre Spitzen in die durchsichtige
779 1577 1032 1701 Luft.
787 1684 2977 1839 Die Türme verschwanden, das Geräusch wurde 1au
801 1799 3061 1971 ter, verlor seine Wirrheit und zudringlich brann
804 1968 2994 2142 ten die gelben Flammen in den Strassenlaternen.
801 2078 2949 2305 Die Schritte MaroeIIs wiederhallten auf tönen
824 2246 2831 2443 dem Pflaster in schmalen Strassen, er hatte
821 2485 1715 2617 die Stadt betreten.
812 2620 2856 2769 Ein heller, mehrstimmiger Gesang erschallte
832 2665 2938 2924 plötzlich - Marcell zuckte zusammen und blieb
829 2896 2848 3073 stehen. Ihm war, als müsste er noch vor der
832 3011 3005 3210 Türe seines Schlossparkes stehen, als wäre ihm
855 3185 3011 3343 das alles entgegengeflogen und wie er sich nun
843 3269 3033 3514 plötzlich mitten in dem nächtlichen Treiben ei
855 3449 2971 3677 ner Residenz befand, singende Kumpane an sich
