3448 4296
2683 438 2828 643 12
734 757 2845 984 te und wie ich da so recht eigentlich ein Mit
743 888 2851 1121 telding von Held und Narren wurde, davon will
745 1092 2378 1263 ich Ihnen eine Geschichte erzählen.
748 1218 2910 1428 Ich hatte damals einen Freund, einen mir wirk
757 1388 2950 1599 lich werten Freund, an welchen ich mich bereits
774 1499 2930 1735 in meinen Studentenjahren mit jener Wärme ange
780 1690 2939 1881 schlossen hatte, die mir in allen Gemütsbezteh
782 1815 3021 2020 ungen eigen war. Es war ein Mensch voll Marotten
794 1966 2950 2202 und voll Phantaste, ein Jüngling voll Begabung
797 2139 2916 2319 und Geist und war mir, abgesehen von dem herz
799 2273 3013 2498 lichen Verhältnisse, welches zwischen uns obwal
817 2418 2967 2643 tete, zugleich ein Gegenstand des Studiums und
811 2580 3061 2785 des Mitleids. Der ganze Mann war - wir Mediziner
808 2765 3038 2945 haben nun einmal diesen ganz trockenen Ausdruck
845 2888 3135 3112 "neuropathisch belastet", das heisst, mein Freund
836 3061 2913 3266 hatte von Vater und Mutter her ein unendlich
851 3212 3061 3440 feines und reaktives Nervensystem und damit zum
836 3368 3044 3553 mindesten die Netgung zu allen möglichen schwe
854 3528 3090 3724 ren Nerven-und vielleicht auch Geisteserkrankun
