3464 4328
2626 584 2758 689 34
657 892 2819 1115 Er hat sie nicht getötet, - er hat ste gehetra
675 1053 2811 1256 tet. Am Tage darauf war Benno und Ella aus der
672 1220 2796 1394 Stadt verschwunden und ich konnte nur mehr in
678 1382 2846 1578 Erfahrung bringen, dass sie sich in einem kaum
684 1517 2984 1731 eine Stunde von unserm Wohnort entfernten Flecken
698 1681 2852 1848 hatten trauen lassen. Von dort waren sie abge
698 1834 2555 1995 reist, ohne dass irgendiver wusste vohin.
704 1936 2925 2197 Ah, mein Prinz, wie weit, wir weit liegt das Al
716 2127 2957 2297 les hinter mir, als hätte es nie so lebendig, so
725 2265 2989 2497 schmerzensvoll an M mein Herz gegriffen, als wä -
736 2417 2869 2637 re es nur eine Geschichte mehr von den vielen,
739 2555 2948 2767 die sich vor einem abgespielt, der viel gesehen
745 2737 2992 2943 hat und manchmal seinen Gedanken darüber nachge
760 2863 2963 3086 hangen. Und doch, als ich dann nach kurzer Zeit
745 2995 3107 3242 als Schiffsarzt übers Meer fuhr und and den Küsten
789 3183 2981 3397 fremder Lande metnen Beruf nachging und als ich
725 3374 2802 3556 ewieder zurückkehrte und in der Heimat meine
772 3479 2928 3735 Hilfe den Leidenden angedethen liess.. nimmer
