3544 4408
2565 572 2697 684 73
639 1012 2756 1337 Der Fürst winkte unaufhörlich hinunter; manch
622 1035 1144 1192 Menschen.
653 1211 2742 1472 mal von Minute zu Minute schwoll der Lärm an,
679 1346 2815 1623 zu einem brüllenden "Hoch, hoch!" oder "Es lebe
695 1492 2759 1772 der Fürst!" Dann beruhigte es sich ein wenig.
684 1635 2854 1949 Da plötzlich - der Regent machte eine Handbewe-
712 1766 2972 2075 gung - ging es durch die Menge: "Er will sprechen
1164 1940 2975 2184 Da wurde es auf ein paar Sekunden ganz
740 2083 2804 2366 still- und dem Prinśen vor es auf einen Augen
751 2265 2865 2512 blick ganz wohl. Er fühlte die Nachtluft himm¬
768 2386 2863 2686 lisch seine Stirne kühlen, er konnte tief auf
777 2574 2874 2846 atmei, ein Schleter hob sich von seinen Augen
782 2686 3036 2975 und jetzt hörte er, wie der Fürst zu sprechen be¬
819 3006 3042 3286 In vielen schönen Worten dankte er dem Volke für
807 3036 1060 3174 gann.
838 3163 2958 3449 seine Liebe; er sprach von der tiefen Rührung.
836 3292 2989 3611 mit welcher er die herzerfreuenden Huldigungen
852 3440 3053 3782 entgegennähme; er wisse gar nicht, bis er seine
861 3622 3121 3925 Dankbarkeit einer Gemeinschaft so prächtiger Men-
