3448 4264
2712 548 2817 694 9
782 770 2931 997 eben, wenn es kühl genug geworden, sich in das
773 954 2960 1140 Schloss zurückzuziehen, wird meine einfache Ge-
784 1132 1831 1306 schichte zu Ende sein.
787 1289 2948 1435 "Die Strahlen fallen aber schon sehr schräge,
784 1464 1992 1627 sagte der Prinz scherzend.
793 1584 3012 1764 "Eben eine ganz kurze Geschichte, sagte Flimmer
770 1747 3106 1881 indem er sich auf die Bank setzte, auf welcher der
755 1896 2633 2044 Prinz schon vorher Platz genommen hatte.
782 2027 3018 2219 "Drei Jahre waren vergangen, seit ich promovtert
764 2205 3068 2359 worden. Ich war im Spital beschäftigt, versah mei
764 2403 3085 2505 nen Dienst mit Eifer, ja mit Begeisterung und leg¬
770 2505 3103 2665 te in alles, was ich tat, legte in die Art und Wei¬
767 2657 3059 2820 se, wie ich den Leidenden zu helfen trachtete, ei
747 2785 2969 2989 nen Solchen Enthustasmus hinein, dass manche ge¬
741 2937 3074 3135 neigt waren, über den jungen Schwärmer zu lächeln,
744 3091 3062 3255 welchen Sie, Prinz Marcell, als ergrauten, kühlen
741 3260 2992 3435 Philosphen vor sich sehen. Ich betete meine Wts
755 3427 3007 3581 senschaft an,was ich vielleicht mit um so grösse
741 3561 2910 3730 rer Inbrunst tat, als ich durch die glückliche
