3496 4280
2769 474 2910 601 83
782 816 1473 1010 berraschend...
742 943 2862 1137 J^n###sh auf und fasste den Doktor scharf tns
751 1137 2952 1327 Auge." Sie finden ihn bereits einige Zeit so lei¬
756 1310 1064 1465 dend?"
771 1434 3037 1612 "Leider!" versetzte zögernd Flimmer. "Eure Hoheit
754 1592 2927 1727 kennen die nervöse Anlage des Prinzen nicht we
754 1733 2856 1897 niger als ich.. es ist nicht ganz unverständ¬
759 1916 2938 2046 lich, dass die anstrengende geistige Arbeit der
762 2041 2865 2182 letzten Tage im Vereine mit der Aufregung des
759 2204 2870 2331 Festes eine exiltierte Stimmung hervorbringen
768 2371 3037 2492 durfte, welche sich nun in einer Weise äusserte.
773 2501 2309 2642 "Ja, diese Art und Weise eben....“
790 2642 2986 2783 Ich leugne nicht, mein Fürst, was wir heute hö¬
765 2800 2938 2944 ren mussten, geht weit über alles, was die Be-
782 2966 2419 3077 sorgtesten nur fürchten konnten....“
790 3116 2907 3220 „Sie haben aber doch nie und nimmer erwartet..
793 3268 2975 3415 "Nichts weniger als das, Hoheit! Sie sehen mich
773 3404 2870 3548 tief niedergedrückt von dem beklemmenden Ein
782 3554 2139 3700 drucke des heutigen Abends!"
