3464 4264
2734 442 2867 671 41
712 790 2876 982 der Hinsicht zersplitterten, die Ansichten auf
709 1008 2902 1162 den verschiedenen Gebietenm sich so barock ent¬
709 1136 2914 1275 wickelten?— Mussten die Anschauungen sich nicht
718 1316 2864 1441 schwankend gestalten, wenn überall herumgetrrt
712 1461 2969 1592 und nirgend stillgehalten wurde? In wie viel Wis¬
715 1633 2885 1737 senschaften hatte sich der Prinz schon umgetan¬
718 1755 3015 1885 und wie flüchtig überall! Wie begeistert und doch
715 1917 2992 2045 wie unklar stand der Prinz den Künsten gegenüber,
715 2051 2969 2214 die ihn alle anzogen und in denen keiner er sich
715 2217 2914 2341 doch zurechtfand! Gab es ja Tage, an welchen er
703 2356 2931 2522 Musik nicht hören konnte, und andere wieder, wo
718 2516 2614 2661 er weinen mochte, wenn ein Lied erklang!
712 2705 3047 2803 Und dann dieses Interesse an dexWeitx aller Welt,
715 2818 2972 2992 welches der Prinz dadurch bewies, dass er selbst
726 2978 2983 3123 in Schichten hinunterstieg, deren Mitglieder ihm
720 3126 2978 3277 nach Geburt und Rang leicht hätten fremd bleiben
723 3309 2975 3448 können und in deren Gesellschaft ihn dennoch al¬
712 3474 2983 3588 les mzuregen, vieles zu interessieren schien,wo¬
712 3582 2975 3759 bet es weniger den Eindruck machte, als hätte er
