3464 4280
2677 623 2820 786 44
709 889 2814 1135 dar nur ein problem für die Einzelnen sowohl,
706 1070 2033 1296 wie für die Allgemeinheit...
712 1227 2983 1439 Glück. Glück, welch alte Phasse; dass jeder dar
721 1370 2894 1564 nach strebt, keiner es erreicht! Zum mindesten
729 1516 2854 1727 das Glück als solches, so freundlich auch man
735 1670 2900 1896 chen das Glück des Momentes lächeln mag. - Und
744 1813 3040 2045 dieses momentane Glück, wie verschieden stellt es
752 2005 2920 2188 sich in den Köpfen Verschiedener dar? Jenes Ge
755 2136 2960 2331 lehrten höchste Sehnsucht ist die Ergründung ei
755 2322 2837 2488 ner tiefstännigen, mathematischen Formel; ein
772 2460 2911 2631 anderer findet setne Seligkeit in den Arman et
766 2605 3063 2783 nes Wet bes; der arme Mann draussen in der letzten
786 2768 2943 2954 Vorstadt trinkt Schnaps und empfindet Wonne im
769 2889 3069 3095 Fuselrausch.... und jeder von diesen hat ein Recht
786 3069 2903 3286 sich so oder so glücklich zu fühlen, denn die
775 3238 2857 3409 Elemente, aus denen stch das augenblickliche
792 3358 2992 3555 Wohlgefühl bei allen diesen zusammensetzt, sind
804 3518 3000 3712 an sich nicht wegzuleugnen und was das Ergebnis
804 3692 2883 3878 der Vereinigung dieser Elemente ist, darüber
