3464 4264
2584 543 2719 632 84
646 818 2831 993 "Oh, Doktor," flüsterte der Fürst mit utbrieren¬
640 993 2866 1146 der Stimme, indem er trüben Augas auf das blosse
637 1177 2754 1318 Gesicht des Prinzen schaute,"Ich bin niederge
640 1327 1226 1461 schmettert!"
637 1427 2857 1605 Er beugte sich über das Antlitz des tief Schlum¬
640 1625 2067 1757 mernden und fühlte seinen Atem.
640 1766 2774 1904 Langsam zog er sein Haupt wieder zurück, um es
655 1904 2739 2036 dann in die Hände zu stützen. Ein verhaltenes
646 2033 2883 2202 Schluchzen konnte Flimmer eher en der zitternden
655 2219 2782 2380 Bewegung des ganzen Körpers wahrnehmen, als er
658 2400 1091 2527 es hörte.
655 2521 2843 2656 Er selbst fuhr sich in schrecklichster Erregung
652 2662 2837 2797 mit den Fingern über Auge und Stirne. Er dachte
663 2834 2840 2943 nicht nach, er sah nur unaufhörlich das Trauri¬
666 2960 2888 3110 ge vor stch und liess es auf sich wirken. Plötz¬
669 3078 2897 3247 lich fuhr er zuf, er hörte wieder die Stimme des
663 3279 2808 3405 Fürsten, welcher sich von xxxe seinem Sessel
680 3434 2983 3595 erhoben hatte und, den Blick unbeweglich auf flim¬
