3384 4088
2780 445 2950 584 102
731 773 2866 962 Von einer nicht wegzubannenden Ahnung bedrückt
739 878 2844 1087 sprang dieser auf und fragte, aufs tiefste er
739 1051 2388 1240 schüttert hastig: "Sie haben gehört?
734 1251 2922 1368 Der Prinz machte eine bejaende Bewegung. Alles,
751 1401 1101 1543 alles!"
756 1498 2933 1696 Gebrochen senk Flimmer in seinen Sessel zurück.
751 1665 2938 1821 Da plötzlich sprang Marcell aus dem Bette, fiel
759 1807 2858 2024 zu den Füssen des Doktors nieder und schluch
778 1988 2866 2129 zend rief er aus, sein Gesicht mit den Händen
776 2113 2883 2291 verhüllend: "Du edler, edler Mensch! Erinnerst
776 2277 3008 2435 Dt Dich an Deine Geschichte neulich im Park, als
801 2430 2947 2638 die Sonne unterging?" Du wolltest mich vor dem
790 2560 2988 2772 Unglück schützen zu leben. Oh, warum ist es
790 2783 1565 2922 nicht gelungen!"
823 2886 2902 3080 "Mein Prinz, Marcell!" mehr konnte der Doktor
795 3014 2861 3222 nicht hervorbringen. Eine schwere Träne fiel
815 3161 2963 3375 auf das wirre Haar des verlorenen Jünglings zu
815 3389 1515 3536 seinen Füssen.-
