3464 4264
2673 499 2801 644 87
658 790 2712 943 fen vollkommen zu begreifen, was ich ahnungs
658 990 2737 1096 voll vermute, utelleicht dringt Ihnen aus der
661 1094 2765 1242 Geschichte, die ich Ihnen erzählen werde, die
656 1295 2754 1456 Deutung dieses Abends mit vernichtender Helle
670 1412 1406 1585 in die Augen...
681 1546 2840 1694 "Ich hatte nicht mit Unrecht den Ruf ein Freund
667 1744 2829 1855 der Frauen zu sein und auch zur Zeit, als mein
670 1914 2801 2017 Gemahlin noch lebte, wusste ich mich oft genug
661 2045 2843 2157 auswärts zu vergnügen, und dass es mir an Glück
661 2176 2843 2341 nicht fehlte, erfuhr ich in den verschiedensten
653 2341 2263 2478 Abenteuern mit besonderem Behagen.-
658 2480 2821 2609 Gerade, als meine Gemahlin das erste Kind unter
661 2634 2784 2768 dem Herzen trug...kein Mensch auf Erden ausser
658 2787 2812 2918 mir und Ihnen weiss heute, dass dies nicht Mar¬
667 2974 2737 3080 cell war.. hatte ich ein Verhältnis mit einer
658 3061 2868 3211 jungen Frau angeknüpft, die ich auf einer meiner
642 3200 2748 3376 Harun Al- Raschid-Wanderungen durch die Stadt
656 3395 2899 3501 kennen gelernt. Sie fesselte mich in ungewohntem
650 3507 2882 3674 Masse. Sie war von nicht gewöhnlichem Getste und
