3464 4280
2709 540 2828 690 47
778 917 2848 1130 wetter sinnend und in Gedanken verloren, die
778 1050 2994 1263 nun immer hastiger kamen und sich drängten, bis
798 1210 2861 1399 sich der Prinz an den Kopf griff, als wollte
814 1374 2836 1546 er des Ansturmssich erwehren, aufstand, zum
806 1504 2953 1709 Fenster ging und, mit einemmale von einem leb
814 1665 2975 1850 haften Bedürfnis nach Bewegung ergriffen, sein
812 1820 3028 2078 Zimmer, die Räume des Schlosses verliess und in
825 1947 3022 2194 den Park hinunter schritt, wo er sich bei Mond
842 2144 2598 2352 scheit in der kühlen Nachtluft erging.
828 2285 2950 2501 Nicht lange blieb er im Parke. Die Allee ward
859 2460 2867 2654 Ihm zu enge, es zog ihn hinaus, er verliess
853 2607 2537 2781 den Garten und trat auf die Strasse.
861 2753 2872 2961 In dem Augenblicke, als er draussen auf der
859 2889 3086 3086 Landstrasse stand und diese nun leer, still und
870 3050 3080 3238 unermesel ich lang und weiss, glänzend im fahlen
875 3208 3003 3410 Mondlichte vor ihm lag, überkam es ihn selbst
892 3393 1969 3571 wie eine Ueberraschung.
892 3523 2884 3748 Wie war, er plötzlich daher gekommen? Diese
900 3742 1454 3922 Mwosina
