3416 4312
2810 661 2936 771 70
641 968 2756 1114 wegung, diese Unruhe, die ihn quälte, die Ihn
641 1125 1814 1274 krank, wahnstnnig machte.
641 1263 2846 1415 Es überkam ihn wie eine Furcht vor dem heutigen
641 1403 2554 1564 Abend, die er sich nicht erklären konnte.
644 1595 2832 1721 Nun war er wieder unter den Menschen. Die Stir¬
644 1732 2891 1837 ne glihte ihm, der Lärm tat ihm wehe, drohte ihn
658 1912 2751 2005 zu betäuben. Nachgerade zog es an ihm vorüber
650 2042 2804 2185 wie ein Traum. Er wusste kaum wie er plötzlich
661 2211 2886 2306 de es acht Uhr geworden uor, auf seinen Platz an
655 2354 2796 2548 der grossen, mit hundert Gedecken besetzten, Ta
658 2478 1446 2641 fel gekommen war.
650 2669 2804 2784 Er sass zur-Seite seines Vaters; man begrüsste
661 2790 2796 2914 den Fürsten und ihn ehrfurchtsvoll. Die Teller
652 2981 2843 3116 klapperten, die Gläser klirrten, man rückte Ses
661 3099 2883 3248 seln und Lakaten eilten hin und her. Die Lichter
664 3265 2765 3428 in dem glänzenden Gemache flirrten und hatten
661 3389 1398 3566 einen roten Hof.
644 3527 2900 3710 Man richtete auch das Wort an ihn; er antwortete
661 3760 742 3853 tt
