3464 4312
2645 509 2795 660 24
715 816 2853 1068 Auch Ella, eine schwürmerische Natur und über
732 975 2885 1192 schnell sich in alles hineinfühlend, musste ja
735 1094 3047 1343 nicht wahrhaft lieben...vielleicht täuschten sich
758 1285 2955 1528 beide...Freilich gerade solche Naturen sind un
755 1380 2934 1678 berechenbar und was ihnen an Konsequenz der Em
758 1577 2940 1783 pfindung abgeht, ersetzt häufig genug die Ener¬
770 1728 2920 1930 gte des augenblicklichen, aber. umso heftigeren
773 1866 2998 2110 Gefühles! Vor. allen musste ich die beiden neben¬
787 2040 2969 2251 einander sehen, womöglich lange, öfter in ihrer
784 2179 2946 2405 Gesllschaft weilen, mich tief in das Geheimnis
784 2376 2842 2570 Ihres wechselsettigen Fühlens einschleichen.
784 2463 3015 2711 Mit dem Auge des Psuchologen wollte ich die bei¬
802 2651 3027 2833 den betrachten und auf genaue Kenntnis der Sach¬
804 2824 3010 2992 lage gestützt, in dem Momente eingreifen, wo er
813 2989 2601 3174 sich mir am günstigsten bieten mochte.
813 3064 2981 3316 Was sich da vor mir absptelte, was, wie es auf
831 3244 3131 3475 den ersten Blick schien, die echte und rechte Po¬
836 3438 3163 3652 etenliebschaft; es war ein Frühlingsstaum, der vor
831 3582 3053 3811 mir daherschwebte; ich war wie einer, der durch
