3432 4328
2673 426 2815 666 32
640 785 2873 982 "Sie liebt Dich nicht..“ Hatte ich es vermocht
643 988 2740 1130 ihm zu erzählen, wie Ella heute Abend mir, ja
982 1109 1080 1211 T
631 1121 2798 1300 mir, seinem Freunde, ihre Liebe, oder was sich
634 1289 2876 1454 bei ihr so nannte, gestanden? Nein, ich hatte es
631 1431 2749 1584 nicht vermocht; aber es war kein Zweifel, ich
643 1599 2919 1741 hatte es i^m gesagt, alles, ailes.. denn schwer
655 1720 2870 1912 atmend stand er vor mir, nachdem ich ausgeredet,
649 1897 2708 2039 und ich hatte die undeutliche Empfindung, er
657 2056 2983 2221 milsste auf mich stürzen und mich beim Halse packen
652 2216 2917 2381 dann sah ich – er suchte Worte - nein, nicht Wor
663 2343 2911 2499 te, er suchte Stimme überhaupt, aber nur ein mih
657 2517 2818 2656 volles Stöhnen drang ###us seiner Kehle. Endlich
660 2665 2769 2821 stiess er einen entsetzlichen, lang gedehnten
660 2806 2925 2977 Schret aus, dass ich erschauerte; ich wollte fra
675 2957 2824 3134 gen, wollte wieder sprechen, er winkte mir mit
678 3105 2827 3261 der gebietenden Miene des Unglücklichen Schvet
684 3279 2908 3441 gen zu, schaute mich mit Augen an, deren finste
684 3403 2972 3583 ren Ausdruck x ich nie vergessen kann und schritt
684 3583 2922 3751 der Türe zu. Ich verstellte ihm hastig den Aus¬
