3544 4424
2716 703 2828 835 72
708 1029 2912 1271 da klatschte er mit einem Male in die Hände und
722 1214 2980 1411 rief dem Redener "Bravo" zu, in das nun alle ein¬
739 1335 2837 1586 stimmten, so dass der Toaist und so dis ganzer
731 1549 2645 1735 Festmahl ungestört thren Fortgang nahmen.
742 1636 2997 1864 Endlich war es zu Ende der Fürst stand auf und
759 1825 2912 2033 damit war das Zeichen zum allgemeinen Aufbruch
770 1965 2941 2204 gegeben. Die Sessel wurden gerückt, es war dun¬
782 2106 2980 2381 stig und schwül tm Saale; die Leute schoben und
790 2271 2943 2525 drängten sich, ein unausstehliches Geräusch be¬
793 2398 2893 2673 nahm dem Prinzen alle Fassung. Er wollte sich
796 2578 2893 2792 retten - da stand er schon auff der Terrasse,
818 2718 2974 2986 ganz in der Nähe seines Vaters; und um ihn noch
818 2876 3028 3087 andere Leute, so viel, als auf dem Balkon Platz
818 3070 2131 3253 hatten, zwölf oder vierzehn.
827 3171 3011 3433 Ein dunkelbleuer Sternenhimmel starrte ihm ent¬
846 3337 3084 3567 gegen, aus der Tiefe unter dem Balkone drang ein
846 3489 3039 3750 lautes Summen von unendlich vielen Stimmen her¬
866 3638 3039 3916 auf - er schaute hinunter, es war schwarz von
