3448 4296
2628 477 2777 623 69
673 837 3020 992 Parkettboden und liess ihre Strahlen auf den kost-
688 1024 1949 1168 baren Möbelstücken spielen.
679 1147 2996 1299 Einsam, von keinem Menschen bemerkt, sass in die-
696 1293 3043 1457 sem Saale der Prinz in einem Lehnsessel. Sein dunk¬
696 1437 2926 1598 les Haar glitzerte bläulich von den Sonnenstrah¬
705 1566 2999 1750 Ien, die darauf lagen. Die blossen Hände ruhten ge
714 1709 2932 1911 faltet im Schoosse, die Augen waren geschlossen.
699 1887 2830 2069 Das Antlitz trug einen leidenden, beinahe mär
723 2048 2841 2215 tijrerhaften Zug. Stunden vergingen bis das Ge
723 2192 2932 2361 'brause das Festes wieder so heftig aus den näch
732 2361 2958 2505 sten Zimmern an das Ohr Marcells schlug, dass er
732 2505 2991 2713 aufsprang, um sich mitten inn das Treiben hinein
743 2710 1211 2841 zus türzen.
732 2824 2996 2970 Er musste wieder gefasst sein, er musste mit sei¬
749 2967 3073 3111 nem Vater abends bei der Tafel erscheinen, er muss
755 3108 3052 3277 te den Lichterglanz von unzähltgen weissen Kerzen
761 3228 3111 3435 in seine Augen brennen lassen, er musste die Trink-
767 3409 2988 3567 sprüche hören, er musste es ertragen, dieses un¬
773 3555 3032 3769 aufhörliche Summen von Menschenstimmen, diese Be¬
