3448 4264
2537 526 2668 725 88
676 884 2878 1071 Ich musste oft genug über die Originalität stau¬
671 1074 2790 1239 nen, mit welcher sie über alles dachte und ur¬
685 1210 2887 1375 teilte. Allerdings kam sie mir manchmal etuas ü
685 1335 2870 1531 berspannt vor, aber wie ich von ihr hörte, dass
693 1523 2793 1693 sie in die Arme ihres Mannes, mit welchem sie
690 1676 2901 1824 kaum zwei Jahre verheiratet war, eine echte Lie¬
707 1821 2989 2029 be geführt, tat ich mir auf meine Eroberung schon
301 1906 466 2043 que je mʼai
716 2017 1361 2159 etwas zu Gute.
710 2125 2730 2273 Ich verlebte mit ihr Stunden von ganz unsag
719 2222 2958 2424 barem Zauber. Eine bestrickende Eigentümlichkeit
725 2370 2938 2566 lag in ihrem Wesen und ihre Leidenschaft uar be
722 2568 2773 2725 rauschend und beängstigend zugleich. Niemals
719 2719 2958 2878 mischten sich Gewissensbisse in ihre Gefühle für
730 2873 2895 3026 mich und wenn sie je zuweilen von 9k ihrem man
2006 2986 2216 3077 meist,
730 3040 2935 3208 ne sprach, so geschah dies mit Ausdrücken
747 3182 2892 3353 des Unwillens. Sie etferte über sein zielloses
736 3333 2909 3520 Leben, über die geringen Aussichten für die Zu
742 3483 2824 3662 kunft, die ihr und ihrem Kinde, welches kaum
767 3642 2966 3804 ein halbes Jahr zählte, geboten seien. Was mich
