3480 4280
711 790 2879 1090 "Und sind es doch nicht mehr..." sagte Marcell
705 1107 1107 1284 langsam.
720 1166 3040 1375 "Es ist wahr, ich bin Ihnen eine Geschichte schul¬
717 1331 3081 1551 dig, Prinz, diese Bemerkung sollte mich wohl daran
720 1548 1310 1707 erinnern...."
711 1633 3029 1874 Marcell wandte sich um, er hatte Schritte gehört.
737 1827 2547 2053 In einiger Entfernung stand ein Lakai.
746 1989 1340 2136 "was gibts?"
743 2136 1786 2318 Der Diener trat näher.
781 2241 3087 2473 "Eure Hoheit, Graf Well ist vor einer Viertelstun¬
764 2476 1492 2641 de angekommen!"
784 2559 3026 2794 "Ach, es handelt sich wohl um die Ankunft meines
778 2788 1222 2905 Vaters."
778 2879 3108 3073 “Vielleicht Verfügungen!“ setzte der Doktor hinzu,
784 3020 3073 3225 "betreffs des Regierungsjubiläums Ihres hohen Va¬
796 3161 3131 3369 ters, welches ja auf diesem Schlosse gefetert wer¬
787 3375 1284 3516 den soll."
811 3396 3067 3722 "Mag sein. ich habe übrigens für den Augenblich
