3480 4280
2544 514 2664 640 45
747 795 2855 1019 steht ihnen keine Verfügungskraft mehr zu; und
747 938 2987 1171 jede Frage bezüglich der Berechtigung fällt weg,
755 1109 2347 1328 nachdem die Verantwortung fehlt.
758 1238 2953 1437 So folgte der Prinz dem xxx letchten Zug seiner
775 1393 3001 1581 Gedanken, wo sie ihn hinführen wollten und über
769 1581 2895 1769 liess sich einer Art von spekulierender Gräu -
764 1760 1064 1965 meret.
775 1884 2959 2047 Und ich - so dachte er - als Regent müsste be -
780 2024 2968 2190 dacht sein das Glück meines Volkes zu schaffen.
792 2162 2909 2341 Eine Forderung von einer erhabenen Lächerlich
795 2344 2990 2510 keit. Und so sehr ich im voraus die Fruchtlosig
797 2459 2889 2642 keit aller meiner Bemühungen einsehen musste,
809 2597 3015 2808 dennoch lastet ein ewiger Zwang auf mir und ein
803 2805 3046 2942 ununterbrochenes Arbetten in einer Richtung, das
803 2934 3012 3133 nie und nimmer zu einem gedethlichen Ziele kom¬
814 3085 2897 3285 men kann, muss mich in dieselbe Gemütsverfas
828 3212 3077 3431 sung bringen, in der sich etwa ein Mann befinden
362 3282 531 3428 -27/
825 3425 2934 3571 mag, der in einen Walde herummirrt, aus dem es
837 3571 3094 3734 keinen Ausweg gibt und den dabei das Bewusstsein
