3432 4312
2688 611 2819 723 15
732 897 2897 1048 Nacht und ich ergötzte mich an den wunderbaren
735 1050 2807 1212 Spielen seiner Phantaste, liess mich von den
735 1233 2885 1357 mannigfachen Eingebungen seines poetischen Ge
735 1372 2894 1493 ntes unterhalten, die bisweilen so rein, so
752 1473 2949 1655 schön, so unvermischt sich mir mitteilten, dass
752 1684 2905 1811 loh schon daran denken mochte, meines Freundes
744 1832 2830 1945 abnorme Organisation werde sich nur in einem
738 1965 2847 2092 hohen Idealismus und in den Ausflüssen einer
738 2115 1826 2272 wahren Poesie erweisen.
732 2283 3024 2410 Andere Stunden aber kamen und ganze Zeitperioden.
744 2463 2957 2570 in welchen er sich so sonderbar gab, in welchen
749 2593 2876 2697 sein ganzes Wesen einen solchen Stich ins Ver
735 2749 3024 2853 rückte bekam, dass ich ernstlich für ihn und sei¬
738 2871 2957 3056 ne Zukunft fürchten musste. Da spielte er nicht
738 3038 3007 3209 mehr mit den Ideen, da spielten sie mit ihm, sei
738 3221 3064 3342 ne Gedanken flogen; in wenigen Augenblicken durch¬
744 3365 2914 3496 flatterte sein entfesselter Geist die nächsten
732 3525 3047 3701 und die entferntesten Bereiche und sein ganzes in
741 3687 2940 3805 neres Leben atmete eine solch fieberische Haft,
