3480 4280
415 474 517 605 1
2866 511 2996 616 48
790 801 2760 980 Betrachtung blttzte nur durch seinen Kopf.
801 977 2809 1139 Schon hatten die Gedanken wieder Macht über
809 1122 2925 1289 ihn, deren vielfachen Verschlingungen er heute
815 1281 2976 1437 nachgehangen und ueiter sinnend schritt er die
812 1431 3019 1622 Landstrasse entlang, der nicht allzu jenen Stadt
821 1667 968 1752 zu
824 1730 3047 1931 Hoch regten die Akazien zu Seiten des Weges und
835 1883 2857 2050 warfen lange, unbestimmte Schatten; eine un¬
841 2019 3022 2207 endliche Ruhe umgab den Wandernden minutenlang.
841 2175 2962 2366 Doch nach einiger Zeit mischte es sich ab und
843 2312 2959 2516 zu wie ein dumpfes Geräusch in den melancholt
866 2530 3044 2672 schen Frieden. Die fernen Häusergruppen zeich -
861 2618 2954 2817 neten sich scharf in der klaren Nachtluft ab.
846 2797 3133 2993 Der Prinz näherte sich der schlafenden Stadt und
866 2965 2985 3118 es uor ihm, als könnte er Ihre tiefen, jedehn
886 3113 3164 3269 ten Atemzüge vernehmen. Näher und näher kam alles
875 3286 3110 3408 heran. Marcell empfand es, als käme es ihm ent -
889 3405 3096 3590 gegen gezogen. De grosse, schwarze Stadt stieg
895 3587 2985 3757 aus der Dunkelheft hervor, verwirtte Töne er
