3448 4280
582 757 1786 970 weiter nichts anzuordnen.
585 935 2184 1134 Der Lakai verbeugte sich und ging.
582 1018 2861 1279 "Sie müssen sich schon gewöhnen, Doktor Flimmer,
605 1243 2852 1415 sagte der Prinz,"meinen Beichtiger abzugeben und
617 1341 2825 1558 ich muss Ihnen gestehen, dass ich diesen Grafen
608 1522 2864 1736 nicht sehen kann. Er tst mir das Sinnbild aller
608 1674 2849 1875 Nüchternheit, aller Kälte, die man unter mensch-
617 1843 2789 2077 lichen Wesen nur finden kann. Mein Herz, meine
611 2045 2861 2181 Phantasie erstarrt, wenn ich ihm gegenüberstehe.
638 2169 2807 2383 Wenn mir eben die grandioseste, die glühendste
632 2297 2962 2487 Idee durch den Kopf gezückt hätte, in dem Momente,
647 2424 2896 2620 wo dieser Well mit seinem frontigen Gesicht, mit
650 2597 3036 2810 dieser schrecklichen, eisigen Physiognomte vor mich
650 2789 3000 2953 hinträte, ich hätte meine grandtosen glühende Idee
659 2914 2994 3113 unwiderruflich vergessen und meine Seele wäre wie-
677 3077 1884 3282 der kalt wie ein Etsfeld."
659 3208 3003 3442 So lebhaft hatte der Prinz das ausgesprochen, dass
674 3362 2914 3582 ihn der Doktor mit einem leisen Erstaunen ansah.
665 3505 2959 3733 Doch sagte er ruhig:“Er soll doch ein bedeutender
