3416 4248
2556 508 2646 613 3
703 816 3032 939 gang bieten könnten. Da hütete ich mich denn wohl,
703 978 3011 1049 die Jünglinge vorallem in jene Institute zu gelei¬
706 1133 3029 1208 ten, wo leicht ein gewisser melancholischer Schau¬
703 1274 2945 1357 der die ohnehin noch schwankenden Ideale zu er¬
691 1426 2975 1507 schüttern und zu zerstören pflegt-, und ich ver¬
682 1573 2936 1653 mied es, sie in die dumpfe Leichenatmosphäre der
679 1728 2927 1809 Sezierstle, zu den Betten schwer leidender Kran¬
685 1878 3029 1961 ken zu führen; dagegen spazierte ich gerne mit ih¬
676 2030 3008 2114 nen in den;geräumigen, blühenden Garten des Spita¬
679 2198 2966 2284 les umher, wo die eben Genesenden umherwandelten,
670 2341 2978 2413 vom schweren Kranken! ger erstanden, denen neu er¬
667 2491 2933 2571 wachter Lebensmut sich im Antlitz spiegelte; die
661 2646 2963 2733 mit neuer Lebensfreude die frische Luft, den Duft
667 2784 2266 2900 der Blumen und Bläten einsogen.“
685 2942 2915 3047 "Lebens freude...." widerholte Marcell ganz leise
652 3110 2293 3199 und mit einem matten Kopfschütteln.
664 3262 2903 3346 "Et, mein neunzehnjähriger Prinz,“ als er dieser
643 3421 3047 3510 Bewegung gewahr wurde...“ klingt Ihnen das „ort wie
655 3585 2891 3666 der zu heiter? Ist heute — und dabei lächelte er
