3448 4264
2792 521 2923 652 13
742 791 2842 1004 gen, als trauriges Erbteil überkommen. Sein
745 986 2990 1100 Vater war im Irrenhause gestorben, seine Mutter,
733 1088 2941 1248 eine hochgebildete, aber ungemein nerväse Frau,
724 1245 3002 1396 war kurz vor der Zeit, in welcher meine Geschich
724 1431 2917 1550 s te handelt ich wetss nicht mehr woran - ge
727 1603 2894 1702 storben und in ihrer Familie, insbesondere u
718 1757 3045 1873 eine ganze Menge der schwersten Nervenkrankheiten
713 1897 2851 2036 vorgekommen. Einer ihrer Brüder war melancho
718 2010 2944 2150 lisch, ein anderer war ein sehr berühmter Schau
718 2190 3019 2333 spieler. Ich erwähne das nicht nur nebenbet, denn
710 2342 2923 2458 die eigentümliche Verwandtschaft zwischen Gente
713 2446 2827 2624 und Wahnsinn ist eine ganz unbestreitbare, ja
695 2595 2877 2775 wissenschaftlich feststehende Tatsache. Meines
678 2816 2877 2932 Hel den Bruder war ich drücke mich eben in un
695 2981 2865 3069 serer medizinischen Terminologie aus - war nor
689 3127 2784 3208 mal, seine Schwester hingegen befand sich be
681 3211 2906 3374 reits seit langer Zeit in einer Heilanstalt für
672 3427 2955 3534 Nervenkranke, da sie an einer schweren Form von
666 3534 3005 3714 Melancholie litt. Und noch an manch andern nähern
