3464 4344
2785 512 2925 677 31
721 849 2884 1047 ein Freund nur einem warmen Herzen nahe stehen
721 1041 2957 1221 k'nn. – Und wieder zerflatterte vor mir das Wahn¬
730 1148 2945 1337 gebilde einer unsichern Zukunft und ich sch die
724 1294 3041 1521 lebendige Gegenwart vor mir, die ein Recht zu for
736 1451 2995 1640 dern hat und ihn sah ich vor mir, der auf diesem
724 1631 2986 1811 Rechte bestand und auszurufen schien: Armseliges
739 1779 3041 1939 Leben, gib mir meinen Teil Glück, das ich verlan¬
750 1899 2910 2117 gen darf, da.icl,,nun schon einmal die Last des
744 2111 1986 2256 Daseins auf mich genommen.
759 2239 2928 2393 Oh, mein Prinz, wenn ich Ihnen nur wiederholen
753 2413 2073 2570 könnte, was er damals sagte.
762 2535 3073 2704 Und dennoch; jetzt bezwang es mich. Ich hatte den
762 2713 3035 2864 Moment, ich durfte ihn nicht wieder.ungenützt da
765 2864 3070 3041 hingehen lassen.Jetzt musste tehs ihm sagen, dass
768 3012 3102 3184 Ella nicht das Weib für ihn sei, schonungslos sei¬
773 3146 2285 3312 ne trunkenen Gefühle vernichten.
782 3274 3088 3466 Wahrhaftig - ich sprach nicht, es sprach aus mir¬
788 3416 3076 3605 denn hätte ich selbst, ich, der Freund, der warm¬
797 3599 3088 3823 herzige, den Mut gefunden, meinem Benno zu sagen:
