3416 4328
2505 525 2658 645 25
619 821 2919 1018 ein Märchenland dahingeht, täppisch, mit klirren-
628 1039 1705 1194 den Alltagsschritten...
619 1162 2840 1317 Wenn ich manchmal'abends mit ihnen vor die Stadt
616 1314 2954 1514 hinauswandelte und mit ihnen in trgend einer Wald¬
622 1484 2940 1625 anlage auf einer Bank sass, vor uns aus einem höl
622 1640 2901 1772 zernen Tische die Gläser voll des duftendes Wei -
616 1787 2887 1960 nes - und die zwei sich, des unberufenen Dritten
622 1930 2975 2080 uenig achtend, ins Auge schauten, ous denen soviel
619 2124 2899 2221 unendliche Seeligkeit zu strahlen schien, und um
628 2236 2989 2385 uns die Bäume rauschten und dann, wie von ganz fer¬
619 2394 2940 2588 ne, auf dne anderen Tischen die Teller klapperten
631 2546 2837 2676 und die Gläser klangen und Leute, um die wir uns
616 2711 2922 2855 nicht kümmerten, kamen und gingen, die Gartenlam¬
622 2978 2887 3139 pen auf die Tische gesetzt und angezündet wurden
619 3157 2881 3295 und alles in solchem Frieden vor.mir vorüberzog;
619 3318 2945 3456 wenn die guten Geister des süssen Weines lächelnd
628 3427 2975 3623 und ruhig in meinen müden Kopf Einkehr hielten, da
631 3620 2878 3758 war mir oft, als vergässe ich alles, alles -den
637 3741 2943 3919 ganzen schönen Plan einer glücklichen Zukunft, die
