3496 4296
2697 516 2837 688 50
733 834 2766 1048 vorüberziehen sah, volle, klingende Stimmen
736 988 2861 1205 rauschen hörte, da war ihm, als hätte ihm ein
751 1151 2896 1368 abenteuerlicher Traum das ganze Bild eilfertig
748 1362 1362 1513 hingezubert.
742 1478 2923 1626 Das Lied verklang hinter der nächsten Strassen
727 1585 2923 1789 ecke und Prinz Marcell war nun, da es plötzlich
766 1754 2887 1944 still wurde, gänzlich erwachtund schler daran
772 1938 2033 2071 den Jünglingen nachzueilen.
777 2030 3166 2226 Was hatten sie nur gesungen, so jubelnd, so frisch!
772 2232 2843 2401 Ja, in der Nachempfindung besann er sich der
783 2365 2947 2540 Worte - ein wonntges, herrliches Freiheitslied
1166 2516 1344 2605 que dʼordre
789 2519 2917 2692 hatten sie hinausgeschmettert in die lauschen
801 2671 3003 2843 de Nacht; in jenen Worten und Tönen brauste der
795 2822 3015 2994 unbestimmte, süsse Drang des übervollen, kräfti
801 2988 2908 3187 gen Lebens nach Unbegrenzthett, Unermesslich
813 3157 1519 3324 keit, Freiheit.
807 3291 2985 3481 Und es war ganz natürlich, dass sich die Bedeu
825 3398 2991 3626 tung des verhallenden Sanges in die Ideenkette
