3464 4328
2681 410 2815 541 33
716 728 2868 952 gang und endlich kamen Worte aus seinem Munde:
425 771 527 847 "FJ
737 870 2964 1083 "Lass mich gehen." - Was willst Du - Mensch, wie
719 1019 3019 1275 aiehst Du aus - Du gehst hin sie tôten - Du gebst
734 1197 2870 1389 ihr sagen, dass sie nie die Deine werden kann.
742 1377 2935 1543 Da sah er mich mit einem verstörten Lächeln an.
763 1493 2964 1691 "Nie," und seine Augen suchten den Boden; plötz
751 1624 2958 1854 Jich erhob er sie wieder gross und starr, groff
754 1793 3022 1997 mit der Hand nach dem Kopf und flüsterte mit wut
766 1974 2885 2207 bebender Stimme: Vor zwet Tagen hätte ich sie
774 2175 1866 2303 noch verlassen können."
771 2288 2277 2475 Mir ahnte..Benno! rief ich aus.
795 2422 3004 2620 "Ja, ja Du errätst es," schrie er, drängte mich
792 2574 2943 2774 mit der Kraft des Verrückten von der Türe weg,
809 2693 2967 2923 dass ich fast umftal und eilte die Treppe hin
815 2978 1092 3112 unter.
815 3016 3031 3223 Ein paar Sekunden lag ich auf dem Bette regungs
815 3191 3159 3374 los, fassungslos, dann ergriff mich etne schreck -
836 3310 3039 3552 liche Unruhe. Er tötet stel ich eilte ihm nach,
844 3531 2064 3756 ohne ihn finden zu können.
