3448 4312
2695 471 2823 631 16
614 850 2814 992 die Beziehungen, welche er zwischen den hetero¬
623 978 2884 1179 gensten Dingen und Menschen auffand, uaren so
626 1135 2799 1292 berraschend und bizarr, dass sie oft genug die
626 1277 2858 1458 Spur jeder Logik verloren und nur als wahnwitzi-
637 1397 2980 1644 ges Spiel einer vollkommen überrettzten und krank¬
640 1586 2613 1755 haften lhantasie Csklärung finden konnten.
652 1746 2913 1961 Genug... ich liebte ihn sehr und hatte viel Angst
649 1926 1740 2084 um meinen teuren Benno.
643 2034 2965 2212 Da kam er eines Tages auf mein Zimmer. Es war ein
663 2206 2997 2380 heller, warmer Sommertag, ich erinnere mich daran,
669 2343 2977 2538 als wär es gestern gewesen. Sein Auge glänzte, ei
663 2488 2927 2680 ne unsagbare Freudigkeit lag in den Zügen seines
669 2657 2901 2826 blassen Gesichtes. In seiner gewohnten, absprin¬
693 2808 2913 2986 genden Manier machte er mich mit einer Liebesge
687 2965 2948 3137 schichte bekannt, die seit zwei oder drei wochen
687 3090 2986 3282 zwischen ihm und einem jungen Mädchen im Gang war
693 3242 2925 3445 und von der ich bisher noch kein Wörtchen erfah
698 3437 2927 3585 ren hatte. Ich hätte Mühe, Prinz, Ihnen die ein
