3480 4280
2760 420 2884 542 81
740 675 2907 845 Ein paar, die auf das Benehmen des Volkes neu
746 851 2930 973 gierig uiren, traten wieder auf den Balkon. Sie
746 990 2972 1152 brachten die Nachricht ins Zimmer, dass sich die
740 1160 2873 1293 Menge langsam zerstreue. Man konnte das leise,
740 1310 2910 1475 gleichsam ängstliche Schwirren von vielen Stim¬
735 1461 2944 1631 men vernehmen; der Wind wehte es mit übertriebe-
723 1614 2229 1770 ner Deutlichkeit in den Saal
1194 2087 2297 2243 * * * *... * * » * *
2334 2076 2643 2255 B & * * * 4
709 2343 2870 2510 Der Prinz lag in seinem Zimmer angekleidet auf
720 2510 2924 2655 dem Bette. Er war bewusstlos hingesunken jund me¬
715 2680 2998 2805 der der Fürst, noch Doktor Flimner, welche an der
709 2822 2930 2978 Seite des Kranken weilten, mochten es versuchen,
712 2978 2504 3080 ihn aus seinem tiefen Schlaf zu wecken.
698 3143 2831 3239 Die Türen waren fest verschlossen, die Fenster
698 3299 2933 3426 nicht minder, doch waren die Vorhänge nicht nie¬
706 3438 2933 3557 dergelassen und man konnte sehen, wie die Wipfel
837 3809 1659 4016 - - - -. - -'-
