3480 4344
2617 559 2771 710 64
692 846 2931 1038 Es war nicht das Licht einer Ampel, kein Kerzen
701 1044 2913 1224 licht. Den Schein warf dus Feuer des Kamins, da
701 1183 2934 1349 rin ein paar Blütter knisterten und verbrannten.
728 1346 1866 1505 "Das Problem des Glijcks
707 1479 2999 1650 Um fünf Uhr morgens bereits war es lebendig rings
704 1621 3079 1795 um das Schloss und «uch in den Gängen gab das arwa
713 1786 2576 1919 chen eines geschäftigen Tages sich kund.
701 1908 2878 2132 Die Sonne ging festesfreudig auf und die vögel
722 2115 2393 2242 in der Luft sagen fröhlich und laut.
707 2251 2931 2428 Die breite Landstrasse, an welcher der Park lag
719 2399 2972 2529 und die sich zur Stadt hinzog, sah in der hellen
707 2561 2928 2694 Morgenfrühe aus, wie gescheuert und geputzt und
728 2718 2981 2857 die paar Leute, die schon aufgestanden waren und
722 2848 2892 2993 im Freien herumspazierten, brachten, mit ihren
733 3017 2821 3147 schönsten Gewändern angetan, die rechte Sonn¬
733 3144 2857 3292 tagssstimmung in die lachende Natur mit heraus.
725 3330 2875 3466 Bald war die Landstrasse schwarz von Menschen,
728 3457 2860 3611 dte heraus gewallfahrtet kamen und in dem gan
739 3582 2949 3818 zen Dorfe herrschte ein Tretben, wie es niemals
