3448 4360
2692 526 2836 667 75
725 820 2902 1004 Ordnung aufzulehnen, die denen auf der Höhe al¬
722 995 2997 1165 les gegeben und ihnen nichts als Plage und Elend.
725 1162 3037 1314 Er sah alle diese Leute mit ihrem Recht auf Glück
736 1314 2954 1447 besiegt von dannen ziehen und den unerspriessli¬
745 1484 2919 1614 chen Kampf um eine unmögliche Gleichheit aufge¬
745 1645 2126 1783 bend, in die Grube sinken.
736 1772 2919 1918 Und jetzt wurde unten, da der Fürst eben zu En¬
748 1907 3037 2057 de gesprochen, ein ktosender Lärm laut; es war ein
748 2100 3014 2220 unendlicher Beifall, der sich brausend Luft mach¬
754 2241 2278 2407 te. dem Prinzen klang es anders
759 2379 3052 2540 Ihm war es, als verstände die Masse zu seinen Füs¬
765 2511 3026 2666 sen die unsägliche Ironte, die für ihn in der Re¬
768 2669 3011 2819 de des Regenten gelegen war; ihm war es, als hät¬
771 2807 2994 2991 ten die Menschen da unten alle mit ihm seinen I¬
765 3009 2977 3115 deengang durchflogen; die winkenden Hände starr
771 3132 3014 3288 tem ihm als geballte Fäuste entgegen, das Summen
771 3253 3063 3443 der Befriedigung drang als murrendes Gelächter zu
777 3460 3029 3575 seinen Ohren. Er hätte weinen mögen, aufschreten
779 3613 2980 3765 vor Mitleid - und stond de oben stumm und hatte
