3416 4312
2505 479 2637 616 38
710 765 2888 958 gnädigster Vater geruht, sich mir selbst gegen
718 923 2838 1127 über in den schneichelhaftesten Ausdrücken zu
718 1162 2984 1279 äussern. Umsomehr muss ich noch heute bedauern..
730 1250 3011 1425 "Ja," unterbrach ihn lächelnd der Prinz, "ich war
727 1425 2847 1580 damals verhindert dem Feste beizuwohnen - man
718 1586 2929 1740 hat mir aber nachträglich so viel erzählt, dass
736 1711 3005 1883 ich wirklich ärgerlich über mein Fernbleiben war.
730 1889 2967 2076 Ihnen, Doktor Fltmmer,“ er wandte sich vertrau¬
733 2015 2999 2178 lich zu diesem, "muss ich dann erzählen, wodurch
750 2193 2161 2339 Ich damals ferngehalten wurde.
739 2356 2894 2514 Der Graf streifte bei diesen Worten den Doktor
748 2514 2102 2625 mit einem unangenehmen Blick.
777 2625 3013 2768 "Also," furh der Prinz fort, "ich lege alles in
756 2789 2879 2938 Ihre Hände, machen Sie was Sie wollen; Fackel
759 2949 2961 3098 zug, Volksfest, Speisung der Armen - wie es Ih
759 3086 3107 3259 nen beliebt, ich baue auf Sie. Sind Sie vielleicht
777 3221 3031 3399 einiger Einzelheiten wegen im Zweifel, so bietet
768 3411 2935 3609 uns der morgige Tag Gelegenheit genug, darüber
774 3571 2897 3735 ins Klare zu kommen. Auf Wiedersehen und gute
