3416 4280
2558 477 2700 683 10
604 746 2938 927 Fügung des Schicksals nicht darauf angewiesen war,
607 942 2944 1102 durch die ärztliche Praxis mein Brot zu verdienen.
592 1084 2824 1262 Aber ich möchte wohl glauben, dass ich dieselbe
598 1235 3020 1398 Liebe zur Medizin, dieselbe Verehrung für die Gross
607 1401 2854 1579 artigkeit unserer Bestrebungen auch unter ungin¬
604 1528 2428 1755 sigeren Verhältnissen empfunden hätte.-
592 1706 2809 1872 Siedem, wie ihm holle, ich hatte einen solchen
589 1839 2881 2011 Ueberfluss an Herz, überströmte so von Humanttät,
592 2002 2794 2135 aber ich versichere Sie, mein Prinz, von wahrer
583 2147 2875 2298 Humanität - fasste zu jedem Menschen, im Momente,
577 2286 2932 2498 wo er krank und meiner Obhut übergeben wurde, eine
586 2449 2881 2582 so wunderliche Zuneigung, dass ich dem einen oder
586 2585 2893 2775 andern, der mich nicht näher Kennenden, leichtete
580 2784 2806 2954 wie ein Narr vorkommen mochte, während ich doch
577 2911 2839 3096 nichts war, als jung und masslos begeistert. Wie
580 3053 2800 3219 andre sich am Wein, an der Schönheit der Frauen
571 3216 2857 3425 berauschen, so ich an der Herrlichkeit meines Be¬
565 3376 2887 3555 rufes und dies selbst in den Augenblicken, wo ich
568 3530 2911 3672 sah, dass mich meine Kunst im Stiche liess, in Au¬
