3496 4296
2624 517 2756 643 54
634 807 2712 1014 des Prinzen, während er dem Mann nachblickte.
628 979 2762 1184 Ach dieser gehörte ja zu der Masse, welches er
640 1137 2849 1321 einst sein Volk nennen wird. Und jene nicht min¬
652 1277 2887 1450 der, dte du aus dem Dunkel der Gasse hervortauch
660 1452 2800 1599 ten, im armseligen Taglöhnergewande, am frühen
649 1602 2560 1754 Morgen zu threr schweren Arbeit wandernd.
660 1727 2817 1949 Sie zogen - so hatte es für thn wenigstens den
663 1873 2966 2084 Anschein - traurig, müde an ihm vorüber.Einer hus¬
687 2043 2791 2206 tete erbärmlich und schleppte sich kaum fort.
681 2224 1897 2408 Marcell schritt wetter.
687 2318 2829 2513 Aus dem engen Fenster einer Kellerwohnung fiel
701 2472 2963 2709 ein Lichtstreif; der Prinz bijckte sich und schau¬
710 2624 2899 2832 te in den schwach erhellten Raum. Auch hier woh¬
696 2773 2972 2984 nen Leute! Und gegen alle diese hat er Pflichten,
716 2963 2893 3127 oder wird sie haben in demselben Momente, da er
722 3098 2379 3311 die Regierung seines Landes antritt.
722 3259 2996 3449 Wie in einen dumpfen Traum befangen, wandelte der
722 3378 3028 3601 Prinz weiter; die Gedanken, die ihm über jene het¬
736 3563 3083 3752 ligen Pflichten durch das Hirn schossen verfolgen.
