3448 4296
2588 465 2726 618 18
673 802 2948 998 Ella sah. threm unglücklichen Vater, der nochmals
706 978 2866 1121 im Irrenhause storb, sehr ühnlich; ste war ein
700 1121 2933 1291 wunderschönes Mädchen mit grossen, klagenden Au
706 1268 3062 1461 gen aus denen eine märchenhafte, fremde Seele sich
714 1429 2386 1607 in die offene Welt herausträumte.
708 1543 2971 1733 Im Momente also, wo mein Freund zu mir sagte: El
717 1686 2977 1929 Ia ist meine Braut - da tat sich die Zukunft vor
714 1865 2930 2073 mir mit einem Male auf wie vor dem Bliche eines
720 2029 2904 2184 Sehers. Es zog eine lange unbeschretblich trau
729 2175 2974 2351 rige Bilderreihe an mir vorüber, wie sie nur der
738 2319 2898 2494 düsteren Phantaste eines denkenden Arztes sich
747 2488 2998 2638 bieten kann; eine zweite, eine dritte Generation
749 2638 3009 2799 sah ich vor mir erstehen, ein grosses, unendlich
735 2766 2992 2960 mitleidswertes Geschlecht von kranken, "nervösen,
758 2933 3062 3115 von blödsinnigen und wahnsinnigen, von belasteten
749 3094 3071 3270 Menschen, mit einem Worte...Oh, es liegt eine un¬
767 3214 2980 3449 endliche Tragik in diesen Worten! Wehe, ushe,
761 3364 3030 3586 ber diese traurige,unselige Generation, die ihre
761 3563 2930 3724 Existenz der Liebesextase zweter Unglücklichen
