3464 4328
398 448 496 549 the
2620 513 2778 700 26
697 819 2938 1039 Geschlechter einer späteren Zeit wurden mir un
700 991 2932 1181 endlich gleichgiltig, ja, ich ertappte mich dar¬
706 1166 2947 1321 auf, dass ich lachend bei mir inne ward, es gäbe
700 1297 2959 1469 doch nur eines, für das wir auf Erden leben: der
706 1448 2968 1638 holde, göttliche Augenblick! Und ich lehnte mich
709 1626 3062 1772 zurück und schloss die Augen..und mir war so wohl.
715 1727 3027 1911 Und einmal, es war ein warmer, vonniger Abend, er
721 1890 3104 2071 ging es wiederum so, wie ich eben zu schildern ver¬
727 2083 2923 2246 suchte; eine Art von diskretem Rausche umhüllte
721 2199 2965 2392 mich mit liebenswürdigem Zauber und dieweil, für
721 2368 3024 2513 mich ganz verschwommen, viele fremde Leute in dem
733 2513 2932 2680 geräumigen Garten auf und uwogten, einzelne on
736 2662 3027 2813 den Tischen in der freundlichen Anlage schmausend
733 2822 3057 2997 zechend sassen, sah ich nur das Liebespaar mit
742 2976 2962 3157 gegenüber und hörte Bennos Stimme, wie er in po¬
739 3149 2944 3282 etischer und manchmal etwas phrasenreicher Rede
736 3258 3054 3457 sein Glück unid seiner Ella Heldseligkeit und süs-
742 3413 3000 3620 se Liebe pries - und des Mädchen selbst. ja ich
742 3588 2962 3810 musste eine ganze Weile mit geschlossenen Augen
