3448 4360
2608 479 2747 659 74
667 862 2861 1027 schen beweisen könne, über die ein gutes Schick
673 984 2823 1178 sal ihn als Herrscher eingesetzt.- Heute schte¬
661 1160 2855 1314 nen ihm Alle so glücklich, dass er nur wünschen
673 1320 2919 1480 könnte.... Nun sprach der Fürst wetter, doch Mar¬
679 1427 2904 1677 cell folgte ihm kaum mehr; seine Gedanken schlu¬
679 1642 2829 1787 gen von hier an einen Seitenweg ein. Er dachte
682 1767 2971 1935 an den Gegensatz zwischen diesem rauschenden Fest
688 1935 2840 2086 tage und einem langen Jahr voll Klagen und Ent¬
688 2063 2829 2248 behrungen.- Der Jubel dieser Menschen erschten
693 2214 2924 2394 Ihm wie eine lächerliche Selbstt###uschung; es sah.
702 2370 2866 2521 sie vor sich, wie sie wirklich waren, unselbst
708 2524 2977 2689 ständig, von Vorurteilen befangen; er sch sie vor
711 2701 2907 2872 sich, an einem Werktage, krank, arm; er sah sie
705 2806 2956 2977 nach Freiheit ringend, sah sie hungernd, während
717 2971 3049 3157 thf Fürst und manche Andere, geradese Menschen wie
720 3139 3003 3310 ste, jeden Tag einen Festtag haben, Jeden Tag vor
728 3310 2878 3435 der reichlichsten Tafel sitzen, jeden Tag sich
734 3426 3043 3595 berauschen können- er sch sie wieder am Boden lte¬
731 3563 2930 3801 gen, zertreten, weil sie gewagt sich gegen eine
