3480 4312
2339 546 2756 740 98
688 865 2876 1148 füllt wurden. Ich konnte es unter dem Betstande
705 974 2933 1302 Jener xxxet Personen möglich machen, dass der Tod
717 1174 2928 1420 des Prinzen geheim gehalten wurde, so dass sogar
725 1302 2956 1585 die Fabel unter die Leute gebracht war, der Arzt
737 1482 2879 1751 habe an dem Neugeborenen eine eigentümliche Au
754 1619 2871 1908 genkrankhelt gefunden, die es notwendig mache,
774 1779 2945 2056 ihn für die ersten Lebenstage vollkommen von al¬
768 1942 2905 2205 lem Tageslichte abzuschliessen und xxxxxxxxxxx
785 2085 2936 2334 ihn dann möglichst bald in das saftige Grün et-
794 2308 1822 2505 nes Waldes zu bringen.
805 2374 3076 2619 Schier, unbegreiflich ist es mir heute, wie dieses
754 2468 3059 2799 Gewirr von Lügen, mit dessen ganzer Wirrheit ich
828 2691 3005 2948 Sie füglich nicht aufzuhalten brauche, von nie
843 2845 2945 3073 mandam durchschaut wurde und ich richtig nach
860 2993 2959 3256 zwet Jahren...der kleine Marcell war also tat
874 3130 3002 3379 süchlich nun ein Halbes Jahr älter, als es all
894 3296 2985 3556 gemein geglaubt wird... meinen Adoptivsohn an
903 3433 3082 3710 den Hof bringen konnte, wo bis zu dieser Stunde
911 3573 3139 3856 also kein Mensch wusste, dass es nicht mein Sohn
