3464 4312
2621 546 2751 687 57
609 849 2886 938 möchte ihr zu Füssen sinken, dieser starren, kal¬
618 1002 2883 1108 ten Geliebten- er möchte auf den Knien liegen vor
621 1157 2785 1322 dieser angebeteten Menschheit- er möchte rufen:
603 1305 2762 1472 Ich liebe Dich! Ich möchte sterben um Dich und
603 1443 2756 1596 Du weisst es nicht, Du verstehst as nicht.- Dn
615 1611 2756 1726 hast Millionen Herzen und bist als Ganzes doch
612 1769 2032 1914 nur ein Marmorbild- ein Stein! -
606 2361 2797 2479 Der Fürst wusste seit jeher das Leben zu gentes¬
214 2505 479 2621 le dernier
609 2528 2924 2647 sen und ohne dass dadurch dem Ernst, mit welchent
612 2650 2834 2791 er den Regierungsgeschäften oblag, der geringste
603 2831 2794 2950 Abbruch geschehen wäre, hatte er ###n einen gros
609 2956 2829 3106 sen Teil seiner Tage dem Lesen französischer Ho¬
600 3134 2797 3233 mane, einen guten Teil seiner Abende dem liebst
615 3296 2748 3388 chen Weine und- die Mehrzahl seiner Nächte den
606 3435 1749 3550 schönen Weibern geweiht. -
