3480 4280
2646 536 2780 639 51
722 840 1582 1023 Marcells einfügte.
719 983 2832 1158 Die Freiheit, nach welcher jene stch sehnten,
748 1158 2792 1298 ist keine, die ein Regent geben kann. Es war
742 1270 2846 1462 kein politisches Lied, das an des Prinzen Ohr
739 1413 2775 1625 vorbetgerauscht war, auch kein feuriges Stu
757 1597 2995 1774 den tenlied mit Beziehung auf wirkliche B Verhält
745 1783 2809 1918 nisse, ein Lied von jungen Leuten, denen das
762 1929 2818 2061 eben Bestehende niemils recht ist - nein, es
751 2078 2858 2213 war ein hoher Künstlersang von unsagbarer Ge
754 2193 3058 2370 walt und die Freiheit, welche jene meinen, ist die
768 2385 2866 2537 Unbeschränktheit, nach der Phantasten streben
760 2531 2843 2689 und jene wollen Fesseln abstreifen, die kein
762 2637 2961 2849 Fürst brechen kann, weil die Weltordnung selbst
765 2858 1525 3015 sie geschmiedet.
762 2995 2978 3176 Dem Prinzen war es, als müsste er das Lied noch
774 3141 2892 3293 einmal hören; nachdem er eine Wetle zerstreut
774 3285 2941 3437 weiter gegangen, kehrte er um und wollte die Ge
777 3448 2938 3609 sellschift erreichen, deren Tritte man noch in
