3432 4280
2797 92 2889 197 ¬
2592 560 2672 664 2
667 852 3041 974 Philosophie, gleich anfangs angeregt wurden, liegt
679 1046 3062 1141 einfach durin, dass ich es mit Ihnen etwa so halte,
661 1189 3050 1266 wie mit einem Wanderer, der sich auf eine Reise be¬
673 1332 3062 1430 geben will und den man früher auf eine Anhöhe führt
658 1495 3009 1564 wo man ihn von ferne das herrliche Land überschau¬
667 1638 2964 1725 en lässt, in dem er bald weilen soll, auf dass er
661 1808 2931 1880 dann mit froherem Mute über die holprige Strasse
661 1921 2410 2008 seinen Weg zu nehmen sich anschickt."
745 2085 2922 2198 So weise auch ich meinen Schillern gerne von Wei¬
643 2261 3006 2350 tem die schöne Gebiet, in das ich sie zu führen ge¬
646 2428 2901 2490 denke, bevor ich mit der beginne, was den so fa¬
649 2544 2261 2660 talen Namen“Anfangsgründe“ trägt.“
634 2714 2937 2818 "Und wie wir es, Doktor Flimmer," fragte Marcell,
634 2860 2988 2964 „ -Is Ste noch Arzt waren und in der Universität do¬
629 3000 1081 3083 zierten?"
629 3134 2997 3256 "Demals, mein Prinz, kam es manchmal vor, diss jun¬
617 3315 3003 3411 ge Leute zu mir kamen, um Näheres über die Anstren¬
617 3473 2979 3574 gungen und Vorteile zu erfahren, die sich ihnen in
608 3646 2958 3720 ihrer Lauftahn und des besondern in ihrem Studien¬
432 3893 530 4105 maas
366 4099 620 4143 de la rivreur de lʼannée.
