3496 4264
2722 436 2866 623 94
655 759 2947 918 was das kindische Volk mir selber schuldig ist,
750 955 2872 1103 soll es wenigstens meinem Bluten zahlen. Noch
759 1108 2909 1261 bis vor drei Tagen harrte ich darauf, dass die
753 1230 2947 1388 Leute kommen würden.... " so fuhr er fort, immer
774 1383 2817 1524 in salbungsvollen Tone und der bare Wahnstnn
759 1510 3048 1712 glotzte aus seinem Gesichte. „dass die Leute kom¬
765 1717 3005 1839 men würden, meine Schwelle zu küssen und vor mir
768 1853 3048 1994 sich niederzuverfen....jetzt aber weiss ich, dass
774 2012 2947 2121 das nie geschehen kann.- So sollen sie sich we
765 2170 3062 2286 nigstens vor meinem Sohne beugen, in dessen Adern
774 2303 3088 2453 ja das herrliche Blut seines Vaters rollt. An mei-
776 2462 2964 2606 nem Sohn will ich die Hoffnungen erfüllt sehen,
776 2618 3048 2733 welche ich mir nicht zu gedethlicher Wirklich¬
779 2762 2938 2892 keit entfaltenm sehen konnte. Vor meinem Sohne
794 2892 2935 3045 soll das Volk sich beugen; den Saum seines Fur
788 3065 3013 3218 purmantels sollen die Edlsten des Landes küssen;
797 3227 3077 3362 er soll dort der Fürst werden, wo sein Vater als
791 3334 3028 3515 einer wie die andern auf der Strasse hin und her
788 3466 3106 3715 geht, ohne das Zeichen seiner wahren Hohett stcht¬
