3416 4264
2639 417 2813 606 100
680 791 1828 963 setzlich bewahrheiten."-
680 874 2916 1080 Der Doktor, der während der ganzen Erzählung des
686 1068 2979 1240 Fürsten wie ein Fiebernder dagesessen war, fragte
703 1200 2882 1380 endlich nach einigem Zögern: "Wie hiess..jener
691 1385 1768 1548 Mann..Marcells Vater?"
700 1482 2782 1677 Der Fürst, der unverwandt den Schlafenden be
720 1665 2842 1831 trachtete, antwortete erst nach geraumer Zeit.
728 1808 2873 1954 wie er hiess?— Benno Richter. Die schöne Frau
711 2011 1340 2165 hiess Ella. "
714 2091 2885 2288 Doktor Flimmer musste an sich halten, um nicht
743 2254 2851 2445 aufzuschreten. Doch merkte der Fürst seine un
748 2431 1808 2639 geheure Erregung nicht.
771 2528 2931 2768 "Ich will Sie auf eine Weile mit Marcell allein
748 2725 2942 2905 lassen; ich muss auf eine Stunde wenigstens ins
745 2868 2816 3070 Freie, in die Luft! Schrecklich, schrecklich
765 3016 2573 3205 stürzt die Erinnerung auf mich herein!"
754 3150 3053 3356 Er ging. In der Türe drehte er sich um. Wie nennt
760 3313 2556 3496 Ihr es nur, Männer der Wissenschaft...
765 3505 2194 3682 Fragend sah der Doktor thn‘ an.
