<?xml version="1.0" encoding="UTF-8" standalone="yes"?>
<PcGts xmlns="http://schema.primaresearch.org/PAGE/gts/pagecontent/2013-07-15" xmlns:xsi="http://www.w3.org/2001/XMLSchema-instance" xsi:schemaLocation="http://schema.primaresearch.org/PAGE/gts/pagecontent/2013-07-15 http://schema.primaresearch.org/PAGE/gts/pagecontent/2013-07-15/pagecontent.xsd">
    <Metadata>
        <Creator>prov=READ-COOP:name=TrHtr:version=2.1.0:model_id=51170:date=14_08_2023_16:57</Creator>
        <Created>2023-05-10T14:28:35.361+02:00</Created>
        <LastChange>2023-08-14T16:57:36.006+02:00</LastChange>
        <TranskribusMetadata docId="1428635" pageId="55420543" pageNr="46" tsid="132817219" status="IN_PROGRESS" userId="64420" imgUrl="https://files.transkribus.eu/Get?id=CWIRUOVJBZHSUPEPKQIUFXKL&amp;fileType=view" xmlUrl="https://files.transkribus.eu/Get?id=UGXVGREYGHHBDHBQAFBOJDDQ" imageId="44694645"/>
    </Metadata>
    <Page imageFilename="1428635_0046.jpg" imageWidth="3448" imageHeight="4280">
        <ReadingOrder>
            <OrderedGroup id="ro_1711819899630" caption="Regions reading order">
                <RegionRefIndexed index="0" regionRef="tr_1"/>
                <RegionRefIndexed index="1" regionRef="tr_2"/>
            </OrderedGroup>
        </ReadingOrder>
        <TextRegion id="tr_1" custom="readingOrder {index:0;}">
            <Coords points="626,487 2951,487 2951,2663 626,2663"/>
            <TextLine id="tr_1_tl_1" custom="readingOrder {index:0;}">
                <Coords points="2601,574 2616,574 2630,563 2636,568 2656,563 2662,557 2671,566 2680,563 2703,583 2723,583 2717,452 2680,444 2665,450 2642,447 2627,464 2596,461"/>
                <Baseline points="2614,537 2659,543 2704,543 2730,543"/>
                <TextEquiv>
                    <Unicode>43</Unicode>
                </TextEquiv>
            </TextLine>
            <TextLine id="tr_1_tl_2" custom="readingOrder {index:1;}">
                <Coords points="609,998 652,1003 687,992 731,1012 760,995 777,1009 786,1000 847,1006 876,986 896,995 905,867 774,893 722,879 664,916 644,899 615,896"/>
                <Baseline points="626,990 638,987 683,984 728,981 773,978 817,975 862,975 907,975"/>
                <TextEquiv>
                    <Unicode>laden.</Unicode>
                </TextEquiv>
            </TextLine>
            <TextLine id="tr_1_tl_3" custom="readingOrder {index:2;}">
                <Coords points="612,1177 763,1137 1056,1183 1192,1128 1351,1177 1485,1102 1659,1140 2001,1061 2140,1088 2230,1058 2236,966 1978,937 1731,1012 754,1073 621,1035"/>
                <Baseline points="632,1140 671,1140 716,1137 761,1134 805,1131 850,1128 895,1128 940,1125 984,1119 1029,1119 1074,1119 1119,1113 1164,1110 1208,1110 1253,1104 1298,1098 1343,1098 1387,1092 1432,1089 1477,1089 1522,1083 1566,1083 1611,1080 1656,1080 1701,1077 1746,1074 1790,1071 1835,1068 1880,1062 1925,1059 1969,1059 2014,1053 2059,1050 2104,1047 2148,1050 2193,1047 2238,1053"/>
                <TextEquiv>
                    <Unicode>Verstimmt ging er auf sein Zimmer.-</Unicode>
                </TextEquiv>
            </TextLine>
            <TextLine id="tr_1_tl_4" custom="readingOrder {index:3;}">
                <Coords points="635,1795 2619,1656 2772,1627 2778,1525 2024,1604 1850,1525 1334,1641 647,1595"/>
                <Baseline points="653,1746 677,1740 722,1737 767,1734 811,1731 856,1731 901,1725 946,1728 990,1722 1035,1719 1080,1716 1125,1716 1169,1710 1214,1707 1259,1704 1304,1704 1349,1704 1393,1701 1438,1698 1483,1695 1528,1692 1572,1689 1617,1683 1662,1680 1707,1677 1751,1671 1796,1668 1841,1665 1886,1662 1931,1662 1975,1656 2020,1656 2065,1653 2110,1650 2154,1647 2199,1644 2244,1641 2289,1641 2334,1635 2378,1632 2423,1632 2468,1626 2513,1623 2557,1620 2602,1617 2647,1614 2692,1614 2736,1611 2781,1614"/>
                <TextEquiv>
                    <Unicode>Der Prinz sass allein an seinem Schreibtische.</Unicode>
                </TextEquiv>
            </TextLine>
            <TextLine id="tr_1_tl_5" custom="readingOrder {index:4;}">
                <Coords points="647,1908 2500,1827 2804,1789 2851,1694 2094,1688 1995,1754 652,1839"/>
                <Baseline points="662,1898 707,1892 752,1889 796,1886 841,1883 886,1880 931,1880 975,1874 1020,1874 1065,1871 1110,1868 1155,1865 1199,1862 1244,1859 1289,1856 1334,1856 1378,1853 1423,1850 1468,1847 1513,1844 1557,1838 1602,1838 1647,1832 1692,1832 1737,1826 1781,1823 1826,1820 1871,1817 1916,1814 1960,1811 2005,1811 2050,1805 2095,1802 2140,1799 2184,1799 2229,1799 2274,1793 2319,1790 2363,1787 2408,1784 2453,1781 2498,1778 2542,1775 2587,1772 2632,1769 2677,1766 2722,1763 2766,1763 2811,1757 2856,1751"/>
                <TextEquiv>
                    <Unicode>Es war spät Abend. Doktor Flimmer hatte den Ein-</Unicode>
                </TextEquiv>
            </TextLine>
            <TextLine id="tr_1_tl_6" custom="readingOrder {index:5;}">
                <Coords points="667,2050 2665,1966 2851,1946 2856,1865 673,1958"/>
                <Baseline points="683,2044 710,2044 755,2041 799,2038 844,2035 889,2032 934,2029 978,2026 1023,2023 1068,2023 1113,2020 1158,2014 1202,2014 1247,2011 1292,2008 1337,2005 1381,2002 1426,1999 1471,1996 1516,1993 1560,1990 1605,1987 1650,1984 1695,1984 1740,1978 1784,1978 1829,1972 1874,1972 1919,1969 1963,1966 2008,1963 2053,1960 2098,1957 2142,1954 2187,1951 2232,1948 2277,1945 2322,1943 2366,1940 2411,1937 2456,1934 2501,1934 2545,1928 2590,1925 2635,1925 2680,1922 2724,1919 2769,1916 2814,1910 2859,1901"/>
                <TextEquiv>
                    <Unicode>samen bereits seit mehr als einer Stunde verlas¬</Unicode>
                </TextEquiv>
            </TextLine>
            <TextLine id="tr_1_tl_7" custom="readingOrder {index:6;}">
                <Coords points="676,2201 2424,2158 2944,2105 2949,2016 1273,2044 679,2132"/>
                <Baseline points="692,2199 713,2196 758,2193 802,2190 847,2187 892,2187 937,2184 981,2181 1026,2178 1071,2175 1116,2169 1161,2169 1205,2163 1250,2163 1295,2157 1340,2157 1384,2151 1429,2151 1474,2148 1519,2145 1563,2142 1608,2137 1653,2137 1698,2131 1743,2128 1787,2128 1832,2128 1877,2125 1922,2122 1966,2119 2011,2113 2056,2110 2101,2107 2145,2107 2190,2101 2235,2101 2280,2098 2325,2095 2369,2092 2414,2089 2459,2089 2504,2086 2548,2083 2593,2080 2638,2077 2683,2077 2727,2074 2772,2071 2817,2068 2862,2062 2907,2059 2951,2056"/>
                <TextEquiv>
                    <Unicode>sen. Im Schlosse ward es vollkommen stille, alles</Unicode>
                </TextEquiv>
            </TextLine>
            <TextLine id="tr_1_tl_8" custom="readingOrder {index:7;}">
                <Coords points="676,2369 2822,2265 2828,2166 682,2279"/>
                <Baseline points="692,2345 728,2348 773,2342 817,2339 862,2336 907,2334 952,2331 996,2331 1041,2328 1086,2325 1131,2322 1175,2319 1220,2316 1265,2313 1310,2310 1355,2307 1399,2304 1444,2301 1489,2298 1534,2295 1578,2292 1623,2289 1668,2286 1713,2283 1757,2280 1802,2277 1847,2277 1892,2274 1937,2271 1981,2271 2026,2268 2071,2262 2116,2262 2160,2259 2205,2256 2250,2253 2295,2250 2339,2244 2384,2241 2429,2244 2474,2241 2519,2238 2563,2235 2608,2232 2653,2229 2698,2226 2742,2220 2787,2217 2832,2217"/>
                <TextEquiv>
                    <Unicode>hatte sich zur Ruhr begeben. Durch die offenen</Unicode>
                </TextEquiv>
            </TextLine>
            <TextLine id="tr_1_tl_9" custom="readingOrder {index:8;}">
                <Coords points="682,2520 2129,2422 2390,2480 2941,2387 2944,2326 2740,2274 687,2448"/>
                <Baseline points="701,2501 707,2501 752,2501 796,2495 841,2495 886,2492 931,2489 975,2486 1020,2480 1065,2480 1110,2477 1155,2474 1199,2471 1244,2471 1289,2465 1334,2465 1378,2459 1423,2456 1468,2453 1513,2450 1557,2450 1602,2447 1647,2447 1692,2441 1737,2438 1781,2435 1826,2435 1871,2429 1916,2426 1960,2423 2005,2420 2050,2417 2095,2417 2140,2414 2184,2408 2229,2408 2274,2405 2319,2399 2363,2396 2408,2396 2453,2393 2498,2393 2542,2390 2587,2387 2632,2384 2677,2378 2722,2378 2766,2372 2811,2372 2856,2369 2901,2366 2945,2363"/>
                <TextEquiv>
                    <Unicode>Fenster,des Gemaches strömte eine weiche, blüten¬</Unicode>
                </TextEquiv>
            </TextLine>
            <TextLine id="tr_1_tl_10" custom="readingOrder {index:9;}">
                <Coords points="690,2688 771,2712 856,2665 1024,2665 1050,2642 1108,2674 1209,2633 1241,2656 1325,2627 1357,2651 1436,2639 1441,2538 1230,2517 1148,2558 861,2555 696,2596"/>
                <Baseline points="710,2653 731,2653 776,2653 820,2650 865,2647 910,2644 955,2641 999,2641 1044,2638 1089,2635 1134,2635 1178,2629 1223,2626 1268,2620 1313,2623 1358,2620 1402,2620 1447,2617"/>
                <TextEquiv>
                    <Unicode>duftende Luft...</Unicode>
                </TextEquiv>
            </TextLine>
        </TextRegion>
        <TextRegion id="tr_2" custom="readingOrder {index:1;}">
            <Coords points="713,2627 3077,2627 3077,3746 713,3746"/>
            <TextLine id="tr_2_tl_1" custom="readingOrder {index:0;}">
                <Coords points="705,2816 2581,2746 2816,2712 2822,2630 2114,2613 708,2746"/>
                <Baseline points="722,2808 767,2805 811,2802 856,2799 901,2799 946,2793 990,2790 1035,2787 1080,2784 1125,2784 1169,2781 1214,2778 1259,2778 1304,2775 1349,2772 1393,2766 1438,2766 1483,2763 1528,2760 1572,2757 1617,2751 1662,2751 1707,2745 1751,2745 1796,2742 1841,2739 1886,2736 1931,2733 1975,2730 2020,2727 2065,2724 2110,2722 2154,2719 2199,2716 2244,2710 2289,2707 2334,2707 2378,2704 2423,2701 2468,2698 2513,2695 2557,2695 2602,2692 2647,2689 2692,2686 2736,2683 2781,2680 2826,2677"/>
                <TextEquiv>
                    <Unicode>Vor Marcell lagen beschriebene Blätter Papier.</Unicode>
                </TextEquiv>
            </TextLine>
            <TextLine id="tr_2_tl_2" custom="readingOrder {index:1;}">
                <Coords points="696,2972 2126,2932 2830,2856 2862,2770 2468,2738 2047,2842 702,2886"/>
                <Baseline points="713,2963 719,2963 764,2957 808,2954 853,2954 898,2948 943,2945 987,2945 1032,2942 1077,2936 1122,2933 1167,2930 1211,2927 1256,2924 1301,2921 1346,2921 1390,2918 1435,2916 1480,2913 1525,2910 1569,2907 1614,2904 1659,2898 1704,2898 1749,2895 1793,2895 1838,2892 1883,2886 1928,2883 1972,2880 2017,2880 2062,2877 2107,2871 2151,2871 2196,2868 2241,2865 2286,2862 2331,2859 2375,2856 2420,2853 2465,2850 2510,2847 2554,2844 2599,2841 2644,2838 2689,2835 2733,2832 2778,2829 2823,2826 2868,2823"/>
                <TextEquiv>
                    <Unicode>Einige Buchstaben haben sich gross ab: Problem</Unicode>
                </TextEquiv>
            </TextLine>
            <TextLine id="tr_2_tl_3" custom="readingOrder {index:2;}">
                <Coords points="722,3132 2949,3036 3030,2909 731,3010"/>
                <Baseline points="740,3118 749,3115 793,3110 838,3107 883,3104 928,3101 972,3101 1017,3098 1062,3095 1107,3089 1152,3089 1196,3086 1241,3080 1286,3083 1331,3074 1375,3074 1420,3071 1465,3068 1510,3065 1555,3065 1599,3059 1644,3056 1689,3053 1734,3053 1778,3047 1823,3047 1868,3041 1913,3041 1957,3038 2002,3035 2047,3032 2092,3029 2137,3029 2181,3023 2226,3020 2271,3017 2316,3014 2360,3011 2405,3011 2450,3008 2495,3002 2539,2999 2584,2999 2629,2993 2674,2993 2719,2990 2763,2984 2808,2981 2853,2981 2898,2978 2942,2975 2987,2972 3032,2972"/>
                <TextEquiv>
                    <Unicode>des Glücks" waren die Worte, die da zu lesen stan¬</Unicode>
                </TextEquiv>
            </TextLine>
            <TextLine id="tr_2_tl_4" custom="readingOrder {index:3;}">
                <Coords points="742,3294 2813,3199 2955,3152 2961,3071 748,3202"/>
                <Baseline points="758,3268 767,3265 811,3265 856,3265 901,3262 946,3259 990,3253 1035,3250 1080,3244 1125,3241 1169,3238 1214,3235 1259,3235 1304,3235 1349,3229 1393,3226 1438,3223 1483,3220 1528,3220 1572,3217 1617,3211 1662,3208 1707,3205 1751,3202 1796,3199 1841,3196 1886,3193 1931,3193 1975,3190 2020,3187 2065,3184 2110,3181 2154,3181 2199,3175 2244,3172 2289,3172 2334,3169 2378,3169 2423,3166 2468,3163 2513,3163 2557,3157 2602,3154 2647,3151 2692,3148 2736,3142 2781,3139 2826,3139 2871,3133 2916,3133 2960,3139"/>
                <TextEquiv>
                    <Unicode>den. Der Prinz sah starr auf diese Anfangsworte.</Unicode>
                </TextEquiv>
            </TextLine>
            <TextLine id="tr_2_tl_5" custom="readingOrder {index:4;}">
                <Coords points="734,3422 2726,3352 2993,3318 2999,3222 740,3323"/>
                <Baseline points="749,3420 764,3420 808,3420 853,3417 898,3417 943,3411 987,3408 1032,3402 1077,3399 1122,3396 1167,3396 1211,3390 1256,3390 1301,3387 1346,3384 1390,3381 1435,3378 1480,3375 1525,3372 1569,3372 1614,3366 1659,3363 1704,3363 1749,3360 1793,3357 1838,3354 1883,3351 1928,3348 1972,3345 2017,3342 2062,3339 2107,3336 2151,3333 2196,3330 2241,3327 2286,3324 2331,3321 2375,3318 2420,3315 2465,3315 2510,3312 2554,3312 2599,3307 2644,3304 2689,3301 2733,3298 2778,3295 2823,3292 2868,3289 2913,3289 2957,3286 3002,3283"/>
                <TextEquiv>
                    <Unicode>Offenbar waren seine Gedanken von dem Sinn dieser</Unicode>
                </TextEquiv>
            </TextLine>
            <TextLine id="tr_2_tl_6" custom="readingOrder {index:5;}">
                <Coords points="745,3573 893,3628 2833,3497 2903,3373 748,3494"/>
                <Baseline points="761,3572 799,3572 844,3569 889,3566 934,3566 978,3563 1023,3560 1068,3557 1113,3554 1158,3551 1202,3548 1247,3545 1292,3542 1337,3542 1381,3539 1426,3533 1471,3530 1516,3530 1560,3527 1605,3521 1650,3521 1695,3518 1740,3515 1784,3512 1829,3506 1874,3506 1919,3506 1963,3501 2008,3501 2053,3495 2098,3495 2142,3492 2187,3489 2232,3486 2277,3486 2322,3480 2366,3477 2411,3474 2456,3471 2501,3468 2545,3468 2590,3462 2635,3459 2680,3459 2724,3456 2769,3453 2814,3450 2859,3444 2904,3447"/>
                <TextEquiv>
                    <Unicode>Worte ausgegangen und seine Augen weilten noch</Unicode>
                </TextEquiv>
            </TextLine>
            <TextLine id="tr_2_tl_7" custom="readingOrder {index:6;}">
                <Coords points="742,3741 1749,3756 2526,3642 3033,3700 3074,3547 748,3616"/>
                <Baseline points="758,3736 793,3733 838,3730 883,3727 928,3724 972,3724 1017,3721 1062,3718 1107,3715 1152,3712 1196,3709 1241,3709 1286,3706 1331,3703 1375,3700 1420,3697 1465,3695 1510,3692 1555,3689 1599,3686 1644,3680 1689,3680 1734,3677 1778,3674 1823,3671 1868,3671 1913,3668 1957,3665 2002,3665 2047,3659 2092,3659 2137,3653 2181,3653 2226,3647 2271,3647 2316,3641 2360,3641 2405,3638 2450,3635 2495,3632 2539,3632 2584,3629 2629,3626 2674,3623 2719,3620 2763,3620 2808,3617 2853,3614 2898,3611 2942,3608 2987,3602 3032,3599 3077,3599"/>
                <TextEquiv>
                    <Unicode>mechanisch darauf. "Problem des Glücks"- und immer¬</Unicode>
                </TextEquiv>
            </TextLine>
        </TextRegion>
    </Page>
</PcGts>
