3464 4344
2791 506 2919 680 30
720 848 2919 1068 Vielleicht tat auch die eigene Stimmung, in der
723 971 2970 1228 Ich mich eben befand, noch das ihrige dazu, dass
737 1151 2925 1360 ich, als ich seine Reden hörte, weinen, bitter
731 1328 2905 1525 lich weinen musste. - Nie habe ich die Sprache
743 1462 2953 1657 der Liebe so wundersame Töne finden hören.- Und
737 1654 2985 1797 mitten durch den vollen Klang der herrlichen Ak¬
748 1802 2925 1948 korde, in welchen er der Anbetung für seine Ge
754 1919 2993 2131 liebte Ausdruck lieh, tönte es manchmal schrill,
774 2059 2882 2274 disharmontsch heraus, wie der Aufschrei eines
774 2282 2042 2434 dumpfen, elenden Schmerzes!
763 2388 2956 2579 Dabei wusste er auch nicht im entferntesten da¬
783 2531 3076 2736 von, dass ihre Seele ihm nicht treu war..und doch
783 2673 3070 2893 stahl es sich in seine flammendsten Worte hinein.
783 2856 2990 3042 wie eine Ahnung von tiefem Unglück, das ihm be
797 3062 1548 3202 schieden sei....
794 3150 3005 3342 Jetzt musst ich thms sagen.. Und ach, ich konnt
805 3310 2988 3490 es nicht! Er wäre der unseligste von allen Men¬
808 3447 3099 3636 schen gevorden und nie fühlte ich deutlicher, als
817 3605 3025 3845 in jener Stunde, dass er mir so nahe stand, wie
