3400 4344
2655 577 2786 782 21
627 923 2868 1061 ung lächeln, die ich seiner Zeit an die Menschen
627 1072 2868 1254 stellte, muss ich lächeln, dass ich vergass, wie
612 1254 2860 1398 wir ja alle nur in dte blanke Gegenwart vernarrt
609 1380 2898 1565 sind, die ja das Einzige vorstellt,was uns sicher
612 1527 809 1653 tst.
589 1673 2766 1840 Es will selten irgend wer dem nächsten Freunde
592 1852 2848 1972 nur einen Bruchtetl Glück opfern und sein Lebens
586 1998 2948 2174 glück sollte man hingeben, für eine Welt, die noch
589 2130 1717 2282 gar nicht existiert?
574 2271 2825 2449 Da mich aber meine ideale Gesinnung damals diese
574 2464 2786 2570 Kleinigkeiten übersehen liess, so musste es ein
580 2614 2836 2751 andrer Grund sein, der mich obhielt meinem Freun
580 2763 2792 2904 de Benno rund heraus die Wahrheit zu sagen. Ich
571 2868 2874 3068 dürfte es ihm eben nicht sagen, dass er krank, we¬
554 3074 2687 3173 nigstens fer mein weiterblickendes Auge schon
560 3194 2836 3358 krank war, weil ich ihn mit seinem erregbaren Ge¬
539 3349 2816 3537 müte, seiner so unsichern Stimmung vielleicht im
530 3531 2854 3709 Kerne seines xxxx Lebens angegriffen hätte, sei
545 3671 2839 3847 nen Frieden zerstört und - Sie sehen, jetzt kommt
