3416 4280
2647 370 2777 512 92
616 662 2765 969 gestützt und liess das Messer etbige Sekunden
616 845 2950 1099 lang vor meinen Augen hin und her spielen, mir die
625 1024 2916 1238 Gefahr andeutend, in welche ich mich begäbe, wenn
648 1166 2826 1397 ich einen neuen Angriff wagen wollte. O, es war
651 1417 1264 1556 für chterlich.
645 1484 2812 1686 Das junge Weib war regungslos auf thr Bett ge
659 1628 2794 1845 sunken und stöhnte, die Hand vor die Augen ge
680 1779 2812 2005 drückt, d- sie uns offenbar noch im Ringkampfe
674 2042 1012 2158 wähnte.
683 2042 2754 2282 Jetzt aber sah sie auf, als er, noch in der
706 2204 2849 2435 selben Stellung wie früher, die Knte auf meine
706 2383 2809 2603 Brust gepresst, das Messer in den Händen, mit
723 2548 2843 2733 dem Hohne eines Verrückten zu sprechen anfing.
749 2678 2921 2887 "Hoheit, ich habe die Ehre Sie zu kennen, nicht
735 2785 3017 3052 heut das erstemal sah toh Sie in mein Haus schlei
746 2985 2965 3216 chen und ich erkenne eine weise Schickung darin,
755 3135 2884 3347 dass Sie endlich in meine Gewalt gegeben sind.
749 3280 2852 3503 Aber Sie können Ihr Leben noch retten,Hoheit,
769 3436 2881 3737 wenn Sie mir Ihr Ehrenwort geben, eine kleine
