3464 4328
2726 442 2866 576 63
783 763 2463 995 heute meiner Müdigkeit nachzugeben."
772 886 2886 1144 Dem Fürsten die Hand küssend und sich vor der
794 1068 2944 1317 Tischgesellschaft leicht verbeugend, entfernte
808 1219 2343 1468 sich Marcell langsamen Schrittes.
805 1351 3054 1588 Man schaute ihm nach, dem Fürsten sah keiner ins
828 1490 2922 1745 Gesicht. Die Türe fiel hinter dem Prinzen zu.
864 1650 2986 1913 "Et," sagte der Fürst, "nun wird er sicher gut
844 1913 1311 2089 schlafen."
842 1969 2970 2226 Man rückte die Sessel, die Gläser, die Unter
856 2167 2111 2388 haltung kam wieder in Gang.
853 2287 3014 2522 Man redete nun, ohne weiter des Zwischenfalles
867 2413 2984 2656 zu gedenken, den zu besprechen, jeder absicht
892 2567 3031 2779 lich vermied, über dies und jenes; doch wollte
886 2721 3000 2986 die alte Fröhlichkeit nicht mehr durchgreifen
898 2844 3140 3140 und nach einer kurzen Weile erhob sich der Fürst
906 3023 2497 3286 von der Tafel; die andern folgten.
912 3157 3165 3403 Um Mitternacht war es.dunkel im Schloss, nur aus
926 3356 2984 3599 den Gemächern des Prinzen drang ein leichter
926 3582 1910 3708 Schein in den Garten.
