5239 4167
2683 1015 3491 1194 Mittoor St 30 p.m.
1959 1256 3322 1542 Sehr verehrter Herr Schützler,
2148 1528 3371 1748 noffentlich erreicht sie diese
1972 1649 3447 1877 Brief heut abend noch; der über
1987 1790 3370 2020 nien von letzter Woche scheint sie,
1990 1923 3305 2136 nach nicht eingeholt zu hera.
2183 2029 3318 2251 wollten Sie nicht auf der
2005 2170 3441 2365 nach Sorrent kommen? Nahmen
2011 2303 3482 2514 Soe das Morgenboot (um 9
2018 2409 3489 2595 von Santa ducia vor dem Hotel
2029 2538 3458 2749 Falls be dann zu seinen Ausflug
2712 2666 3412 2964 Salemo, sell
2035 2710 2644 2918 neer Anzelfs
