5176 4185
1050 1027 2404 1189 rieven sie des Unternehmen.
1070 1140 2432 1292 fur seuds halten. M hete nie
1014 1262 2438 1449 direct mit den Herrn Correr
1091 1383 2374 1569 ponduit un a vein nur res
1087 1484 2487 1687 Hier gesagt ist, des hem mits
939 1607 2451 1802 de mr dei cramee de Sile.
1070 1714 2464 1908 Wile vollkom a fremd sind.
1027 1821 2391 2005 Ich nehme an aen sic naae
1027 1938 2455 2139 dem ganzen tenor des titres.
1025 2056 2468 2190 bens sich eine mit von Urteil
1080 2154 2414 2340 Alder könner, als lohnt, sich
1076 2288 2479 2470 mt dan Schmopidermeteriel
1093 2399 2519 2587 einzuleßen. mit den Bacten¬
1087 2515 2402 2685 hönen eines erpasses.
1087 2607 2436 2799 Einen Monat ungefste werde.
1076 2741 2472 2908 ich in wien bleiben. Werden Sie
1070 2856 2387 3012 de sens? Und ist Herr von
1022 2954 2489 3153 Nopmensthel  jezt dort? Ende
963 3085 2417 3303 seits bl. es sehr verlockend
2764 847 4075 1084 Fur mich Sie Geld begonnen.
2794 986 4075 1187 Ou Rönnen, andreisat er-
2786 1114 4016 1306 vertel mich in Wien eini.
2794 1215 4197 1437 that canj eingenehme Affain.
2799 1360 4156 1560 und auttersicht nicht dem
2805 1475 4047 1654 mit dem Hove nichts.
2811 1661 3206 1785 werden.
2816 1691 4092 1941 dert M also auf ein vort.
2822 1825 4156 2020 von Umer hoffen, vie stönen
2799 1962 4124 2152 die Seere vorkomt? Und so
2799 2107 3499 2286 schen se sont
3129 2305 3727 2543 Wittag Sr
3593 2553 4144 2743 Winnertts
2829 2782 4171 3004 Der Graf von Charles? Un ver¬
2841 2908 3956 3102 sudte es. Kem nicht.
