5223 4168
2709 697 4207 1012 Paestum verbinden wollen, etc.
2709 956 4176 1130 ro mit meinem Wagen zur Ver¬
2709 1062 4247 1293 fügung. Sie nämter dann ermit¬
2705 1188 4265 1405 Von Salems per Behn nach Neepel
2734 1306 4182 1560 zurückfahren. Alles hängt davon
2721 1461 4182 1672 ab, wird Zeit Sie neben und
2721 1587 4209 1751 ob Ihnen an Neapel meh liegt
2736 1699 4218 1887 als an dem landschaftlicher des
2723 1831 4168 2047 rir hier zu zeigen haben. Wollen
2740 1950 4176 2154 So nicht kommen, so telegrafieren.
2740 2082 4193 2283 ne und ich verde Freitag früh.
2728 2223 4185 2432 nur der Stadt Warten, kann
2736 2365 4187 2529 aber denn verechnlich nur bis
2746 2473 4193 2664 3 Uhr bleiben, da zu Hendwerke
2738 2628 3795 2825 in Haus hebe. wollen
