5208 4200
2540 469 3206 653 1 1/2 1/4 r, 1 f. 1 1,
1790 483 2016 649 V. P.
459 461 746 651 j'y ai e
4504 473 4951 686 V. P. v. M. N.
1802 773 3378 983 L. H. Schnöller! Venn M. Sre veert ver¬
1802 932 3376 1145 Rehe. Könnten sie morgen mitt von un
1822 1036 3361 1258 zwei Uhr mich im Hôtel ävnten.
2105 1135 3420 1341 Ich selbst bin etre bis nu diese
1842 1252 3398 1444 Zeit bei den Antigoneproben im Kleinen
1836 1238 2004 1339 Ja!
1842 1339 3337 1555 Terler. Er könnten mir also nur im
1828 1444 3458 1658 sauf des vormittags, jedes andre Rendez.
1859 1531 3450 1745 vous telefonisa bestiminen. Wellevont essa
1842 1634 3424 1847 vit irgendoo un centmin. Hore ic nichts
1849 1731 3317 1927 mehr bin ist um 2d im continental.
2910 1808 3420 1942 Herston N.V.
1877 2251 3384 2500 Lieber Herr Schmitzler: es bis für 2 Tage
1895 2429 3422 2599 Hier. Abends nach 6 Uhr frei heute und
1895 2528 3406 2724 morgen. Wenn Sie aufgelegt sind sahe
1909 2619 3475 2803 er tre gem, in der stadt oder bei Ihnen.
1901 2730 3406 2933 vollen Sie mir eine Karte schreiben a
2585 2846 3262 3058 Ersterben k.
1919 2927 2518 3200 Donnerstag forti
1915 3052 3434 3416 Hotel Meissl & Schean Johnvelles
