5176 4185
1032 849 1547 980 OrnaRROe 10 Oachtauen
1032 932 2408 1144 orenguernte erfroren. Man
1067 1094 2521 1267 scharrt die abgefallnen trauriges
1056 1183 2448 1379 gelben vinger zu tausender is
1046 1323 2500 1481 die Erde. Der ganze Garten is.
950 1427 2402 1618 ein rüstes Allechtfeld. Die
1069 1537 2456 1724 Unter stehen herum. Der Heil.
1063 1678 2481 1868 der Kopf und Nvemer es ja,
1058 1818 2439 1996 nicht glauben. Dritte Klötze
1069 1936 2340 2125 Cramer &y and hadt in
1069 2048 2356 2242 meinem Kamin. So lebt
1067 2194 1464 2335 man.
1044 2246 2520 2487 Und nun tenke at Mr Berin
1075 2419 2504 2624 auf des beiliegende Document.
1032 2566 2442 2764 Ich habe, vermischon mit un¬
1040 2683 2371 2837 verhohlener schepsis, der tuf
1021 2803 2377 2990 fuhrung zugestimmt. Ich
1025 2936 2491 3128 Kommer verschiedene Uindende
1015 3057 2421 3255 zusammen, die mich du für
2699 980 4041 1156 Bupjahr geplante hienerreix
2664 1094 4049 1266 sooieso vielleicht beschleunigen.
2658 1219 4203 1395 lasseu und nur ein tiefes mits¬
2735 1329 4111 1512 Oranen gegen alle Privatant
2651 1439 4030 1624 Erkennen hält man noch als
2729 1560 4163 1743 jetzt schon nach oben zu fehren.
2699 1676 4061 1841 Ich geniere mich ein venig
2704 1786 4138 1930 offen gestanden, vor mir selber.
2693 1903 4157 2036 fudressen vare is ausserordent.
2693 2034 4120 2188 lich interessant für mich die
2716 2132 4026 2300 Testandeningen noch bei den
2676 2244 4182 2427 Proben beeinflussen zu können.
2703 2364 3995 2508 Es muss sijn III Art starn
2691 2500 4130 2639 gestimmt werden und das nun
2704 2568 4151 2758 gut gemacht sein, nicht zuviel
2703 2691 4143 2872 und nicht zu verz. in Elber¬
2697 2807 4074 2993 feld, mrde alles jn Schende
2679 2916 4134 3103 gestrichen, wie in später erfuhr
2681 3045 4126 3246 nun litte es um dHoch kundt.
