5192 4184
710 407 2254 598 C.H.S. Ich Nomme sonnag früh
704 568 2287 683 in rien an (venu alles qui gelt ju
729 625 2287 782 vonne zunächst neder mi Meisse
729 746 2277 878 und Schaan. Ewen sie mich doch
734 818 2298 969 bitte dahin visen. ob sie am Neib¬
740 905 2220 1096 rittas zu Heuse sind oder ob sie
761 1003 2271 1185 vielleicht ausnehmisvase neu der
748 1105 2353 1274 stedt komen. Am die Stunden der mitt.
767 1179 2294 1399 guter treffen sie michigeriss du Hôtel
755 1302 2260 1492 iocle Seine Mmeis Mertiau dar V.
1753 1552 2014 1692 12h 15
878 1611 1575 1834 J.H. Schmitzler
948 1757 2271 1914 Ich moeckte heute Obend on
871 1861 2393 2080 Rheirigold, schen des uns 7 Uhr
884 2014 2334 2220 anfaengt. Wenn ich noch eine
899 2101 2432 2292 Karte béomme, home of schon can
901 2209 2453 2408 5 oder 5 ½ zu Ihnen. Hoffentlid ist
895 2326 2457 2512 Thuer das nicht incommod. Herzlich
1844 2440 2453 2631 Dr Johnoeller
818 2879 2324 3082 LL.H/S. It wohne jetzt privat
871 3002 2260 3220 Seilergasse No 9. ( Hightife)
882 3116 2446 3297 ganz nah beim Meissl & Schadn.
912 3227 2425 3422 Ich werde morgen bis 11t a.m. zu
905 3307 2425 3515 Hause sein und dann (falls rth
912 3409 2487 3621 überhaupt ausgehe, beim Portier hin-
920 3519 2510 3738 verlassen wo ich um 12h Sein werde.
918 3621 2510 3812 Eventuell schreiben Sie mir eine Rohr¬
929 3738 2514 3981 post nerte. Bestens Rr. Sottmoeller
2601 237 4155 416 Jetzt ent reden Dank für Ihren kleinen Brief
2495 367 4195 485 Fraut mich, das Ihre Reise so gut abgeleufen ist.
2495 456 4170 562 Wenn Sie jetzt dir bald um eine Nühle som¬
2504 515 4183 630 merfrische verlegen sind vernchen dies einmal
2506 596 4179 723 1 mi sorrent. Ihre Frau sernichten ist miteinge-
2572 655 4172 774 leden. Ich verde von erstem subri ab weder unter
2589 755 4149 882 sein. Am deutschen Grafin habe ich einen ganzen
2591 831 4119 967 monat lang gevürgt bis ich jetzt geschäfte hebben
2597 916 4126 1015 new Lyden and Paris musste. or geht gerade in
2597 984 4166 1121 Druck. Nicht viel besser als vorner. Montas fahre
2584 1081 4113 1189 a nach Florom zurück: Villa del Porzino, in
2578 1143 4172 1272 Castello bei Flinnz. Wele negenke schöne innes
2567 1236 3044 1374 beiden.
3347 1219 3786 1363 dolmveller
3939 1215 4208 1376 1715 105
3657 2936 3903 3002 et de Vinci. – LE
2870 2953 3390 3061 Il est de la somme.
3449 2976 3971 3089 Thres Hollmutter,
2786 3046 4011 3146 Habe sie leider nicht mehr können.
2834 3133 3998 3239 seit Donentas Mer,
3182 3191 3928 3297 vo ich einige Wochen bleibe.
3352 3208 4056 3375 Viele Jours omen sone
