3432 4216
877 1068 2848 1290 einander erltleu haben, erklären sie, dass sie
1293 1226 1493 1310 mehr
877 1234 2876 1411 auch nichtlan der-elben Bühne bleiben können.
886 1355 2839 1535 Beide wolleu zum Direktor eilen und kündigen.
540 1439 810 1594 derliate
883 1456 2806 1664 Jetzt erscheint der Autor des Stückes; er hat
526 1571 801 1678 rali ete
545 1628 2769 1802 e terfegewisse Aenderungen gemacht. Es wird wieder
888 1726 2654 1931 sachlich gesprochen. Es ergibt sich, dass
891 1847 2685 2044 Schausfieler und Schauszielerin dem Autor-
883 1993 2763 2204 die letzte Szèue seines Stückes vorsfielen.
886 2153 2727 2331 Sie enthält den Abschied zwischen den zwei
911 2263 2834 2420 jungen Leuten. Er verlässt das junge Mädchen
894 2381 2904 2581 etwa an der Riviera, wo ihr indess die röglich
905 2502 2921 2671 keit einer Verbindung mit irgend einem reicien
902 2651 2252 2828 Amerikaner eröffnet worden ist.
897 2733 2758 2974 Der Autor findet aber, dass die Sache doch
908 2907 2657 3109 einen versöhnenden Schluss haben yüsste.
602 2949 798 3050 Mir-
551 3036 784 3165 Ninrer
551 3028 2704 3222 niimie Besser noch, wenn sich dieser neue Schluss
545 3163 2803 3351 tieripeelen im Laufe des spieles zwischen den Eheleuten
551 3306 852 3390 wiren
548 3284 2758 3480 al. cantich eutrickell: „Es kann nicht vorbei sein, wir
548 3449 916 3559 dee Prinnere
922 3435 2131 3598 sind aufeinander angewiesen.
545 3539 866 3655 auf 4 Urte
922 3514 2901 3736 Der Autor mit Schrecken, denn er ist jetzt der
