3448 4120
2672 659 2812 836 10
781 772 2721 946 Es wäre in der Tat lustig. Die richtigste
494 936 2812 1135 Pointe für diese abgeschmackte Anekdote. Ich soll
497 1086 2943 1284 heiraten. Irgend ein wohlwollender Freund hat es sich
546 1272 2684 1406 in den Kppf gesetzt, mich zu verheiraten. Ich
515 1427 2913 1580 sollte es wahrhaftig versuchen. Als ich mich umbrin-
549 1577 2937 1702 gen wollte, hatte ich vergessen, dass ich diese Va-
564 1714 2394 1867 riante noch nicht kennen gelernt hatte.
