3416 4104
2290 450 2926 651 22/XI. 1883.
499 578 1238 794 Moderne Jugend
693 611 2856 918 Die folgenden Tagebuchblätter übergab mir mein
520 769 2780 1086 Freund Alfred am Vorabende seiner Hochzeit; mich
493 894 2871 1241 dünkt immer, wenn ich sie durchlese, als enthielten
547 1034 2859 1369 sie nicht einfach die Geschichte eines jungen Man-
508 1207 2959 1518 nes, sondern vielmehr ein absichtlich so gezeichnet
529 1353 2831 1664 Bild des Strebens und Leidens unserer modernen Ju-
578 1521 2868 1807 gend. Ja, manchmal ist mir, als wären sie beinahe
596 1661 2889 1974 zu typisch, um interessant zu sein. Hunderten von
596 1782 3011 2102 uns ist es nicht anders ergangen als meinem Freunde,
569 1968 2816 2281 und Mancher, der diese zerstreuten Notizen einer
633 2114 3002 2406 flüchtigen Durchsicht wert hält, wird wol Fragemnte
593 2254 2898 2576 seines eigenen Entwicklungsganges darin wiederfin-
633 2403 2987 2713 den; er wird vielleicht den Eindruck erhalten, als
608 2567 3011 2886 sehaute ihm aus einem zersprungenen Spiegel sein ei-
617 2871 1578 3038 genes Bild entgegen.
873 3117 3081 3358 Eben ist Cyprian von mir gegangen. Sein Tun und
703 3236 3099 3549 Reden scheint mir bisweilen nicht minder altmodisch
718 3431 2880 3671 als sein Name. Er ist ein so guter Junge - ich
678 3528 3032 3841 könnte ihn beinahe beneiden; denkt so vortrefflich
