3432 4120
2880 310 2969 508 2
726 511 3078 747 Alfred, Cyprian: Dein Stück ist schlecht. Nüchtern
532 733 794 907 heit.
501 784 3163 1050 Hugo, der Bonvivant. Auf einen lustigen Abend! Verbrennen
504 1009 1220 1207 der. Tagebücher.
501 1087 2540 1340 Lustiger Abend. Demimonde. "Hübscher Junge!"
508 1312 3249 1479 Seziersaal. Katzenjammer. Kaffeehaus. Der tätige Vater. So-
556 1432 3245 1633 zialistische Ideen. Alfred verbrennt die ungelesenen letz-
528 1582 3225 1807 ten Briefe der Geliebten. Der Dichter will Alfred Gedichte
576 1762 1878 1943 vorlesen. Er geht beleidigt.
528 1885 3177 2096 Die Kokette im Kaffeehaus, eine Polin. Er will schreiben.
528 2073 2867 2250 Kann nicht. Wütend gegen die Poesie. Blasiertheit.
532 2209 3027 2400 Tod des Poeten. Leichenbegängnis. Frivolität auf dem
542 2355 3047 2550 Friedhof. Der Totengräber. Entsetzlicher Katzenjammer.
532 2478 3191 2730 Das junge Mädchen. Letzte frische Blüte, prühlingsträume.
542 2652 2263 2816 Mitten im Frühling Selbstmordversuch.
539 2771 3122 2986 Heirat. Seine Frau, ungeliebt, lässt sich verführen. Er
539 3000 1732 3146 bringt sich mit Humor um.
600 3116 2103 3283 Wie alt ist dieser junge Mensch?
593 3255 1606 3453 Zweiundzwanzig Jahre.
556 3426 3167 3668 Um diese Zeit begann ich zu verstehen, was Leben heisst.
