3448 4120
413 787 1611 1073 ten. Der Morgen brach an.
717 893 2872 1143 "Ich gehe in den Seziersaal", sagte Robert. "E
428 1067 2744 1349 liegt dort eine Leiche für mich bereut. Kann mit."
748 1270 1589 1471 "Was tu' ich dort?"
735 1355 2750 1629 "Komm nur, du musst dir das auch ansehn. Ihr
441 1504 2881 1735 Herrn Philosolphen habt einen tiefen theoretischen Be-
453 1662 2027 1927 griff vom Tode. Komm mit, Alfred."
766 1841 2704 2079 "Aber jetzt?.. Willst du nicht früher eine
514 2045 1298 2230 Stunde schlafen?"
775 2069 2990 2337 "Ich bin nicht aufgelegt schlafen zu gehen. Eben
532 2276 2783 2559 jetzt bin ich so recht wach und in der richtigen
486 2477 2142 2714 Stimmung, an mein Studium zu gehen."
763 2589 2559 2808 Nicht ohne sangen trat ich in den Saal
