3400 4120
2531 443 2631 576 2
455 606 2825 812 von der Welt - ich könnte ihn bedauern. Ich las ihm
491 770 2862 940 Entwürfe litterarischer Natur vor, die ihm durchaus
452 912 2807 1116 nicht behagten. Die Töne, welche ich anschlug, fan-
503 1058 2877 1261 den keinen Widerhall in seiner Seele. Er konnte den
506 1216 2804 1382 Mismut nicht fassen, der in ein paar flüchtig hin-
467 1352 2737 1549 geworfenen Versen sein launisches Spiel trieb, er
470 1491 2749 1713 nannte die Gedichte lächerlich und mislungen. Wir
485 1643 2825 1846 entfernen uns mehr und mehr von einander, ich fühl'
494 1794 2810 1985 es ganz deutlich; er bleibt der alte Idealist, und
488 1928 2849 2125 wie so viele seiner Art hindert ihn seine Sehnsucht
488 2104 2901 2270 nach dem Unerreichbaren nicht im geringsten, mit sei¬
488 2255 2913 2428 ner jetzigen Lage herzlich zufrieden zu sein. Es ist
503 2401 2783 2589 seltsam, aber es ist ein Glück. Auch von Käthehen
555 2549 2955 2737 sprachen wir. Er war ganz niedergedrückt, als ich in
512 2707 2777 2889 ziemlich kühlem Tone äusserte, ihre stille, immer
506 2825 2940 3062 gleiche Zärtlichkeit beginne mich zu langweilen. Und
521 2998 2862 3213 warum soll ich mich selbst belügen? es ist so. Ich
530 3134 2962 3322 liebe sie nicht mehr. Und da mir nun wahrhaftig nicht
546 3274 2871 3492 viel anders zumute ist, als hätte ich wieder einen
567 3437 2977 3634 Abschnitt meines Daseins abgeschlossen, will ich dann
540 3571 2889 3828 abgeschmackte Zeug aus vergangenen Tagen, diese pa-
