3448 4104
452 760 2816 953 weil mein Inneres so wohl vorbereitet war, dies al-
449 931 2877 1133 les aufzunehmen. "Komm mit", sagten er schliesslich,
519 1041 2794 1276 "und ich bürge dir, du wirst dich unterhalten. Es
455 1209 2125 1408 giebt schöne Weiber und Champagner."
751 1377 1515 1557 "Was für Weiber?"
742 1509 2867 1683 "Was für? - Ach ja, du machst noch Unterschie¬
461 1655 2913 1811 de!... Nun, du wirst wahrscheinlich einige kennen. Es
458 1829 2858 2025 wird dir vorkommen, als hättest du einige dieser Ge-
458 1964 2803 2107 sichter und Gestalten auf der Rühne eines Vorstadt
461 2089 2877 2293 theaters, das wir früher nicht selten besucht haben,
461 2306 1157 2492 schon gesehen."
763 2406 2846 2571 "Ist vielleicht Leoeadia unter ihnen?" fragte
455 2605 684 2758 ich.
770 2733 2849 2889 "Ach, erinnerst du dich noch ihrer? Sie giebt
516 2874 2306 3029 jetzt grössere Rollen; sie hat Talent.
745 3234 2782 3423 Es war eine Nacht, toll und lustig. “Es war
470 3414 2916 3548 recht nett“, sagte Robert nachher. Ein scharfer Wind
476 3539 2929 3719 wehte uns an die Stirne, als wir auf die Strasse tra-
