3416 4136
451 475 3052 761 V. Auf dem Krankenbette quält ihn der Heiratsvermittler,
420 710 2154 966 und er heiratet des Fräulein Soundso.
423 1096 2994 1427 Soll man dieansigarre noch einmal anzünden? Sie schmeckt
427 1355 1301 1567 nicht mehr so gut.
437 1451 3175 1710 Sie unterscheidet sich durch nichts von einer Dirne als da-
447 1645 2041 1874 durch, dass sie noch Jungfrau ist.
447 1734 3103 2038 Hochzeit wünscht das gute Mädchen, und nach Geld verlangt
451 2004 942 2147 die Dirne.
447 2045 2929 2321 Die will mich für eine Nacht, für’s ganze Leben Jene.
461 2250 2062 2441 Tot enflecken der Jungfräulichkeit.
475 2366 3216 2591 Sein Temperament skizzierte Leidenschaften, führte sie aber
522 2622 1017 2792 nicht aus.
481 2728 1659 2929 Parfümierte Verzweiflung.
488 2844 2089 3089 im Geist eine Sache zu Ende leben.
