3352 4120
2531 472 2945 700 März 81.
366 514 1097 752 Moderne Jugend.
621 673 3069 914 Ein Knabe tritt uns am xxxx Anfang der Novelle ent-
424 893 3014 1076 gegen. Die erste Jugendliebe verklingt eben. Durch sein
376 1017 3069 1200 Herz zieht jener grossstädtische Duft zum ersten Mal. Ein
441 1204 3128 1342 paar Freundchen gruppieren sich um ihn, schon halb verdor-
393 1331 3163 1497 ben. Lascive Dinge werden gesprochen. Die Eltern des Knaben,
404 1469 3011 1686 ein tätiger Vater, eine unbedeutende Mutter, werden geö-
410 1611 3066 1797 sprächsweise vorgeführt. Die Eltern sind auf dem Ball. Er
407 1780 3121 1962 gerät in liederliche Gesellschaft, kommt mit Kurtisanen in
400 1918 3059 2093 Berührung. Ein junger Poet, früher sein Freund, wird ver-
452 2083 3142 2280 nachlässigt. Bekanntschaft und Laison mit einer verheira-
421 2235 3069 2404 teten Frau. Die eigene Kunst wird zum Teufel geschmissen.
407 2418 3149 2562 Beginn der Blasiertheit. Begräbnis des Poeten. Frivole Sze-
421 2538 2980 2711 ne beim Leichenbegängnis. Junges Mädchen, eine Art fri-
421 2697 3145 2890 scher Blüte. Nicht lange. Mit zwanzig Jahren Selbstmordver-
431 2873 3007 3021 such. Er bleibt am Leben. Heiratet. Einer seiner alten
431 3011 1655 3190 Freunde verführt die Frau.
693 3128 3007 3325 "Er hat sich wieder versucht umzubringen, aber mit
472 3276 1014 3511 mehr Glück.
