3448 4120
432 729 2771 972 Antipathie gegen dieselangen blinden und - sei mir
395 898 2783 1070 nicht böse - langweiligen Menschen. Du wirst mir ge-
457 1051 2792 1232 statten, diesen Verkehr für dich ganz und gar unge-
503 1195 2844 1398 eignet zu finden; er bestärkt dich in deiner unaus-
466 1306 2734 1532 stehlichen Marie, ein geheimes metaphysisches Ge-
429 1480 2777 1670 setz für Walten und Weber des Menschengeschlechtes,
429 1643 2817 1824 am Ende gar ein moralisches Prinzip, das in den Wol-
432 1805 2716 1989 ken tront, oder überhaupt irgend welches Zweckbe-
451 1873 2866 2136 wusstsein und tiefen Sinn im Leben zu finden. Zufall
451 2087 2734 2265 und Unsinn, ihr Herren Philosphen, das könnt ihr
497 2210 2838 2415 finden, wenn ihr sehen könntet!... Hast du eine ZI
463 2360 2758 2578 garette?... Danke. - Und Kätchen? Sie mag reizend
475 2535 2835 2768 sein; aber ich verstehe nun eben dieses platonische
475 2682 2829 2896 Geliebel nicht. Die Sehnsucht trällert ja schliess-
533 2789 2936 3013 lich doch nur immer eine Melodie; erst die Erfüllung
527 2985 2872 3181 ist es, die unzählige Variationen zu dem einfachen
493 3191 1315 3335 Thema komponi ert.
779 3267 2927 3460 So plauderte er noch eine ganze Weile, wie ich
506 3424 2884 3644 ihn schon oft vernommen. Aber er fasste heute alles
506 3549 2967 3794 mit mehr Energie zusammen, oder es schien mir nur so,
