3400 4120
470 710 1857 938 der Sehnsucht noch Erinnerung.
698 795 2853 1056 "Macch' dich fertig", rief er, "ich komme, dich
467 992 2698 1226 abholen. Was machst du denn für ein Gesicht? Was
483 1123 2495 1366 schaust du so trübselig zum Fenster hinaus?
756 1275 2908 1487 Halb im Scherz gab ich drauf zur Antwort: "Ich
546 1502 1524 1687 liebe die Dämmerung“
798 1572 2929 1812 "Die Dämmerung", wiederholte er gedehnt, "frei-
513 1736 2929 1973 lieh... Du liebst ja auch Käthchen, bist j auch ein
519 1882 2816 2124 Freund des guten Cyprian, und - das Lustigste von
583 2027 2883 2249 allem - du dichtest!... Weisst du, mein lieber Al-
589 2179 2826 2422 fred, dass ich dich für einen Narren halte. Aber
558 2328 2926 2583 für keinen unheilbaren - ganz gewiss. Und ich komme
561 2449 3008 2747 rben, um meine Kur mit dir zu beginnen. Aber, wie wir
616 2631 2996 2917 Mediziner sagen, "du musst dich halten"... O, diese
601 2832 1794 3059 Kätchen, diese Cyprians!"
892 2917 2980 3202 "Du kennst sie ja beide kaum", unterbrach ich
920 3205 2986 3454 "Ich habe einen schnellen Blick, mein Freund;
601 3181 826 3372 ihn.
628 3369 2865 3663 ich kenne sie beide. Cyprian, ein vortrefflicher
637 3469 3008 3785 Mensch, ganz gewiss – aber ich habe nun einmal eine
