3416 4120
442 619 2898 903 pierene Schwärmerei, den vergilbten Idealismus in den
451 808 2882 1043 Ofen werfen, wo sie - wie mir scheint - am allermeis-
464 952 2803 1193 ten hinpasst. Du sonderbarer Dämon Leben! wenn ich
473 1101 2843 1351 dir schon angehöre: warum schliessest du mich nicht
534 1250 2806 1498 völlig in deine Arme? warum lässest du mich nicht
500 1400 2931 1638 empfinden jedes Rauschen des Bluts in deinem weitver-
543 1516 2958 1793 zweigten Geäder? Aber ich ruhe recht weit von deinen
555 1714 2559 1949 Herzen, vom Mittelpunkt des bewegten Seins.
769 2156 2907 2385 So sitz' ich denn vor dem Kamin, in dessen zu-
555 2269 2980 2547 ckenden Flammen ein gut Teil meines Lebens gleichsam
567 2400 3001 2702 todessehnsüchtig verglüht. Auch zerstäubte Rosen, zur
613 2586 3016 2830 Blütezeit von ihr gepflückt, traute Briefe von ihrer
576 2742 3029 3013 Hand, Lieder, die ich in hoffnungsreicherer Zeit dem
628 2894 2958 3154 Liebchen geweiht, flattern ins Feuer, sind dahin.
848 3172 3059 3498 Sonderbar, mir ist wieder, als hätte meine Exis-
628 3443 2925 3663 tenz doch einen Sinn. Ob aber diese freundlichere
640 3501 3080 3855 Stimmung durch den neuen Gesichtskreis hervorgerufen
