3416 4120
376 448 3040 756 I. Alfred, der Zerrissene. Cyprian, der Poet, tadelt sein
386 701 2384 920 Gedicht. Liebe zu Käthchen. Wie alltäglich!
386 821 3054 1057 Hugo, Mediziner, lustig, genusssüchtig. Hinaus mit mir in
397 1026 1385 1207 lustige Gesellschaft.
393 1132 3044 1341 Küsse der Estrella. Das ist Leben, das ist Freude! Orgie.
407 1272 2928 1488 Seziersaal. Hugo arbeitet schon. Das ist Leben! Alfred
927 1313 1047 1406 G.H.F.P
458 1430 2958 1645 macht aus seinem Gedicht Fidibusse. Er wird Mediziner.
434 1601 3184 1796 II. Kaffeehaus. Estrella und die ihr gleichen, sind zu lang-
438 1720 3119 1973 weilig. Pikiertes Gespräch mit Cyprian. Cyprien schmachtet
441 1912 3126 2093 zu sehr. Brief Käthchens. Liest ihn nicht. Die hübsche Po-
445 2055 3088 2250 lin, die jeden Morgen hier frühstückt, an die mache dich.
458 2172 3174 2435 Zuhause. Abenteuer mit der Polin. Sie sucht ihn selbst auf.
469 2397 1689 2586 Neues Leben, wahres Leben.
469 2483 3078 2712 III. Nach einer jener Nächte. Sie geht eben. Er versucht
489 2671 2575 2893 angeregt zu dichten. Alles öde. Blasiertheit.
492 2750 3051 3013 Leichenbegängnis Cyprians. Höhepunkt der Frivolität und
530 2965 2818 3153 Blasiertheit, Schauervoller Blick in die Zukunft.
492 3109 3071 3334 IV. Letztes Aufglichen der Liebe zu einem jungen schönen
496 3225 3164 3458 Mädchen. Sie verehrt ihn und liebt ihn. Er ist xxxx
510 3410 3225 3687 glücklich.- Mitten im Frühling und Liebeswonnen Selbstmord-
578 3670 954 3789 versuch.
