3448 4120
2633 428 2724 547 9
755 556 2795 868 Mit schwacher, zitternder Hand schreib' ich
504 752 2795 1046 diese Zeilen. Ich liege zu Bette, meiner Genesung
566 899 2929 1202 entgegensehend, ich hatte versucht, meiner Existenz
544 1058 2718 1345 auf energische Veise Lebewohl zu sagen. Es half
587 1186 2969 1486 nichts. Wie ein verliebtes Weiblein hängt das Leben
602 1397 2620 1645 mir am Halse und will nicht von mir lassen.
853 1501 2865 1792 Einen seltsamen Traum hatte ich im Verlaufe
587 1627 3018 1975 meines Wundfiebers. Mir war als flög' ich hin und her
599 1767 2831 2122 im weiten Weltraum, ohne jegliche Empfindung als
663 1942 3045 2241 höchstens die des Daseins. Allmälig, nachdem Hunder-
642 2107 2914 2412 te Gestirne schon vor mir auf und nieder getaucht
697 2235 2975 2568 waren, nahte sich mir, wie aus unendlichen Tiefen
670 2367 3015 2700 aufsteigend, eine Kugel, just gestaltet wie ein Glo-
719 2519 3100 2847 bus, geradezu lächerlich anzusehen. Auf dieser Kugel
697 2666 3054 2993 aufgepflanzt war eine grosse Warnungstafel, auf der
700 2813 3165 3180 ich nach geraumer Zeit die folgenden Worte entziffern
715 2984 3054 3324 konnte: "Hier ist es nicht gestattet, glücklich zu
777 3149 3036 3424 sein." Das ist ja die Erde!“ rief ich hell aufla-
758 3379 1816 3605 chend aus und erwachte.
