3416 4120
459 600 2795 906 ward, der sich mir eröffnet, oder durch die Verän-
438 774 2878 1078 derung an sich, welche sich zutrug - ich kann's noch
441 943 2881 1203 nicht entscheiden. Ich habe abgeschlossen mit meinem
490 1130 2841 1371 bisherigen Studium. Zu all den schönen Dingen, die
505 1234 2856 1497 ich neulich ins Feuer geworfen habe, flog schliess-
517 1411 2927 1653 lich auch die Philosophie. Es war am gleichen Abend,
481 1558 2798 1809 an dem Cyprian so mismutig von mir geschieden war.
490 1714 2902 1968 Ich sass immer noch vor dem Kamine, wo meine Vergan-
508 1831 2976 2125 genheit eben gänzlich verglimmen wollte. Da trat mein
517 1993 2972 2244 Freund Robert, der Mediziner, ein und reichte mir mit
527 2146 2985 2418 seiner gewohnten Lebhaftigkeit die Hand. Kein Anderar
533 2311 2914 2538 konnte mir eben jetzt willkommen sein. Er ist einer
591 2409 3058 2734 von jenen, die lächeln, wenn man von Idealen spricht,
554 2630 2777 2841 weil sie die Welt nie in solchem Dämmerlicht er-
612 2731 3021 3043 schauten. Sein Temperament skizziert Leidenschaften,
582 2914 2905 3147 ohne sie jemals auszufuhren, und bei jenen Frauen,
582 3012 2920 3318 die solche Skizzenblätter der Leidenschaft lieben,
594 3153 2994 3450 hat er viel Glück. Er ist geistreich und genussüeh-
600 3358 2994 3655 tig, dabei aber macht er sich lustig über Geist und
603 3468 3018 3799 Genuss. Er lebt nur für die Gegenwart, und kennt we-
