4648 5704
3113 313 3327 552 H.H.
3418 358 3582 581 5)
754 523 1783 762 (Ansätze zu Parabeln)
795 716 4072 1025 Ich kannte einen, der am Abend stets anbsich selber einen Brief auf-
1408 696 1729 861 (1917)
795 811 4118 1211 gab, nur um am nächsten Morgen zur Postzeit keine Enttäuschung zu ef-
803 984 4023 1346 leiden. Aber es ist mir nie klar geworden, ob es ein Narr oder ein
811 1351 1379 1552 Weiser war.
1655 1462 2199 1692 - - - -  - -
832 1561 4089 1923 Zwei junge Leute kommen uns nachts auf der Landstrasse entgegen und
844 1738 4089 2038 zeichnen sich dem Horizont gegenüber wundervoll ah. Aber wen wir ap-
865 1898 4056 2174 plaudierten, würden sie es nicht verstehen, denn sie wissen nichts
885 2112 2524 2355 von ihrem Verhältnis zum Horizont.
3582 2232 3838 2462 1921
881 2405 4006 2746 Es gab einmal einen sehr begabten Hund, der bellte, heulte, biss,
910 2586 4031 2874 am Ende stellte er sich sogar toll,- nur, um sich in den Mund der
914 2742 4159 3092 Leute zu bringen. Aber nichts wollte ihm helfen, biser einmal einen
922 2862 4142 3228 Peitschenhieb übers Paul bekam, da sprach am nächsten Tag die ganze
3570 3072 3854 3273 1921
935 3195 1643 3434 Stadt von ihm.
951 3302 4068 3586 Es war einmal eine Katze, die lief hundertmal hinter den Spiegel,
951 3434 4089 3722 um das geheimnisvolle Wesen zu entdecken, als dessen Ebenbild sie
959 3578 4183 3879 selbst auf dem Fussboden sich herumtrieb. Sie fand es nicht, geriet
968 3706 4257 4031 in Verzweiflung, der Spiegel zerbrach bei ihrem letzten Versuch, und
963 3949 2635 4208 nun hatte sie ihren Gott verloren.
