4664 5656
2473 351 2787 592 : 1
3534 665 3702 869 2)
743 669 1775 1037 Ansätze zu Parabeln)
767 1139 2151 1375 Legende vom evigen Funken.
784 1245 3743 1514 Eine Rakete verpufft, ein Funke will nicht verlöschen, bleibt
792 1428 3261 1747 einsam in der Luft, schaudert in seiner Einsamkeit.
2163 1886 2534 2065 - — —
820 2143 3861 2481 Das grosse Feuerwerk. das kleine Kind daneben, das unbekümmert
841 2302 3930 2567 darum seine kleinen Streichhölzchen anbrennt und das Spiel fort-
845 2485 3269 2816 setzt, auch wenn das Feuerwerk längst zu Ende ist.
894 3245 3914 3514 Komm her, Löwe, ich tu dir nichts, sagte das Kind, steckte dass
898 3404 4122 3681 Händchen durchs Gitter und reichte dem Löwen ein Stück Brot. Es war
906 3530 4073 3820 ein braver Lesebuch-Löwe, er wusste, was er sich schuldig war, er
914 3710 3918 3971 nahm das Stück Brot und zog sich knurrend in den Winkel seines
926 3816 4208 4122 Küfigs zurück. Aber markt Buch, Kinder, es gibt Löwen, die nicht aus
922 4069 1849 4318 dem Lesebuch sind.
