4488 5608
2517 200 2742 343 17 7 1
824 461 1310 681 (Parahel)
845 828 4096 1102 bekannt wurde, dass der Richter, der das Urteil über den Pferdedieb
853 1024 4092 1212 gesprochen, in der Stunde darauf eines plötzlichen Todes verblichen
849 1114 4015 1330 war. Nun traten neue Zweifel in die Seele des frommen Mannes, und
849 1232 4129 1428 lange erwog er, auf welche Weise das Hinscheidendes Richters, sofort
853 1387 4068 1554 nachdem er von amtswegen und nach besten Wissen und Ermessenein ge-
861 1469 4088 1693 rechtes Urteil gesprochen, zu erklären sei, - bis er diesen Tod vie
865 1579 4039 1795 durch eine plöttliche Erleuchtung als Gottes unerforschlichen Rat-
861 1697 3925 1909 schluss erkannte. Wer aber hatte ihm diese Erleuchtung gesandt?
877 1897 1142 2040 Gott.
971 5088 1142 5284 P7
