4488 5544
1835 541 2612 721 Parabel.
971 764 3965 1174 Der Birnbaum stand an einem schönen Herbsttag am Weg, die Äste
979 1003 4140 1258 schwer von Früchten. Ein Knabe kam vorüber, schüttelte sich Birnen
967 1075 4129 1385 herunter, liess sie sich schmecken, sagte: Auf Wiedersehen, Apfel-
983 1218 3965 1497 baum! und spazierte davon.Verzeihen Sie, ich bin ein Birnbaum,
987 1286 4117 1620 rief der ihm nach. - Warum sagen Sie das nicht gleich? erviderte
991 1429 4172 1744 der Knabe, spuckte erbittert aus und lief weiter.- Ich dachte, Sie
963 1557 4160 1835 hätten es gemerkt, sagte der Bernbaum vor sich hin, aber der Knabe
956 1823 2026 1967 hörte ihn nicht mehr.
979 1792 4041 2054 Nunkam ein zweiter Knabe, schüttelte den Baum, verzehrte einige
967 1895 4097 2182 der Früchte mit Appetit, dann sagte er: Gar nicht übel, aber nun
1007 2082 2759 2297 möchte ich um einen Pfirsch bitten!
987 2122 4168 2437 Die wachsen leider hicht auf meinen Ästen. Aber wenn Sie Lust auf
1015 2269 4216 2520 Pfirsiche haben, dort drüben steht ein Pfirsichbaum.- Nun, erwider-
987 2377 4085 2640 te der Knabe höhnisch, wenn ich zufällig ein Birnbaum wäre, und
999 2472 4144 2767 hätte so viel Zeit wie Sie, auf mir wüchse Obst von allen Sorten.
967 2596 4073 2859 Ich an Ihrer Statt würde mich schämen, immer und ewig ein Birn-
1015 2691 4121 2986 baum zu bleiben. - Und er entfernte sich mit einem verächtlichen
1059 2938 4216 3221 Ein dritter Knabe kam, tat sich gleichfalls an den Birnen gütlich,
1043 2954 2106 3101 Achselzucken.
1079 3078 4240 3328 aber von bissen zu Bissen wurde sein Gesicht verdrossener. Endlich
1083 3185 4280 3440 sagte er: Ich bekomme da immer Birnen und Birnen. Was ist's denn xxx
1075 3312 4252 3547 mit den Äpfeln. mit den Trauben, mit den Melonen, mit dem Sauerxx-
1083 3416 4081 3683 kraut, den Rettichen, die Sie mir versprochen haben? - Das ist
1103 3523 4232 3774 ein Irrtum. Niemals versprach ich etwas dergleichen, erwiderte der
1095 3635 4272 3906 Birnbaum.- Wie, sagte der Knabe, Sie wollen mir das nicht versprox
1099 3766 4168 4017 chen haben? Wissen Sie, was Sie sind? Ein Birnbaum? Nicht einmal
1107 3878 4304 4117 ein Birnbaum sind Sie! Höchstens ein Zwetschkenbaum, der gross tut.
1103 4001 4224 4272 Nein, eine Zwiebel, und verpesten die Luft im ganzen Umkreis. Was
1111 4117 4148 4363 sagte ich, eine Zwiebel? Ein Giftpilz, wie ich soeben an meinem
1111 4228 3902 4471 Bauchgrimmen verspüre. Und fluchend stürzte er von dannen.
1127 4324 4168 4590 Noch viele andere Knaben kamen und assen von den Birnen. Manche
1119 4459 4252 4718 liessen es sich schmecken, einige von ihnen dankten sogar, andere
1127 4602 4212 4825 frassen sich voll und schimpften, manche assen nicht einmal undm
1135 4801 1923 4961 schimpften doch.
1147 4797 4312 5076 Als der Winter kan, wurde der Birnbaun, der nun kahl stand, in der
1131 4941 4268 5203 Erinnerung an seine Herbsterlebnisse trübsinnig. Und als an einem
