4504 5656
3094 342 3269 596 5)
1547 425 1947 717 Parabel
626 634 3732 1088 doch nicht", erwiderte die See. - "Un darf man fragen, wer diese
634 767 3699 1188 drei Herren eigentlich sind?“ - „Eie drei Liebhaber deiner Frau."
667 913 3907 1351 "Meiner Witwe meinst du wohl?" - "Sie waren es auch schon bei deinen
659 1113 3811 1518 Lebzeiten.- Der eine ist ein geistreicher und witziger Mensch, so
676 1259 3786 1685 sprühend, wie du es warst, ehe durch entschlossest auf deinen
688 1414 3786 1843 Geist zu verzichten. Der Andere ist ein Millionär, mit dem sich
713 1535 3861 1989 deine Frau einliess, als du deine Reichtümer hinter dich geworfen
726 1714 3978 2143 hattest. Dem dritten endlich, dem bildhübschen, helläugigen, schlan-
730 1814 4016 2289 ken Burschen warf sie sich an den Hals, als du von deiner Jugend und
742 2006 4053 2423 Schönheit nichts mehr wissen wolltest, Auf diese Weise brachte sie es
751 2177 3987 2631 zustande dich immer weiter um deiner selbst willen zu lieben."- "So
776 2323 3999 2777 war es aber doch nicht gemeint", rief Fridolin aus.-"Wie es gemeine
767 2469 4066 2940 war“, erwiderte die Fee „kannst du ja gar nicht wissen. Ihr Menschen
796 2619 4124 3061 wisst immer nur, wie etwas gesagt ist. Die Deutung müsst Ihr uns Feen
851 2819 3982 3215 überlassen." - „Da soll doch gleich der Teufel“, rief Fridolin...
809 2902 4095 3394 Aber in diesem Augenblick war es natürlich mit seiner Seligkeit aus,
826 3065 4187 3503 auch der Traum war vorbei, er war wieder Fridolin, der begabte, reiche
838 3219 4082 3674 jugendschöne Besitzer einer entzückenden Frau, von der er um seiner
847 3615 2206 3870 selbst willen geliebt wurde.
897 3916 4020 4316 (Es folgen einige handschriftliche Zeilen, die kaum zu entziffern
880 4012 3899 4495 sind und die einen skizzierten Schluss der Parabel enthalten.)
1960 4433 2277 4574 widert
2381 4679 2565 4858 et le
2164 4737 2331 4916 G.H.F.P
