4568 5608
3108 344 3313 586 P.
741 610 1806 885 Ansätze zu Parabeln)
1409 794 1757 962 (1917)
770 897 4062 1126 Neulich begegnete ich einem Bekannten, fragte ihm um die Zeit, er
790 1024 4079 1294 nahm die Uhr aus der rechten, sofort darauf eine zweite Uhr was der
782 1188 4009 1429 linken Westentasche, dachte eine Weile nach und na nte mir dann die
794 1429 1167 1609 Stunde.
827 1491 2985 1740 "Wie", rief ich aus, "Sie tragen zwei Uhren?"
827 1622 3911 1933 "Früher hatte ich auch nur eine, wie die anderen Leute, die ging
835 1830 3956 2080 aber täglich um zehn Minuten vor, so entschloss ich mich eine an-
815 1986 3931 2252 dere zu kaufen, die täglich um zehn Minuten zurückgeht. Nun bin
831 2142 3669 2400 ich in der Lage, stets genau zu berechnen wie spät es ist.
868 2256 4079 2510 "Wie wär's", bemerkte ich nach einigem Besinnen, wenn Sie diebeiden
844 2404 4111 2674 Uhren berkauften und sich mit dem Erlös eine Präsisionsuhr anschaff-
860 2678 1114 2850 ten?"
844 2768 2781 3006 Er sah mich mit einiger Missachtung an.
901 2879 3124 3112 "Rationalist", sagte er und liess mich stehen.
