4520 5640
3203 471 3370 695 4)
1377 475 1795 814 Parabel
1355 788 1685 964 widerte
563 788 3665 1118 viderte Fridolin. "Denn obwohl ich schon ein Hahr lang tot bin
572 924 3832 1289 besucht meine Witwe doch noch täglich mein Grab, bringt mir Blumen,
576 1078 3876 1443 vergiesst zuweilen sogar Tränen und da sie mich offenbar jetzt nur
568 1272 4013 1584 um meiner selbst willen liebt, da tat gar nichts mehr von mir vorhanden
585 1461 3846 1747 isten so ist es sehr wahrscheinlich, dass sie es auch zu meinen Leb-
594 1553 3846 1888 zeiten getan hat. Du hast dich wie eine rechte Fee benommen und ich
590 1690 3925 2002 danke dir von ganzer Seele," Schon wollte die Fee verschwinden, denn
607 1848 4017 2200 sie hatte auf der Erde nach Feenart mancherlei zu tun und fand es dort
616 2059 3925 2336 im Grunde amüsanter als im Himmel, als Fridolin sie zurückrief. "Ich
603 2191 3898 2486 könnte die Angelegenheit allerdings als erledigt ansehen", sagte er,
656 2341 3859 2640 "Abern, da duf doch wieder auf die Erde hinunterkommst, wird es dir
902 2451 1060 2565 D.H.F.P.
3947 2464 4114 2671 G.C.P.
625 2517 3916 2803 gewiss ein Leichtes sein zu erfahren, ver eigentlich die Leute sind,
634 2684 3925 2952 von denen sich meine Witwe an mein Grab begleiten oder von denen Sie
638 2790 4017 3098 sich an der Friedholfstür erwarten lässt,“ Da die Fee lächelte, setzte
638 2970 3819 3265 er hinzu:“ Da ich von allen irdischen Leidenschaften befreit bin,
669 3089 4092 3406 brauche ich dirxk wohl nicht erst zu sagen, dass mich keineswegs Eifer-
656 3326 4189 3560 sucht zu meiner Frage veranlasst, sondern nur ne n dir bekannter Ordnung
664 3410 4096 3705 sinn. Es ist mir natürlich aufgefallen, dass meine Frau, die mich doch
664 3608 4110 3890 Überdies nicht wegen meines Geistes, meines Reichtums, meiner Schönheit
682 3736 3978 4026 sondern um meiner selbst wi llen gehebt hat, so bald nach meinem Ab-
686 3938 4074 4189 leben eine ganze Anzahl neuer Bekanntschaften geschlossen hat. Offenbar
691 4030 4048 4352 zwischem dem Tag meines Todes und dem meines Begräbnisses. Denn schon
691 4180 4035 4506 hinter meinen Säge sah ich Leute einhergehen, die mir persönlich gar
686 4308 4145 4633 nicht bekannt waren, und zwar dieselben, drei, von denen sich meine Frau
695 4510 4030 4800 auch jetzt abwechselnd auf den Friedh of begleiten lässt."- "Du tust
704 4607 4149 4968 Deiner Witwe Unrecht", erwiderte die See. „Das sind keine neue Bekannte
708 4844 3978 5117 es sind lauter alte.“. „Was du nicht sagst,“ entgegenste Fridolin.
766 4976 4035 5320 "Davon müsste ich doch wohl auch etwas bemerkt haben, “- “Es scheint
