4472 5624
2287 191 2844 419 G.C.H.P.
1262 394 1690 639 Parabel
639 627 3848 1063 mich um meiner selbst willen liebt, wenn ich nicht so unermesslich
639 834 3977 1129 reich wäre."- "Ob deine Reichtümer sie an dich fesseln, wird sich oh-
664 988 3948 1291 neweiteres feststellen lassen. Wenn es dir beliebt, bist du im näch:
664 1096 3906 1424 sten Augenblick ein Bettler." - "Du mist nicht gleich übertreiben",
693 1237 3964 1590 entgegnete Fridolin. "Denn Bettelarmut bringt doch noch allerlei Un-
677 1357 3981 1748 zukömmlichkeiten mit sich, denen ich weder meine Frau noch mich aus-
697 1511 3952 1864 setzen möchte. Es wird mir also genügen, wenn du mich zu einem Mann
706 1669 3910 2034 in beschränkten Verhätlnissen machst, so dass wir eben unser kärg-
710 1810 3811 2159 liches Asukommen haben, ohne dass es uns an die Existenz geht."-
743 2005 3470 2304 "Das soll dir werden", erwiderte die Fee und verschwand.
2545 2200 2873 2366 G.C.H.F.F:H.Hae
747 2250 3919 2628 Als sie nach einiger Zeit wiederkehrte, um sich zu erkundigen, ob
760 2420 4002 2765 sich in den Beziehungen zwischen Fridolin und seiner Frau etwas ge-
772 2603 3827 2918 ändert hätte, zuckte er die Achseln, "Wie du siehst", sagte er,
797 2702 3960 3093 "leben wir hier in einem recht armseligen Quartier. Es kommt kein
801 2898 3981 3246 guter Tropfen Wein mehr auf den Tisch, wir halten nicht mehr Wagen
801 3047 3981 3400 und Pferde, meine Frau trägt sich nicht mehr nach der letzten Moder
805 3209 3985 3533 und aller Schmuck ist ins Leihhaus gewandert. Ihre Laune aber ist
801 3367 3977 3720 genau so gut wie sie war. Sie/ ist immer freundlich und liebevoll
834 3500 4118 3832 zu mir und ich könnte mir wirklich einbilden, dass sie mich ummeiner
3578 3632 3919 3732 schöner
839 3703 3981 4023 selbst willen liebt, wenn ich eben nicht ein so verdammt xxx
830 3815 4077 4184 Kerl wäre. "Das kann ja Rat geschafft werden", sagte die Fer. "Und
868 3981 4118 4375 kann du darauf bestehet, so soll es mit deiner Schönheit über Nacht
884 4122 4168 4454 vorbeil sein. Aber du solltest es dir doch vorher überlegen". - "Da ich
872 4292 4052 4641 mich nun einmal in die Sache eingelassen habe, so wünsche ich sie
917 4446 4002 4824 auch folgerichtig durchzuführen. Sprich dein Zauberwort - und dann
909 4600 4122 4940 will ich sehen, ob ich um meiner selbst willen geliebt werde. Denn
917 4732 4214 5089 wenn es meine Schönheit war, die meine Frau in mich verliebt machte,
1017 4936 4263 5309 ### ich keinen Grund auf ihre Liebe stolz zu sein,* Die Foe nichte
