4456 5576
2950 585 3355 730 ( 1918.)
1704 609 2441 730 Parabel
958 854 4025 974 Im Bergland irgendwo ruhte ich auf hohen Wiesenabhang. Die Lüfte
950 938 3949 1078 hatten so besondere Kraft, dass mir war, als sähe ich tiefer in
958 1086 4025 1195 die Bläue der Unendlichkeit als sonst und vermöchte zugleich das
946 1203 3961 1319 Raunen von Menschenstimmen zu vernehmen tief unten in unsicht-
962 1311 4085 1423 baren Städten. Da schwebten von oben, und holder Glanz floss vor
962 1415 4033 1555 ihnen einher, eine Schar himmlischer Gestalten, wie geschwister-
946 1543 4117 1672 lich vereint, einer immer den Arm um des Nachbarn Nacken geschlun-
962 1668 4081 1788 gen - schwebten vorbei an mir und ich fragte sie: Woher, Ihr Wun-
958 1780 3941 1876 dersamen? - Von Gott, erwiderten sie. - Und wohin die Reise? -
958 1900 3965 1992 Zu den Menschen.- Und nennt Euch, Ihr Herrlichen? - Die Ideen.-
958 1996 4045 2109 Und entschwebten und Glanz floss ihnen nach und verlöschte mild,
962 2129 4145 2229 Ich aber, wie ermattet von dem unbegreiflichen Glück einer solchen
958 2245 3917 2345 Begegnung, sank in Schlaf und mir war, als dränge in meinen
974 2361 4061 2469 Traum dumpf aus Menschenfernen Laute der Freude zuerst, die sich
974 2489 3856 2570 allmählig veränderten, bald wurde es Lärm, Schreie ertönten,
970 2590 3905 2690 Schreie der Wut, der Verzweiflung, des Hasses, ein ungeheurer
970 2706 2782 2794 wüster Lärm drang in meine Eunsamkeit.
978 2814 4141 2918 Und als ich die Auge wieder aufschlug, da sah ich von derselben
970 2914 3993 3039 Seite, auf der jene herrliche Erscheinungen verschwunden waren,
970 3027 4045 3155 die gleichen wieder heranschweben. Doch von ferne schon erkannte
978 3147 4001 3263 ich, dass eine Veränderung mit ihnen vorgegangen war. Ihre Hal-
974 3279 4001 3395 tung war nicht so frei, so gen Himmel gerichtet wie früher, ge-
978 3367 4093 3492 beugten Hauptes schwebten sie heran wie von Gram oder Schande be-
986 3520 3824 3624 drückt und als xx näher kamen sah ich, dass ihre Gewandung
970 3656 4141 3728 schmutzig und zerrissen war und in Febzen um ihren Leib schlotter-
986 3740 4113 3844 te. Und doch, es waren dieselben. Ihr Antlitz war das gleiche und
978 3852 3941 3957 der Blick ihrer Augen, so trüb er geworden, der gleiche. Doch
978 3949 4121 4089 wusste ich nicht - waren es Stunden oder Jahrhunderte gewesen, die
986 4077 4209 4229 vergangen waren, seit sie vorbeigeschwebt? Woher kommt Ihr? - frag
978 4181 3921 4305 te ich erschüttert. Von den Menschen, erwiderten sie und ihre
978 4305 4061 4454 Stimmen klangen gebrochen. Was ist euch geschehen? - Und sie er-
958 4442 4045 4570 zählten: Als wir am Ort unserer Bestimmung antrafen, wurden wir
974 4542 4077 4686 mit Jubel empfangen. Wir wurden als Führer begrüsst und gewählt.
