4632 5672
3376 503 3557 809 1)
732 640 1742 881 Ansätze zu Parabeln)
748 845 3802 1219 Ein braver frommer Mann hatte sich nach einem Leben voll Arbeit
769 1111 3891 1380 in einer schönen Gegend ein Haus gebaut und liess über das Tor in
773 1259 3867 1549 goldenen Buchstaben die Worte setzen: Gesegnet sei dies Haus und
760 1404 4000 1754 jeder, der geht ein und aus. Bald nachdem er mit seiner jungen Frau
773 1585 3963 1827 und seinen unmündigen Kindern das Haus bezogen hatte, wurde er und
789 1730 3996 1960 seine ganze Familie ermordet, beraubt und das Haus selbst niederge-
797 1891 4012 2137 brannt. Die Wirkung des frommen Srpuches aber sollte sich bald aufs
789 2036 3851 2277 Herrlichste erweisen. Der Mörder wurde nämlich niemals antdeckt
797 2209 3996 2483 und durfte sich sein ganzes Leben lang an dem Genuss des geraubten
809 2382 2648 2595 Gutes ungestört und reuelos erfreuen.-
1931 2704 3384 2909 * * * * x * * » * * = * *
1614 2736 1895 2925 - - -
2877 2945 3545 3207 (90 er Jahre)
841 3291 3988 3521 Ein frommer Jüngling macht einen Ausflug zu Rad. Wie er bei einer
837 3440 3823 3682 Kirche vorbeikommt, nimmt er eine Hand von der Lenkstange und
849 3553 3959 3859 schlägt ein Kreuz, In diesem Augenblick verliert er das Gleichge-
861 3786 2446 4016 wicht und bricht sich einen Arm.
