4520 5576
1269 220 1497 423 1
932 480 1094 639 G.H.F.P
1868 578 2348 777 Parabel.
1033 814 4150 997 An einem schönen Sommertage ritt ein Reiter in heiteren Gedanken
1042 981 4170 1111 seines Wegs, als er an Rande der Landstrasse einer Kapelle gewahr
1050 1090 4219 1241 wurde und nach seiner frommen Art sich gedrängt fühlte darin seine
1029 1204 4252 1347 Andacht zu verrichten. Er band sein Ross an einen Baum, trat in die
1029 1330 4260 1469 Kapelle und liess ein inbrünstiges Gebet zu Gott aufsteigen, als er
1029 1453 4288 1623 merkte, dass sich die rechte Sammlung in seiner Seele nicht einstel-
1046 1550 4073 1697 len wollte; und bald entdeckte er zu seinem Schrecken, dass er,
1021 1672 4272 1802 statt seine Gedanken zu Gott emporzurichten, immer an sein Rösslein
1033 1798 4252 1990 denken musste, das draussen wohl angebunden, aber doch ohne weitere
1033 1904 4069 2075 Bemachung des Herrn wartete. Und binne kurzem war ihm wirklich,
1029 2051 4044 2185 als hörte er draussen ein verdächiges Geräusch. Rasch erhob er
1033 2152 4203 2295 sich von den Knieen und kaum war er ins Freie getreten, so sah er,
1046 2270 4122 2425 wie er beinahe schon gefürchtet, ein paar hundert Schritte
1033 2392 4134 2535 entfernt einen Unbekannten auf dem Ross ins Weite sprengen. Weit
1042 2519 4223 2637 und breit war kein andrer Mensch zu sehen und als endlich auf sein
1029 2612 4288 2779 Rufen und Schreien einige Landleute herbeikamen, war der Dieb auf zu
1021 2714 4252 2852 seiner leichtfüssigen Beute längst verschwunden. Schon drängte sich
1029 2844 4036 2966 ein Fluch dem Bestohlenen auf die Lippnen, als ihm zur rechten
1021 2966 4089 3109 Zeit einfiel, dass ihm nur nach Recht geschehen war, indem Gott
1029 3064 4170 3222 ihn auf solche Weise für seine Unaufmerksamkeit im Gebet bestraft
1009 3202 4280 3345 habe. Hiebei beruhigte er sich fürs Erste, und war schon ganz bereit
1021 3328 4089 3463 was ihm begegnet als einen neuen Beweis für Gottes Allgegenwart
1021 3426 4109 3564 und Gerechtigkeit zu preisen, - als er erfuhr, dass der Rossdieb
1021 3544 4089 3694 eingefangen und aufgehängt worden war. Hierüber aber geriet der
1009 3658 4138 3808 fromme Mann in heftige innere Gewissenszweifel, da er ja wusste,
1029 3780 4158 3922 dass jener Dieb nur das Werkzeug eines göttlichen Willens gewesen
1021 3886 4162 4024 war und somit keine Strafe verdient hätte. Doch er erinnerte sich
1021 4016 4191 4162 allmählich, dass Gott auch sojon in vielen anderen Fällen allerlei-
1017 4138 4109 4260 Verbrechen, die doch auch nur mit seiner Zustimmung, ja auf sein
1005 4252 4179 4390 Gebot hatten geschehen können, auf das Härteste, sei es auf einfa-
997 4358 4036 4504 chem Weg, oder durch Vermittlung menschlicher Richter gestraft
993 4480 4142 4622 hätte und dass auch eine solche Bestrafung von den Priestern und
1005 4594 4138 4724 anderen weisen Männern als Beveis göttlicher Allgegenwart und Ge-
1005 4699 4195 4846 rechtigkeit gepriesen worden war. So gab er es denn für eine Weile
1017 4826 4012 5013 auf, der Sache weiter nachzugshen, bis ihn kommt eines Tages
