4696 5752
2126 352 2658 578 V. R. W.
3609 614 3777 795 2)
807 709 1823 922 (Ansätze zu Parabeln)
791 934 983 1126 P.
844 1065 2138 1294 Legende vom ewigen Funken.
836 1180 3805 1401 Eine Rakete verpufft, ein Funke will nicht verlöschen, bleibt
864 1356 3322 1630 einsam in der Luft, schaudert in seiner Einsamkeit.
2495 1720 3592 1987 - - - - * - * * * ̃ - -
1630 1786 2417 2056 - - - - -- - -
877 2077 3904 2376 Das grosse Feuerwerk, das kleine Kind daneben, dass unbekümmert
885 2208 3949 2523 darum seine kleinen Streichhölzchen anbrennt und das Spiel fort-
889 2392 3318 2658 setzt, auch wenn das Feuerwerk längst zu Ende ist.
3326 2794 3678 3015 --
2224 2859 2826 3109 ̃   =  =
1630 2896 1880 3084 - -
918 3179 3936 3429 Komm her, Löwe, ich tu dir nichts, sagte das Kind, steckte dass
938 3351 4154 3572 Händchen durchs Gitter und reichte dem Löwen ein Stück Brot. Es war
946 3498 4072 3805 ein braver Lesebuch-Löwe, er wusste, was er sich schuldig war, er
934 3642 3953 3883 nahm das Stück Brot und zog sich knurrend in den Winkel seines
938 3781 4231 4076 Käfigs zurück. Aber merkt Euch, Kinder, es gibt Löwen, die nicht aus
954 4047 1835 4289 dem Lesebuch sind.
