4712 5736
985 365 1491 620 1 1/2/18
3428 438 3631 693 3)
815 426 1884 806 (Ansätze zu Parabeln)
859 778 3931 1090 Am Strand spielt ein Bub, baut einen Sandhaufen, höhlt ihn aus,
879 940 4089 1220 erschöpft mit der Kanne aus dem xxx Meer Wasser und giesst es in
904 1167 2269 1394 die Höhlung des Sandhaufens.
916 1370 1860 1580 "Was machst du da?"
932 1536 1463 1714 "Ein Meer".
928 1609 3129 1888 "Ist dir das Meer draussen nicht gross genug?“
932 1759 3368 2030 "Ja, grösser ist es schon, aber das ist mein Meer."
948 2350 3931 2598 Die Rosse eines Leichenwagens haben gescheut und sind durchge-
952 2480 4215 2764 gangen; im Sarge der Tote poltert hin und her; ein paar Unvorsichti-
964 2642 4154 2926 ge gerieten unter die. Räder. Wir anderen sahen von unserem Fenster
981 2816 4198 3092 aus dem Schauspiel zu und bilden uns ein, einen weltgeschichtlichen
977 3056 2111 3254 Moment erlebt zu haben,
997 3514 4101 3753 Zwei Knaben liefen um die Wette. Der eine verlor immer und immer
1005 3651 4198 3931 wieder; wurde endlich ärgerlich und wollte das Spiel aufgeben. Der
1001 3769 4247 4109 Andere, nur um den Freund zu ermutigen, entschloss sich, ihn einmal
1029 3971 4202 4231 gewinnen zu lassen. Doch kaum war dieser am Ziel angelangt, so ju-
1033 4146 3445 4413 belte er laut und verhöhnte den gefälligen Freund.
