4616 5688
2880 280 3671 483 3o   ƒ 1  p.s. 1
742 544 1773 771 (Ansätze zu Parabeln)
791 799 3943 1026 Neulich begegnete ich einem Bekannten, fragte ihm um die Zeit, er
791 957 4028 1201 nahm die Uhr aus der rechten, sofort darauf eine zweite Uhr ans der
783 1067 4036 1335 linken Westentasche, dachte eine Weile nach und nannte mir dann die
803 1330 1176 1541 Stunde.
823 1383 3002 1663 „Wie“, rief ich aus, „Sie tragen zwei Uhren?"
827 1554 3914 1801 "Früher hatte ich auch nur eine, wie die anderen Leute, die ging
823 1728 3939 1955 aber täglich um zehn Minuten vor, so entschloss ich mich eine an-
832 1882 3918 2117 dere zu kaufen, die täglich um zehn Minuten zurückgeht. Nun bin
827 2052 3663 2272 ich in der Lage, stets genau zu berechnen wie spät es ist.“
856 2194 4056 2381 "Wie wär's“, bemerkte ich nach einigem Besinnen,‟wenn Sie die beiden
827 2365 4093 2588 ihren berkauften und sich mit dem Erlös eine Präsisionsuhr anschaff-
844 2576 1115 2730 ten?"
844 2706 2750 2904 Er sah mich mit einiger Missachtung an.
880 2827 3075 3050 "Rationalist", sagte er und liess mich stehen.
