4680 5688
713 666 1777 1048 (Ansätze zu Parabeln)
3143 809 3382 964 1921
780 956 3977 1262 Sie hatte ihm einen Dolchstich versetzt; doch es war nur im Ueber-
792 1060 3940 1391 mut gewesen. Als er daran beinahe verblutet wäre, nahm sie es ihm
809 1270 4082 1584 wohl anfangs ein wenig übel, doch gutmütig, wie sie war, verzieh sie
809 1438 3915 1702 es ihm wieder. Nachher aber bekam er Herzklopfen, sein Puls ging
813 1588 3869 1865 immer schneller und der Frost warf ihn hin und her. „Wie,“ rief
821 1718 4191 2033 sie aus,“im hast du nicht am Ende Fieber?"- „Ich glaube fast“, bemerkte
834 1815 4200 2200 er schüchtern. „Was du für ein empfindlicher Mensch bist“, meinte sie,
851 2050 3894 2314 ihm milde die Stirne streichelnd,“ich habe mich von dem kleinen
834 2238 2209 2527 Zwischenfall längst erholt.“
872 2804 4032 3085 Es war einmal ein Zauberer, der zeigte den Leuten eine wunderbare
889 2879 4166 3269 Perlenschnur, an der nur die Perlen, nicht aber die Schnur zu sehen
897 3131 4145 3395 war. So schwebten die Perlen frei in der Luft, doch nur in der Hand
910 3282 4195 3592 des Zauberers und für keinen Anderen hatte so die Perlenschnus einen
926 3546 4074 3864 Da kam ein Anderer, der behauptete gleichfalls, eine Perlenschnur
910 3550 1195 3739 Wert.
922 3751 4158 4045 zu besitzen, an der war wieder nur die Schnur zu sehen und die Per-
930 3898 4124 4166 len waren unsichtbar. Er schlug dem ersten Zauberer ein Compagnie-
939 4082 3382 4363 geschäft vor. Man weiss nicht, ob es zustande kam.
