4456 5624
1281 357 1677 602 Parabel
3165 464 3337 654 4)
598 658 1385 976 und verschwand.
2967 662 3393 963 G.C.F.P.
2042 851 2322 1019 v:t:e:a:d:e
628 886 3870 1247 Als sie nach geraumer Zeit wiederkehrte, fand sie, was sie natürlich
890 744 1991 1096 Fridolin. "Denn obwohl
3431 989 3694 1101 V.A.P.
624 1092 3762 1406 nicht überraschen konnte, statt des ju/gendschönen Fridolin, den
636 1131 3814 1561 sie verlassen hatte, einen blatternarbigen, mattäugigen, ziemlich
598 1251 3986 1673 kahlköpfigen alten Herrn vor, und gleich beim Eintritt sagte sie ihm:
585 1505 3939 1862 "Da deine Gattin, wie ich als Fee natürlich weiss, trotz der trübse-
632 1621 3883 1982 ligen Veränderung, die sich mit dir zugetragen, bei dir verblieben
3264 1759 3586 1866 G.H.F.P.
602 1763 3939 2163 ist und nach wie vor in Zärtlichkeit deine ärmliche Behausung, dein
718 1991 3844 2318 kärgliches Mahl und dein Bett teilt, so kannst du wohl nicht mehr
722 2120 4046 2451 zweifeln, dass du um deiner selbst willen geliebt wirst. Denn von dem
740 2266 3934 2597 einstigen Fridolin ist nun wahrhaftig nichts mehr übrig geblieben.
748 2434 4029 2782 _ "Du irrst", erwiderte Fridolin," immer noch genug. Ich selbst bin ja
645 2516 4012 2988 noch da. Was bedeutet am Ende Geist, Reichtum, Schönheit? Meine Kör-
791 2666 4076 3118 perlichkeit existiert noch. Mein Wesen, das nun auch ohne alle Eigen-
791 2834 4033 3225 schaften, die man mit Namen bezeichnen kann, etwas Einziges, Geheim-
800 3057 4072 3401 nisvolles, niemals Wiederkehrendes bedeutet. Um dieses Wesens willen
654 3152 4076 3552 liebt mich meine Frau und nicht meiner selbst willen. Also, wir ste-
654 3281 4115 3732 hen im Grunde genau an derselben Stelle wie bei deinem ersten freund-
765 3466 4141 3857 "lichen Besuch."- "Du bist also noch nicht zufrieden?" fragte die See,
826 3595 4076 4012 schon etwas ungeduldig.“Und du wünschst eine neue und letzte Probe?
864 3780 4106 4167 "Ich bestehe darauf", erwiderte Fridolin "und koste es mein Leben."
847 3943 4158 4343 In diesem Augenblick sank er tot zusammen und seine Seele stieg zum
2920 4197 3229 4399 die mit
851 4291 1544 4494 Himmel auf.
2103 4347 3767 4558 dieselben, drei, von denen sich mein
843 4364 4102 4820 Nach geraumer Zeit begegnete ihm dort die Fee und sagte ihm, nicht
903 4601 4068 4945 ohne leichten Spott: "Ich habe alle deine Wünsche erfüllt. Bist du
942 4700 4171 5100 jetzt zufrieden? Und wenn du davon überzeugt bist hast du diese Ue-
916 4893 4115 5268 berzeugung nicht etwa zu teuer bezahlt?" -“Ich glaube nicht“, er-
