4600 5608
3350 523 3523 724 3)
748 615 1761 957 Ansätze zu Parabeln)
784 840 3804 1198 Am Strand spielt ein Bub, baut einen Sandhaufen, höhlt ihn aus,
800 965 3993 1383 erschöpft mit der Kanne aus dem Neës Meer Wasser und giesst es in
808 1323 1037 1424 G.C.F.P
808 1287 2171 1532 die Höhlung des Sandhaufens.
828 1468 1078 1572 G.C.F.P.
832 1476 1745 1649 "Was machst du da?”
844 1613 1371 1814 "Ein Meer".
848 1629 3028 1962 "Ist dir das Meer draussen nicht gross genug?"
861 1785 3257 2135 Ja, grösser ist es schon, aber das ist mein Meer.
2747 1914 3535 2119 enten zurückgeht.
889 1946 1046 2035 G.C.F.P.
2123 2188 3342 2381 x * * * _ * * » * * = * *
2718 2256 3149 2441 Gesinnen
2968 2352 3603 2517 Präsisionsuhm
881 2433 3816 2807 Die Rosse eines Leichenwagens haben gescheut und sind durchge-
1882 2425 2135 2586 sich,
1283 2473 1532 2630 G.C.H.F.P
913 2509 1134 2650 G.F.P.
885 2497 4130 2956 gangen; im Sarge der Tote poltert hin und her; ein paar Unvorsichti-
893 2702 4057 3096 ge gerieten unter die Räder. Wir anderen sahen von unserem Fenster
2558 2895 2964 3016 ich stah
897 2847 4126 3253 aus dem Schauspiel zu und bilden uns ein, einen weltgeschichtlichen
909 3173 2039 3406 Moment erlebt zu haben.
937 3595 4045 3889 Zwei Knaben liefen um die Wette. Der eine verlor immer und immer
941 3756 4130 4074 wieder; wurde endlich ärgerlich und wollte das Spiel aufgeben. Der
957 3840 4190 4226 Andere, nur um den Freund zu ermutigen, entschloss sich, ihn einmal
953 4009 4134 4391 gewinnen zu lassen. Doch kaum var dieser am Ziel angelangt, so ju-
969 4267 3382 4536 belte er laut und verhöhnte den gefälligen Freund.
