4536 5528
1577 517 2019 684 Parabel
814 713 4051 1064 Als Fridolin einmal verdrossen in seiner Stube sass, trat eine Fee
1289 676 1586 876 G.H.F.P
830 889 4106 1206 zu ihm, worüber er weiter nicht erstaunte, da sie sich ihm schon bei
826 1047 4102 1331 anderen Gelegenheiten gezeigt hatte. “Was ist Dir?” fragte sie. "Wa-
855 1193 4060 1481 rum bist Du verdrossen? Du, der begabt, reich, xxxjung und jugend-
855 1389 4077 1665 schön und überdies der Gatte einer wahrhaft en sückenden Frau bist,
872 1490 4060 1807 die Dich liebt?“ - "Daran liegt es eben", erwiderte Fridolin.”Denn
868 1656 3997 1932 ich weiss nicht, ob sie mich um meiner selbst willen liebt."Aus
868 1807 4102 2086 welchem anderen Grunde sollte sie Dich lieben," fragte dies Fee."Du
868 1969 4143 2253 bist nun einmal wie du bist."- Das eben quält mich", erwiderte Fri-
876 2136 3985 2378 dolin. "Denn ich fürchte sehr, dass sie mich gar nicht um meiner
885 2266 4239 2549 selbst willen liebt, sondern nur um meines Geistes willen. "Das wird
893 2420 4214 2725 sich ja leicht feststellen lassen", sagte die Fee. "Es kostet nur ein
889 2579 3492 2846 Zauberwort und mit deinen ganzen Genie ist es vorbei.“
2562 2766 2925 2946 e e e e V.
897 2850 4218 3179 Das väre mehr, als ich verlange,“ e widerte Fridolin. “Es genügt mir,
914 3017 4239 3305 venn du es nur dahin bringen kannst, dass meine Frau von meinem Geist
914 3171 4227 3505 nichts mehr merkt.“. „Du sollst deinen Willen haben,“ sagte die See.
939 3363 4243 3643 "Ich werde dich für deine Frau so langweilig und schwerfüllig machen,
926 3484 4277 3772 dass sie dir gleich davon/laufen soll, wenn es wirklich nur dein Geist
939 3651 4085 3947 war, der sie bisher an dich gefesselt hat.“ Damit verschwand sie.
3488 3780 3872 3981 die Fee.
2512 3843 2929 4047 hafft wer-
972 3914 1143 4131 G.F.
939 3922 4256 4252 Nach einiger Zeit fand sie sich wieder bei Fridolin ein und erkundig-
964 4093 4277 4398 te sich, wie die Sache zwischen ihm und seiner Frau stünde. "Sie lieb
956 4260 4273 4573 mich nach wie vor, erwiderte Fridolin. Und dabei muss ich selber zu
1051 4402 4277 4694 gestehen, dann ich, seitdem in meinen Wunsch erfüllt hast, werte Fee,
972 4573 4202 4848 in ihrer Gesellschaft tatsächlich der langweiligste Mensch bin, den
993 4694 4281 5003 sie jemals begegnet sein mag, Nicht ein kluges Wort füllt mir mehr et
951 4890 4273 5166 niemls die richtige Antwort und ich könnte fast glauben, dass sie
