4456 5560
1043 130 1367 317 "    "
794 134 1077 325 "FJ
974 378 1665 508 (Parabel, 1918)
1883 569 2314 752 V.A.F.P.
966 699 3994 966 Es blieb uns nichts übrig als anzunehmen. Nunaber begannen die
981 886 3861 1081 Menschen sich zu teilen, Gruppen bildeten sich, ein Kämpfen
981 993 4040 1188 hub an und du siehst, wie es uns dabei ergangen ist.- Wie, sie
981 1119 4052 1298 hatten nicht mehr Respekt vor Buch, die Ihr doch den göttlichen
993 1237 4044 1424 Namen der Ideen trugt? - Wir trugen ihn nicht mehr. Sie nannten
1012 1348 4040 1547 uns anders: Überzeugungen. - Und so haben sie Euch entlassen? -
993 1459 4063 1650 Nein, sie bedürfen unserer nicht mehr. Sie schwingen die Fetzen
1004 1581 4002 1787 unserer Gewänder, sie hauen sich gegenseitig um die Köpfe. Das
1004 1703 3987 1928 ist ihnen genug, Wir aber steigen empor zu Gott, woher wir ge-
3338 1818 3563 1944 G.F.P.
1738 1917 2135 2028 dʼoù il y a dit
1012 1917 1642 2028 kommen.
2826 1909 3055 2043 Monsieur,
3338 1906 4010 2066 G.C.H.F.P.
993 2009 2135 2150 Und sie entschwanden.
2811 2001 3991 2158 trouvée parvenir les
2520 2131 4170 2276 reprincie avec moins aussi
2620 2249 4086 2413 j'ai lisé a lisiré avec
2276 2360 2868 2482 ̃ ̃̃ ###===
2849 2379 4090 2517 « ^ ^ ^ t ^ ^
2219 2448 4185 2635 , mais elle a été entretien
2413 2581 4231 2753 ,...,..
2238 2734 4212 2856 G.C.H.F.T.K.G.G,H.S.
1764 2742 2131 2960 dʼauteur avec
2131 2834 3987 2948 t ^ r
1757 2933 4025 3089 rung einen geworden war, indem Gott
1627 3070 3765 3215 eine für seine xxx im Geben
1386 3185 3914 3311 ebel beruhinte or when Ira arate, and war [?]
1065 3299 4021 3425 xxx begegnet als einen neuen Beweis für Gottes Allgegenwart
993 3410 4048 3571 und darwichtigkeit zu preisen, - als er erfuhr, dass der Rossdied
974 3532 3987 3662 eingefangen und aufgehängt werden war. Hierüber aber geriet den
981 3651 3956 3773 fremme xxx in heftige innere Gewissenszweifel, da er ja xxx
974 3754 3540 3907 dass jener lieb nur das Werkzeug eines göttlichen Wil
974 3891 3422 4021 war und somit keine Strafe verdient hätte. Doch er
970 3994 3299 4147 allmählich, dass Gott auch sojon in vielen xxx
970 4113 3238 4262 Verbrechen, die doch auch nur mit seiner Zusammen
959 4216 3189 4350 Gebot hatten geschehen können, auf das Ehrtest
974 4346 3158 4476 chen Weg, oder durch Vermittlung xxxnachlicher
951 4460 3147 4609 hatte und dass auch eine solche Bestrafung va
962 4563 3234 4712 anderen reiden Märmern als Beweis göttlicher A
959 4693 3349 4827 rechtigkeit gepriesen worden war. So gab er es den
970 4808 2990 4983 auf, der Bachwe weiter nachaugehen, bis ihm
