4680 5704
1939 325 2786 598 1 1 1/2  1  1 1 1
735 526 1782 783 (Ansätze zu Parabeln)
791 815 3849 1100 Ein braver frommer Mann hatte sich nach einem Leben voll Arbeit
803 971 3946 1228 in einer schönen Gegend ein Haus gebaut und liess über das Tor in
803 1120 3913 1401 goldenen Buchstaben die Worte setzen: Gesegnet sei dies Haus und
815 1312 4034 1606 jeder, der geht ein und aus. Bald nachdem er mit seiner jungen Frau
815 1445 4002 1730 und seinen unmündigen Kindern das Haus bezogen hatte, wurde er und
823 1618 4034 1854 seine ganze Familie ermordet, beraubt und das Haus selbst niederge-
823 1782 4046 2031 brannt. Die Wirkung des frommen Spuches aber sollte sich bald aufs
835 1943 3885 2212 Herrlichste erweisen. Der Mörder wurde nämlich niemals entdeckt
839 2087 4038 2352 und durfte sich sein ganzes Leben lang an dem Genuss des geraubten
851 2288 2669 2525 Gutes ungestört und reuelos erfreuen.-
2428 2569 3046 2765 . - - -  - -.
2918 2838 3584 3075 (90 er Jahre)
859 3167 4026 3428 Ein frommer Jüngling macht einen Ausflug zu Rad. Wie er bei einer
859 3331 3837 3564 Kirche vorbeikommt, nimmt er eine Hand von der Lenkstange und
891 3500 3998 3701 schlägt ein Kreuz, In diesem Augenblick verliert er das Gleichge-
883 3673 2452 3913 wicht und bricht sich einen Arm.
