4584 5592
3729 270 4167 483 - 1 - 14 - 1
3504 336 3693 491 G.
3267 307 3451 520 P.
3426 479 3594 663 5)
770 565 1789 860 Ansätze zu Parabeln)
798 819 4061 1130 Ich kannte einen, der am Abend stets annsich selber einen Brief auf-
1093 757 1756 995 (1917)
819 950 4110 1281 gab, nur um an nächsten Morgen zur Postzeit keine Enttäuschung zu ef-
802 1105 4012 1441 leiden. Aber es ist mir nie klar geworden, ob es ein Narr oder ein
3680 1232 4053 1396 mich sie
2411 1253 3414 1494 gutmütig, wie sie war
827 1388 1408 1597 Weiser war.
1396 1453 3050 1715 leipäkortteja seuksi
1122 1531 1371 1744 G.H.F.P
3295 1564 3463 1711 G.C.F.P.
2583 1597 3124 1760 a him and he
856 1633 4077 1985 Zwei junge Leute kommen uns nachts auf der Landstrasse entgegen und
1335 1670 1936 1834 aller und der
864 1805 4102 2153 zeichnen sich dem Horizont gegenüber wundervoll ah. Aberwenn wir ap-
3017 1936 3181 2022 G.H.F.P.
876 1945 4045 2305 plandierten, würden sie es nicht verstehen, denn sie wissen nichts
2735 2100 3107 2243 Le Même
1056 2239 2526 2464 ihrem Verhältnis zum Horizont.
3590 2350 3836 2554 1921
2149 2366 2366 2604 --
1506 2432 1736 2559 . - —
913 2493 4028 2816 Es gab einmal einen sehr begabten Hund, der bellte, heulte, biss,
925 2620 4053 2956 am Ende stellte er sich sogar toll,- nur, um sich in den Mund der
909 2821 4151 3132 Leute zu bringen. Aber nichts wollte ihm helfen, biser einmal einen
905 2964 4151 3324 Peitschenhieb übers Paul bekam, da sprach den nächsten Tag die ganze
3562 3124 3881 3328 1921.
933 3263 1703 3480 Stadt von ihm.
946 3295 4086 3635 Es war einmal eine Katze, die lief hundertmal hinter den Spiegel,
958 3500 4090 3795 um das geheimnisvolle Wesen zu entdecken, als dessen Ebenbild sie
974 3635 4208 3950 selbst auf dem Fussboden sich herumtrieb. Sie fand es nicht, geriet
982 3758 4249 4110 in Verzweiflung, der Spiegel zerbrach bei ihrem letzten Versuch, und
987 4004 2649 4241 nun hatte sie ihren Gott verloren.
