4536 5512
2734 272 2960 441 1:
3768 276 3986 515 1 2.
902 371 1305 593 Parabel
939 696 3961 992 trüben Tag wieder böse Buben an ihm vorübergingen, seiner Kahl-
926 910 4039 1103 heit spotteten und bemerkten, dass es nun wohl endgültig mit ihm
931 1017 4179 1223 vorbei sei, dachte er verdrossen: Ihr sollt Recht gehabt haben! und
926 1190 2915 1351 beschloss, keine Früchte mehr zu tragen.
939 1215 4200 1462 Doch der Frühling kam, die Laune des Birnbaums besserte sich wieder,
947 1388 4130 1610 und er nahm sich vor, wenn er schon keine Früchte trug, doch wenig-
931 1491 4134 1676 stens zu blühen. Denn seines Duftes freute er sich selbst
939 1631 4052 1799 und der ging Niemanden etwas an. So lebte er, blühte, und freute
939 1758 4056 1952 sich den ganzen Sommer lang, und als der Herbst kam, da waren zu
959 1841 4233 2018 seiner Überraschung doch die Früchte wieder da.Er konnte sich nicht
951 1960 4089 2162 helfen. Und als die Buben vom vorigen Jahre wiederkamen, liess er
951 2092 4043 2265 sich schütteln und gab von seinen Früchten, wie im vorigen Jahr.
955 2186 4130 2359 Die Buben aber waren wohl ein Weniges älter, doch nicht klüger ge-
980 2285 4113 2462 worden. Sie redeten wie im vorigen Jahr, aber sie erhielten keine
972 2396 4216 2590 Antwort. Einer aber war da, derselbe, der im vorigen Jahr das Bauch-
968 2532 4105 2701 grimmen bekommen hatte, übre den musste sich der Birnbaum beinahe
972 2648 4196 2812 zu Tode lachen. Der hielt einen verblühten Zitronenast in der Hand,
984 2763 4290 2944 schwang ihn hin und her und rief: Habt Ihr jemals einen so herrlichen
988 2895 2738 3117 Orangenbaum gesehen, als mich?
984 3339 1145 3488 G.C.F.P
1318 4159 1589 4315 ne zwe
926 4278 1861 4439 sagte ich, eine Zwie-
1206 4402 1911 4542 Grimman verspüre,
2734 4406 3113 4583 Erzte er
1371 4517 1943 4669 andere Enal
2594 4500 3496 4669 wissen von den Birne
1169 4653 1981 4785 an es sich schmeck
2870 4653 3673 4801 den dankten sogar.
1408 4747 2466 4937 ich voll und schimpften.
2940 4743 3706 4929 sen nicht einmal
1503 4855 1672 5015 xx.
1536 4974 1742 5126 e ee
2792 4957 2998 5139 &c
