4536 5576
3604 238 3812 430 H.F.P.
681 736 1711 1034 Ansätze zu Parabeln)
3064 791 3327 1034 1921
689 825 4119 1255 Sie hatte ihn einen Dolchstich versetzt, doch es war nur in Ueber-
711 1085 3902 1391 mut gewesen. Als er daran beinahe verblutet väre, nahm sie es ihm
719 1272 4029 1579 wohl anfangs ein wenig übel, doch gutmütig, wie sie war, verzieh sie
736 1455 3868 1711 es ihm wieder. Nachher aber bekam er Herzklopfen, sein Puls ging
740 1566 3834 1847 immer schneller und der Trost warf ihn hin und her. "Wie," rief
736 1732 4119 2042 sie aus," xx hast du nicht an Ende Fieber?- "Ich glaube fast", bemerkte
757 1864 4102 2153 er schüchtern, „Was du für ein empfindlicher Mensch bist", meinste sie,
757 2038 3838 2327 Ihm milde die Stirne streichelnd, "ich habe mich von den kleinen
762 2272 2136 2515 Zwischenfall längst erholt.“
2621 2413 2949 2604 G.C.H.F.P.K.
2383 2549 2876 2753 -- — — —
3021 2761 3183 2906 ai1e
800 2830 3966 3123 Es war einmal ein Zauberer, der zeigte den Leuten eine wunderbare
813 2953 4076 3276 Perlenschnur, an der nur die Perlen, nicht aber die Schnur zu sehen
825 3081 4059 3442 war. So schwebten die Perlen frei in der Luft, doch nur in der Hand
842 3293 4204 3608 des Zauberers und für keinen Anderen hatte so die Perlenschnus einen
3659 3532 3838 3659 G.C.F.P
851 3608 1225 3770 Wert.
851 3566 4017 3949 Da kam ein Anderer, der behauptete gleichfalls, eine Perlenschmur
855 3778 4149 4047 zu besitzen, an der war wieder nur die Schnur zu sehen und die Per-
860 3876 4098 4212 len waren unsichtbar. Er schlug dem ersten Zauberer ein Compagnie-
877 4076 3302 4408 geschäft vor. Man weiss nicht, ob es zustande kam.
2272 4808 3302 5059 Jede der Birsbaum, der
1200 4838 2004 5140 Als der Winter kund
3315 4927 3766 5106 nig. Und d
2689 4983 3217 5178 nisse trübs
1396 5068 2047 5293 nerung an sein
