<?xml version="1.0" encoding="UTF-8" standalone="yes"?>
<PcGts xmlns="http://schema.primaresearch.org/PAGE/gts/pagecontent/2013-07-15" xmlns:xsi="http://www.w3.org/2001/XMLSchema-instance" xsi:schemaLocation="http://schema.primaresearch.org/PAGE/gts/pagecontent/2013-07-15 http://schema.primaresearch.org/PAGE/gts/pagecontent/2013-07-15/pagecontent.xsd">
    <Metadata>
        <Creator>prov=READ-COOP:name=TrHtr:version=2.1.0:model_id=51170:date=28_07_2023_00:53</Creator>
        <Created>2023-05-10T11:14:24.636+02:00</Created>
        <LastChange>2023-07-28T00:53:44.673+02:00</LastChange>
        <TranskribusMetadata docId="1428135" pageId="55384646" pageNr="33" tsid="131311691" status="IN_PROGRESS" userId="64420" imgUrl="https://files.transkribus.eu/Get?id=RSTRBMXWKUYAUCOTWJMNWCJC&amp;fileType=view" xmlUrl="https://files.transkribus.eu/Get?id=FNKUNRLKMFWQQEPYGHKKNXBZ" imageId="44659545"/>
    </Metadata>
    <Page imageFilename="1428135_0033.jpg" imageWidth="6120" imageHeight="4040">
        <ReadingOrder>
            <OrderedGroup id="ro_1711824496154" caption="Regions reading order">
                <RegionRefIndexed index="0" regionRef="tr_1"/>
                <RegionRefIndexed index="1" regionRef="tr_2"/>
            </OrderedGroup>
        </ReadingOrder>
        <TextRegion id="tr_1" custom="readingOrder {index:0;}">
            <Coords points="3298,440 5731,440 5731,2179 3298,2179"/>
            <TextLine id="tr_1_tl_1" custom="readingOrder {index:0;}">
                <Coords points="3281,583 4847,507 5536,589 5709,525 5660,370 3284,443"/>
                <Baseline points="3298,525 3382,531 3472,531 3561,525 3651,525 3741,519 3830,519 3920,513 4010,513 4099,513 4189,513 4279,507 4368,507 4458,507 4547,502 4637,507 4727,502 4816,507 4906,502 4996,502 5085,502 5175,502 5265,496 5354,496 5444,496 5534,496 5623,490 5713,490"/>
                <TextEquiv>
                    <Unicode>22. Tochter des Totengräbers,die den Leuten an-</Unicode>
                </TextEquiv>
            </TextLine>
            <TextLine id="tr_1_tl_2" custom="readingOrder {index:1;}">
                <Coords points="3475,637 5023,592 5023,543 4895,507 3478,543"/>
                <Baseline points="3496,603 3508,603 3597,603 3687,597 3777,597 3866,597 3956,597 4045,597 4135,591 4225,585 4314,591 4404,585 4494,585 4583,579 4673,579 4763,579 4852,579 4942,579 5032,585"/>
                <TextEquiv>
                    <Unicode>sieht, wann sie sterben werden.</Unicode>
                </TextEquiv>
            </TextLine>
            <TextLine id="tr_1_tl_3" custom="readingOrder {index:2;}">
                <Coords points="3496,704 4883,734 5169,668 5709,741 5709,571 3496,634"/>
                <Baseline points="3514,669 3561,675 3651,675 3741,675 3830,675 3920,675 4010,675 4099,669 4189,669 4279,669 4368,669 4458,663 4547,663 4637,663 4727,663 4816,663 4906,663 4996,657 5085,657 5175,651 5265,651 5354,651 5444,651 5534,651 5623,645 5713,645"/>
                <TextEquiv>
                    <Unicode>Trauernde Schauspielerwitwe, die zum Theater</Unicode>
                </TextEquiv>
            </TextLine>
            <TextLine id="tr_1_tl_4" custom="readingOrder {index:3;}">
                <Coords points="3281,731 3317,719 3354,725 3384,744 3405,741 3414,731 3445,734 3442,598 3414,598 3393,580 3384,589 3363,583 3357,592 3338,589 3320,574 3311,586 3275,583"/>
                <Baseline points="3298,687 3388,687 3448,693"/>
                <TextEquiv>
                    <Unicode>23.</Unicode>
                </TextEquiv>
            </TextLine>
            <TextLine id="tr_1_tl_5" custom="readingOrder {index:4;}">
                <Coords points="3490,774 3551,786 3563,774 3603,786 3615,774 3639,774 3651,786 3678,774 3697,789 3721,777 3763,777 3763,698 3730,692 3718,704 3691,692 3663,698 3621,689 3593,707 3563,692 3490,722"/>
                <Baseline points="3508,758 3597,758 3687,758 3771,764"/>
                <TextEquiv>
                    <Unicode>geht.</Unicode>
                </TextEquiv>
            </TextLine>
            <TextLine id="tr_1_tl_6" custom="readingOrder {index:5;}">
                <Coords points="3490,853 5202,810 5581,880 5609,722 3493,774"/>
                <Baseline points="3508,842 3555,836 3645,836 3735,830 3824,830 3914,830 4004,824 4093,824 4183,818 4273,818 4362,818 4452,818 4542,818 4631,812 4721,812 4810,812 4900,812 4990,812 5079,812 5169,812 5259,806 5348,812 5438,812 5528,806 5617,806"/>
                <TextEquiv>
                    <Unicode>Der sich für eine Frau ruinieren will und</Unicode>
                </TextEquiv>
            </TextLine>
            <TextLine id="tr_1_tl_7" custom="readingOrder {index:6;}">
                <Coords points="3284,874 3308,868 3354,895 3369,895 3387,880 3408,892 3439,886 3430,756 3393,759 3381,750 3354,747 3335,759 3326,753 3275,768"/>
                <Baseline points="3298,836 3388,842 3442,848"/>
                <TextEquiv>
                    <Unicode>24.</Unicode>
                </TextEquiv>
            </TextLine>
            <TextLine id="tr_1_tl_8" custom="readingOrder {index:7;}">
                <Coords points="3496,926 5244,904 5196,807 3499,865"/>
                <Baseline points="3514,914 3549,914 3639,914 3729,914 3818,908 3908,914 3998,908 4087,908 4177,908 4267,902 4356,902 4446,896 4536,896 4625,896 4715,890 4804,890 4894,890 4984,884 5073,884 5163,890 5253,896"/>
                <TextEquiv>
                    <Unicode>immer auf häusliche weiber trifft.</Unicode>
                </TextEquiv>
            </TextLine>
            <TextLine id="tr_1_tl_9" custom="readingOrder {index:8;}">
                <Coords points="3278,1026 5436,989 5360,868 3281,938"/>
                <Baseline points="3298,992 3388,998 3472,1004 3508,998 3561,992 3651,992 3741,986 3830,986 3920,980 4010,986 4099,986 4189,980 4279,980 4368,980 4458,980 4547,974 4637,974 4727,968 4816,974 4906,968 4996,968 5085,968 5175,968 5265,962 5354,962 5444,962"/>
                <TextEquiv>
                    <Unicode>25. Der angebliche Geliebte der berühmten</Unicode>
                </TextEquiv>
            </TextLine>
            <TextLine id="tr_1_tl_10" custom="readingOrder {index:9;}">
                <Coords points="3487,1083 5490,1117 5621,1071 5621,923 5311,999 3490,1008"/>
                <Baseline points="3508,1075 3567,1069 3657,1069 3747,1069 3836,1069 3926,1063 4016,1063 4105,1063 4195,1063 4285,1063 4374,1057 4464,1057 4553,1057 4643,1051 4733,1051 4822,1045 4912,1051 5002,1045 5091,1045 5181,1045 5271,1045 5360,1045 5450,1045 5540,1039 5629,1039"/>
                <TextEquiv>
                    <Unicode>Schauspielerin; wurde nur einmal hinausge-</Unicode>
                </TextEquiv>
            </TextLine>
            <TextLine id="tr_1_tl_11" custom="readingOrder {index:10;}">
                <Coords points="3490,1168 3569,1159 3603,1178 3618,1165 3630,1175 3818,1156 3870,1175 3870,1123 3842,1120 3806,1083 3779,1077 3669,1093 3633,1083 3600,1102 3490,1096"/>
                <Baseline points="3508,1147 3597,1147 3687,1147 3777,1147 3866,1147 3878,1147"/>
                <TextEquiv>
                    <Unicode>worfen.</Unicode>
                </TextEquiv>
            </TextLine>
            <TextLine id="tr_1_tl_12" custom="readingOrder {index:11;}">
                <Coords points="3287,1232 5636,1244 5727,1235 5730,1105 3287,1141"/>
                <Baseline points="3304,1231 3394,1237 3466,1237 3526,1231 3579,1225 3669,1225 3759,1225 3848,1225 3938,1225 4028,1225 4117,1219 4207,1219 4296,1213 4386,1213 4476,1213 4565,1213 4655,1213 4745,1207 4834,1207 4924,1201 5014,1201 5103,1201 5193,1201 5283,1195 5372,1195 5462,1195 5552,1195 5641,1189 5731,1201"/>
                <TextEquiv>
                    <Unicode>26. Hausierer, dem der Sohn im Gasthaus die Hand</Unicode>
                </TextEquiv>
            </TextLine>
            <TextLine id="tr_1_tl_13" custom="readingOrder {index:12;}">
                <Coords points="3490,1341 3551,1317 3600,1335 3627,1326 3675,1338 3730,1314 3821,1323 3821,1266 3794,1266 3760,1235 3727,1226 3691,1260 3663,1241 3636,1253 3603,1235 3487,1250"/>
                <Baseline points="3508,1302 3597,1302 3687,1308 3777,1308 3830,1308"/>
                <TextEquiv>
                    <Unicode>küsst.</Unicode>
                </TextEquiv>
            </TextLine>
            <TextLine id="tr_1_tl_14" custom="readingOrder {index:13;}">
                <Coords points="3293,1399 5600,1384 5630,1269 4043,1260 3678,1338 3296,1278"/>
                <Baseline points="3310,1386 3400,1392 3466,1392 3526,1392 3573,1386 3663,1380 3753,1380 3842,1374 3932,1374 4022,1374 4111,1374 4201,1368 4291,1368 4380,1368 4470,1368 4559,1368 4649,1362 4739,1362 4828,1362 4918,1356 5008,1356 5097,1356 5187,1356 5277,1356 5366,1350 5456,1350 5546,1350 5635,1350"/>
                <TextEquiv>
                    <Unicode>27. Junger Mann durch zufall in schlechte Ge-</Unicode>
                </TextEquiv>
            </TextLine>
            <TextLine id="tr_1_tl_15" custom="readingOrder {index:14;}">
                <Coords points="3502,1466 5366,1457 5411,1372 3502,1402"/>
                <Baseline points="3520,1458 3537,1464 3627,1464 3717,1458 3806,1458 3896,1452 3986,1458 4075,1452 4165,1452 4255,1452 4344,1446 4434,1446 4524,1446 4613,1446 4703,1446 4793,1440 4882,1440 4972,1434 5061,1434 5151,1434 5241,1434 5330,1428 5420,1440"/>
                <TextEquiv>
                    <Unicode>sellschaft. Missdeutung, Wiederkommen.</Unicode>
                </TextEquiv>
            </TextLine>
            <TextLine id="tr_1_tl_16" custom="readingOrder {index:15;}">
                <Coords points="3287,1596 4185,1527 4571,1615 5059,1527 5278,1599 5682,1524 5685,1399 4996,1487 3511,1490 3290,1393"/>
                <Baseline points="3304,1541 3394,1547 3466,1553 3520,1547 3537,1547 3627,1541 3717,1535 3806,1535 3896,1535 3986,1535 4075,1529 4165,1529 4255,1523 4344,1529 4434,1529 4524,1529 4613,1523 4703,1523 4793,1523 4882,1517 4972,1517 5061,1517 5151,1517 5241,1512 5330,1512 5420,1512 5510,1512 5599,1506 5689,1512"/>
                <TextEquiv>
                    <Unicode>28. Krüppel sich seines Unglücks schämend,end-</Unicode>
                </TextEquiv>
            </TextLine>
            <TextLine id="tr_1_tl_17" custom="readingOrder {index:16;}">
                <Coords points="3521,1630 3845,1615 3906,1642 4091,1609 4386,1636 4458,1621 4458,1548 3930,1542 3694,1578 3521,1551"/>
                <Baseline points="3537,1619 3567,1619 3657,1619 3747,1619 3836,1613 3926,1613 4016,1613 4105,1607 4195,1607 4285,1607 4374,1607 4464,1613"/>
                <TextEquiv>
                    <Unicode>lich stolz darauf.</Unicode>
                </TextEquiv>
            </TextLine>
            <TextLine id="tr_1_tl_18" custom="readingOrder {index:17;}">
                <Coords points="3299,1739 5293,1669 5633,1730 5636,1602 3302,1618"/>
                <Baseline points="3316,1697 3406,1703 3472,1715 3520,1697 3579,1697 3669,1697 3759,1697 3848,1691 3938,1691 4028,1691 4117,1691 4207,1691 4296,1685 4386,1685 4476,1679 4565,1679 4655,1679 4745,1673 4834,1673 4924,1673 5014,1673 5103,1673 5193,1673 5283,1667 5372,1673 5462,1667 5552,1667 5641,1661"/>
                <TextEquiv>
                    <Unicode>29. Die eine Canaille werden will, weil er sie</Unicode>
                </TextEquiv>
            </TextLine>
            <TextLine id="tr_1_tl_19" custom="readingOrder {index:18;}">
                <Coords points="3521,1785 5108,1785 5175,1766 5175,1700 3521,1721"/>
                <Baseline points="3537,1774 3567,1768 3657,1774 3747,1774 3836,1768 3926,1774 4016,1768 4105,1763 4195,1763 4285,1763 4374,1757 4464,1757 4553,1757 4643,1757 4733,1757 4822,1751 4912,1751 5002,1751 5091,1757 5181,1757"/>
                <TextEquiv>
                    <Unicode>verliess und die's nicht vermag.</Unicode>
                </TextEquiv>
            </TextLine>
            <TextLine id="tr_1_tl_20" custom="readingOrder {index:19;}">
                <Coords points="3521,1867 4968,1830 5697,1903 5700,1763 3524,1785"/>
                <Baseline points="3537,1864 3555,1858 3645,1852 3735,1852 3824,1852 3914,1852 4004,1846 4093,1846 4183,1846 4273,1840 4362,1840 4452,1840 4542,1834 4631,1834 4721,1834 4810,1834 4900,1828 4990,1828 5079,1828 5169,1828 5259,1822 5348,1822 5438,1822 5528,1822 5617,1822 5707,1816"/>
                <TextEquiv>
                    <Unicode>Blinder, dem man den Glauben an seinen puhm</Unicode>
                </TextEquiv>
            </TextLine>
            <TextLine id="tr_1_tl_21" custom="readingOrder {index:20;}">
                <Coords points="3311,1924 3326,1921 3351,1897 3423,1918 3433,1912 3466,1915 3457,1779 3408,1779 3390,1766 3372,1772 3363,1763 3335,1788 3323,1785 3302,1794"/>
                <Baseline points="3322,1858 3412,1858 3472,1870"/>
                <TextEquiv>
                    <Unicode>30.</Unicode>
                </TextEquiv>
            </TextLine>
            <TextLine id="tr_1_tl_22" custom="readingOrder {index:21;}">
                <Coords points="3527,1942 3590,1936 3612,1948 3639,1939 3700,1967 3724,1961 3751,1933 3827,1939 3827,1863 3760,1860 3739,1873 3688,1863 3672,1879 3639,1860 3527,1863"/>
                <Baseline points="3543,1930 3633,1930 3723,1930 3812,1930 3836,1930"/>
                <TextEquiv>
                    <Unicode>lässt.</Unicode>
                </TextEquiv>
            </TextLine>
            <TextLine id="tr_1_tl_23" custom="readingOrder {index:22;}">
                <Coords points="3299,2006 5093,1988 5421,2070 5597,2033 5597,1900 3299,1945"/>
                <Baseline points="3316,2002 3406,2014 3478,2025 3532,2008 3543,2008 3633,2008 3723,2002 3812,2002 3902,2002 3992,2002 4081,1996 4171,1996 4261,1990 4350,1996 4440,1996 4530,1990 4619,1990 4709,1990 4798,1990 4888,1984 4978,1984 5067,1984 5157,1984 5247,1984 5336,1978 5426,1978 5516,1978 5605,1984"/>
                <TextEquiv>
                    <Unicode>31. Der Pater, der in einem Buch beweist, dass</Unicode>
                </TextEquiv>
            </TextLine>
            <TextLine id="tr_1_tl_24" custom="readingOrder {index:23;}">
                <Coords points="3527,2085 5029,2085 5029,2030 4829,1991 4401,2043 3527,2021"/>
                <Baseline points="3543,2085 3603,2085 3693,2079 3783,2079 3872,2073 3962,2079 4051,2079 4141,2073 4231,2073 4320,2073 4410,2079 4500,2073 4589,2073 4679,2067 4769,2067 4858,2061 4948,2061 5038,2067"/>
                <TextEquiv>
                    <Unicode>in der Hölle ein gutes Leben.</Unicode>
                </TextEquiv>
            </TextLine>
            <TextLine id="tr_1_tl_25" custom="readingOrder {index:24;}">
                <Coords points="3308,2197 5700,2146 5700,2027 4443,2124 3311,2079"/>
                <Baseline points="3328,2163 3418,2169 3484,2169 3532,2169 3555,2163 3645,2163 3735,2157 3824,2163 3914,2157 4004,2157 4093,2151 4183,2151 4273,2151 4362,2151 4452,2151 4542,2145 4631,2151 4721,2145 4810,2145 4900,2145 4990,2139 5079,2139 5169,2139 5259,2139 5348,2139 5438,2133 5528,2133 5617,2133 5707,2139"/>
                <TextEquiv>
                    <Unicode>32. Einx Der nur ein Jahr zu leben hat, Wechsel</Unicode>
                </TextEquiv>
            </TextLine>
        </TextRegion>
        <TextRegion id="tr_2" custom="readingOrder {index:1;}">
            <Coords points="3328,2179 5779,2179 5779,3655 3328,3655"/>
            <TextLine id="tr_2_tl_1" custom="readingOrder {index:0;}">
                <Coords points="3539,2252 3946,2273 4018,2237 4112,2264 4219,2231 4367,2261 4577,2237 4577,2188 4498,2155 4097,2185 3788,2164 3754,2197 3539,2176"/>
                <Baseline points="3555,2241 3597,2247 3687,2241 3777,2235 3866,2235 3956,2235 4045,2229 4135,2229 4225,2229 4314,2229 4404,2229 4494,2229 4583,2235"/>
                <TextEquiv>
                    <Unicode>fälscht, gesund wird.</Unicode>
                </TextEquiv>
            </TextLine>
            <TextLine id="tr_2_tl_2" custom="readingOrder {index:1;}">
                <Coords points="3539,2346 5685,2343 5715,2191 3539,2255"/>
                <Baseline points="3555,2324 3567,2318 3657,2318 3747,2312 3836,2318 3926,2312 4016,2312 4105,2306 4195,2312 4285,2306 4374,2306 4464,2300 4553,2300 4643,2300 4733,2300 4822,2294 4912,2294 5002,2294 5091,2294 5181,2294 5271,2294 5360,2294 5450,2288 5540,2288 5629,2288 5719,2294"/>
                <TextEquiv>
                    <Unicode>Schauspiele r, der endlich von der Partnerin</Unicode>
                </TextEquiv>
            </TextLine>
            <TextLine id="tr_2_tl_3" custom="readingOrder {index:2;}">
                <Coords points="3320,2355 3335,2349 3351,2355 3369,2334 3402,2334 3433,2349 3472,2352 3466,2246 3448,2246 3445,2252 3414,2234 3387,2228 3381,2234 3342,2209 3314,2209"/>
                <Baseline points="3334,2324 3424,2324 3478,2330"/>
                <TextEquiv>
                    <Unicode>33.</Unicode>
                </TextEquiv>
            </TextLine>
            <TextLine id="tr_2_tl_4" custom="readingOrder {index:3;}">
                <Coords points="3539,2398 5087,2398 5150,2389 5150,2322 3539,2346"/>
                <Baseline points="3555,2396 3633,2396 3723,2390 3812,2390 3902,2390 3992,2390 4081,2390 4171,2384 4261,2384 4350,2384 4440,2384 4530,2378 4619,2378 4709,2378 4798,2372 4888,2372 4978,2372 5067,2372 5157,2378"/>
                <TextEquiv>
                    <Unicode>persönlich genommen werden will</Unicode>
                </TextEquiv>
            </TextLine>
            <TextLine id="tr_2_tl_5" custom="readingOrder {index:4;}">
                <Coords points="3533,2489 5381,2483 5527,2464 5530,2361 3533,2398"/>
                <Baseline points="3549,2474 3561,2468 3651,2468 3741,2462 3830,2462 3920,2468 4010,2462 4099,2462 4189,2462 4279,2462 4368,2456 4458,2456 4547,2456 4637,2456 4727,2456 4816,2456 4906,2450 4996,2450 5085,2444 5175,2444 5265,2444 5354,2444 5444,2444 5534,2444"/>
                <TextEquiv>
                    <Unicode>Der das Lotterleben schildern will und</Unicode>
                </TextEquiv>
            </TextLine>
            <TextLine id="tr_2_tl_6" custom="readingOrder {index:5;}">
                <Coords points="3317,2486 3351,2480 3372,2498 3378,2492 3442,2486 3463,2504 3478,2501 3469,2395 3445,2398 3433,2389 3417,2401 3387,2404 3378,2395 3348,2395 3335,2382 3311,2386"/>
                <Baseline points="3334,2474 3424,2474 3484,2486"/>
                <TextEquiv>
                    <Unicode>34.</Unicode>
                </TextEquiv>
            </TextLine>
            <TextLine id="tr_2_tl_7" custom="readingOrder {index:6;}">
                <Coords points="3527,2546 3603,2568 3806,2543 4122,2565 4170,2540 4258,2549 4258,2480 4024,2467 3791,2492 3715,2461 3621,2495 3527,2486"/>
                <Baseline points="3543,2545 3549,2545 3639,2545 3729,2539 3818,2539 3908,2533 3998,2533 4087,2539 4177,2533 4267,2539"/>
                <TextEquiv>
                    <Unicode>drin verkommt.</Unicode>
                </TextEquiv>
            </TextLine>
            <TextLine id="tr_2_tl_8" custom="readingOrder {index:7;}">
                <Coords points="3311,2637 5071,2601 5399,2662 5609,2613 5612,2477 3311,2580"/>
                <Baseline points="3328,2623 3418,2629 3496,2629 3543,2623 3555,2623 3645,2623 3735,2617 3824,2617 3914,2617 4004,2611 4093,2617 4183,2611 4273,2611 4362,2611 4452,2605 4542,2605 4631,2605 4721,2599 4810,2599 4900,2599 4990,2599 5079,2599 5169,2599 5259,2599 5348,2599 5438,2593 5528,2593 5617,2599"/>
                <TextEquiv>
                    <Unicode>35. Der sich als Geliebter seiner Frau fühlt</Unicode>
                </TextEquiv>
            </TextLine>
            <TextLine id="tr_2_tl_9" custom="readingOrder {index:8;}">
                <Coords points="3527,2710 4352,2689 4461,2735 4522,2692 4841,2707 4868,2643 4692,2604 3803,2659 3715,2619 3527,2665"/>
                <Baseline points="3543,2701 3621,2701 3711,2695 3800,2695 3890,2695 3980,2695 4069,2695 4159,2695 4249,2689 4338,2689 4428,2689 4518,2689 4607,2683 4697,2683 4787,2683 4876,2683"/>
                <TextEquiv>
                    <Unicode>nach erledigtem Liebhaber</Unicode>
                </TextEquiv>
            </TextLine>
            <TextLine id="tr_2_tl_10" custom="readingOrder {index:9;}">
                <Coords points="3323,2826 5515,2820 5703,2774 5706,2680 3326,2716"/>
                <Baseline points="3340,2778 3430,2784 3496,2790 3549,2784 3561,2784 3651,2778 3741,2778 3830,2773 3920,2773 4010,2773 4099,2773 4189,2773 4279,2767 4368,2767 4458,2773 4547,2767 4637,2767 4727,2761 4816,2761 4906,2755 4996,2755 5085,2755 5175,2755 5265,2755 5354,2755 5444,2749 5534,2749 5623,2749 5713,2743"/>
                <TextEquiv>
                    <Unicode>36. Alter Dichter der jungen generation hofie-</Unicode>
                </TextEquiv>
            </TextLine>
            <TextLine id="tr_2_tl_11" custom="readingOrder {index:10;}">
                <Coords points="3527,2862 3612,2874 3715,2859 3733,2871 3763,2859 3806,2868 3806,2798 3782,2801 3763,2783 3724,2780 3691,2804 3609,2786 3560,2810 3527,2807"/>
                <Baseline points="3543,2856 3633,2856 3723,2856 3812,2862"/>
                <TextEquiv>
                    <Unicode>rend.</Unicode>
                </TextEquiv>
            </TextLine>
            <TextLine id="tr_2_tl_12" custom="readingOrder {index:11;}">
                <Coords points="3323,3005 3651,2932 5618,2953 5669,2865 4941,2798 3326,2853"/>
                <Baseline points="3340,2934 3430,2940 3484,2946 3543,2934 3615,2934 3705,2934 3794,2928 3884,2922 3974,2928 4063,2922 4153,2928 4243,2922 4332,2922 4422,2922 4512,2922 4601,2916 4691,2916 4781,2916 4870,2916 4960,2916 5050,2910 5139,2910 5229,2910 5318,2910 5408,2910 5498,2904 5587,2904 5677,2910"/>
                <TextEquiv>
                    <Unicode>37. Der Freiherr.Versuchter Doppelselbstmord.</Unicode>
                </TextEquiv>
            </TextLine>
            <TextLine id="tr_2_tl_13" custom="readingOrder {index:12;}">
                <Coords points="3533,3023 4789,3005 4789,2959 4598,2917 3964,2962 3533,2935"/>
                <Baseline points="3549,3012 3633,3012 3723,3006 3812,3000 3902,3006 3992,3006 4081,3000 4171,3000 4261,3000 4350,3000 4440,2994 4530,2994 4619,2994 4709,2994 4798,3000"/>
                <TextEquiv>
                    <Unicode>Er lebt weiter.Carrière.</Unicode>
                </TextEquiv>
            </TextLine>
            <TextLine id="tr_2_tl_14" custom="readingOrder {index:13;}">
                <Coords points="3329,3144 5600,3093 5770,3062 5773,2980 3332,3005"/>
                <Baseline points="3346,3083 3436,3095 3502,3101 3555,3089 3621,3089 3711,3083 3800,3083 3890,3083 3980,3083 4069,3083 4159,3077 4249,3083 4338,3077 4428,3077 4518,3077 4607,3077 4697,3077 4787,3071 4876,3065 4966,3065 5055,3065 5145,3065 5235,3065 5324,3065 5414,3059 5504,3059 5593,3059 5683,3059 5773,3065"/>
                <TextEquiv>
                    <Unicode>38. Kleiner Schauspieler. Ist über Nacht berühmt</Unicode>
                </TextEquiv>
            </TextLine>
            <TextLine id="tr_2_tl_15" custom="readingOrder {index:14;}">
                <Coords points="3545,3178 4027,3175 4027,3129 3982,3126 3927,3093 3754,3096 3733,3114 3672,3090 3587,3117 3545,3096"/>
                <Baseline points="3561,3161 3651,3161 3741,3161 3830,3155 3920,3161 4010,3167 4034,3167"/>
                <TextEquiv>
                    <Unicode>geworden.</Unicode>
                </TextEquiv>
            </TextLine>
            <TextLine id="tr_2_tl_16" custom="readingOrder {index:15;}">
                <Coords points="3323,3254 5615,3257 5724,3238 5724,3135 3323,3150"/>
                <Baseline points="3340,3245 3430,3251 3502,3251 3555,3245 3579,3245 3669,3239 3759,3239 3848,3239 3938,3239 4028,3239 4117,3233 4207,3233 4296,3233 4386,3227 4476,3227 4565,3227 4655,3227 4745,3221 4834,3221 4924,3221 5014,3221 5103,3221 5193,3215 5283,3221 5372,3215 5462,3215 5552,3215 5641,3221 5731,3227"/>
                <TextEquiv>
                    <Unicode>29. Der in Russland seinen Söhnen verschweigt,</Unicode>
                </TextEquiv>
            </TextLine>
            <TextLine id="tr_2_tl_17" custom="readingOrder {index:16;}">
                <Coords points="3551,3326 5084,3332 5084,3263 4983,3226 3551,3260"/>
                <Baseline points="3567,3316 3657,3316 3747,3316 3836,3310 3926,3310 4016,3310 4105,3316 4195,3310 4285,3304 4374,3304 4464,3310 4553,3304 4643,3304 4733,3298 4822,3304 4912,3304 5002,3298 5091,3310"/>
                <TextEquiv>
                    <Unicode>dass er als Jude geboren ist.</Unicode>
                </TextEquiv>
            </TextLine>
            <TextLine id="tr_2_tl_18" custom="readingOrder {index:17;}">
                <Coords points="3332,3423 5776,3378 5776,3299 5521,3275 3335,3317"/>
                <Baseline points="3352,3382 3442,3400 3502,3406 3555,3394 3627,3394 3717,3394 3806,3388 3896,3388 3986,3388 4075,3388 4165,3382 4255,3382 4344,3382 4434,3376 4524,3376 4613,3376 4703,3376 4793,3376 4882,3382 4972,3376 5061,3376 5151,3370 5241,3364 5330,3370 5420,3364 5510,3364 5599,3364 5689,3364 5779,3358"/>
                <TextEquiv>
                    <Unicode>40. Dilettant.Früher anständig,in die Literatur</Unicode>
                </TextEquiv>
            </TextLine>
            <TextLine id="tr_2_tl_19" custom="readingOrder {index:18;}">
                <Coords points="3551,3481 4580,3496 4959,3475 4962,3420 4431,3378 3554,3417"/>
                <Baseline points="3567,3478 3621,3472 3711,3472 3800,3472 3890,3472 3980,3472 4069,3466 4159,3460 4249,3460 4338,3460 4428,3454 4518,3460 4607,3460 4697,3460 4787,3454 4876,3454 4966,3466"/>
                <TextEquiv>
                    <Unicode>gekommen, sich erniedrigend.</Unicode>
                </TextEquiv>
            </TextLine>
            <TextLine id="tr_2_tl_20" custom="readingOrder {index:19;}">
                <Coords points="3342,3569 5657,3548 5739,3445 3345,3487"/>
                <Baseline points="3358,3543 3448,3555 3514,3561 3561,3561 3591,3555 3681,3549 3771,3549 3860,3543 3950,3543 4040,3543 4129,3543 4219,3543 4308,3537 4398,3537 4488,3537 4577,3537 4667,3537 4757,3537 4846,3532 4936,3532 5026,3532 5115,3526 5205,3520 5295,3520 5384,3520 5474,3520 5563,3520 5653,3520 5743,3520"/>
                <TextEquiv>
                    <Unicode>41. Die Frau, deren Mann den Liebhaber im Duell</Unicode>
                </TextEquiv>
            </TextLine>
            <TextLine id="tr_2_tl_21" custom="readingOrder {index:20;}">
                <Coords points="3557,3688 5053,3606 5633,3666 5636,3554 3560,3569"/>
                <Baseline points="3573,3645 3579,3639 3669,3633 3759,3627 3848,3627 3938,3627 4028,3627 4117,3621 4207,3621 4296,3621 4386,3621 4476,3615 4565,3615 4655,3615 4745,3609 4834,3615 4924,3609 5014,3609 5103,3603 5193,3603 5283,3603 5372,3603 5462,3597 5552,3597 5641,3609"/>
                <TextEquiv>
                    <Unicode>getötet hat, sich interessant vorkommend.</Unicode>
                </TextEquiv>
            </TextLine>
        </TextRegion>
    </Page>
</PcGts>
