6200 4104
3449 465 5898 694 22. Tochter des Totengräbers,die den Leuten 'an-
3660 587 5204 725 sieht, wann sie sterben werden.
3440 615 5873 844 23. Trauernde Schauspielerwitwe, die zum Theater
3672 749 3911 847 geht.
3452 813 5788 991 24. Der sich für eine Frau ruinieren will und
3654 917 5412 1033 immer auf häusliche weiber trifft.
3449 936 5598 1113 25. Der angebliche Geliebte der berühmten
3648 1055 5773 1192 Schauspielerin; wurde nur einmal hinausge-
3648 1144 4018 1238 worfen.
3437 1223 5873 1342 26. Hausierer, dem der Sohn im Gasthaus die Hand
3641 1287 3972 1385 küsst.
3424 1361 5773 1510 27. Junger Mann durch zufall in schlechte Ge-
3638 1461 5552 1578 sellschaft. Missdeutung, Wiederkommen,
3434 1495 5821 1682 28. Krüppel sich seines Unglücks schämend,end-
3648 1599 4583 1706 lich stolz darauf.
3427 1645 5770 1807 29. Die eine Canaille werden will, weil er sie
3648 1755 5289 1871 verliess und die's nicht vermag.
3421 1792 5834 2009 30. Blinder, dem man den Glauben an seinen puhm
3629 1899 3956 2000 lässt.
3403 1945 3593 2101 31.
3651 1938 5718 2156 Der Pater, der in einem Buch beweist, dass
3645 2070 5121 2186 in der Hölle ein gutes Leben.
3412 2094 3583 2241 32.
3635 2119 5809 2324 Einx Der nur ein Jahr zu leben hat. Wechsel
3635 2214 4663 2321 fälscht, gesund wird.
3409 2281 5812 2422 33. Schauspiele r, der endlich von der Partnerin
3651 2354 5216 2492 persönlich genommen werden will
3424 2415 5611 2568 34. Der das Lotterleben schildern will und
3617 2501 4381 2623 drin verkommt.
3412 2538 3577 2706 35.
3632 2535 5727 2746 Der sich als Geliebter seiner Frau fühlt
3620 2675 4953 2795 nach erledigtem Liebhaber.
3406 2715 5806 2929 36. Alter Dichter der jungen generation hofie-
3623 2819 3874 2914 rend.
3391 2877 5766 3097 37. Der Freiherr.Versuchter Doppelselbstmord.
3623 2963 4852 3094 Er lebt weiter. Carrière.
3391 3006 3568 3165 38.
3617 3039 5861 3220 Kleiner Schauspieler. Ist über Nacht berühmt
3620 3128 4082 3226 geworden.
3397 3155 3565 3336 89.
3626 3186 5818 3397 Der in Russland seinen Söhnen verschweigt,
3626 3293 5103 3397 dass er als Jude geboren ist.
3400 3339 5855 3534 40. Dilettant. Früher anständig in die Literatur
3608 3452 4999 3559 gekommen, sich erniedrigend.
3397 3501 5806 3678 41. Die Frau, deren Mann den Liebhaber im Duell
3596 3611 5702 3807 getötet hat,sich interessant vorkommend.
