6200 4104
4088 397 4537 569 Figuren.
3495 566 5760 732 Die Trösterin. Will einmal von einem Glückli-
3495 658 4521 772 chen geliebt werden.
3501 719 5705 851 Telegraphenbeamter in der Somerfrische mit
3489 824 4014 937 Mitgefühl.
3498 851 4936 1020 Verliebter Tanzmusikspieler.
3489 956 5766 1107 Der hofft Geliebte untreu zu finden,verliebt
3483 1054 4626 1156 sich aufs Neue in sie.
3495 1122 5803 1254 Die Frau, der gegenüber man tut als wüsste sie
3495 1211 5711 1309 nicht, dass sie vom Tod ihres Bruders weiss.
3489 1300 5714 1408 Kartenspielerin,Beunruhigung des Mannes, wie
3489 1371 4276 1497 sie es aufgibt.
3479 1448 5705 1552 Alternder Mann in schlechten Verhältnissen,
3501 1531 5680 1651 sich damit tröstend, dass alle seine jungen
3486 1604 4734 1721 Freunde betrogen werden.
3489 1666 5760 1801 Wahnsinniger, der die geographischen Wahrhei-
3507 1764 4288 1863 ten vernich tet.
3489 1807 5760 1940 Der Teunisspieler wie ein soldat im Kugelre.
3489 1927 4936 2026 gen, das Rad der edle Araber.
3575 1970 5616 2099 Der Maler zu bekannten Persönlichkeiten:
3501 2072 5791 2182 Bleiben S' ruhig, das Köpferl möcht ich haben.
3320 2099 3498 2290 11.
3569 2145 5766 2275 Der Maler, dem alles versagt, wodurch die An-
3486 2207 4586 2345 dern Carriere machen.
3562 2287 5619 2413 Der jüdische Arztenssohn, der sich in die
3338 2262 3492 2444 12.
3538 2382 5711 2496 höhere Gesellschaft hineinzuschiessen ver-
3538 2459 3858 2564 sucht.
3323 2520 5671 2674 13. Der Witwe nach dem Selbstmord der Gattin
3550 2616 4798 2714 im Caféhaus perorierend.
3550 2671 5646 2788 Fürst in den Witzblättern lesend, wie man
3338 2668 3498 2819 14.
3550 2776 4967 2849 ihm nach dem Leben trachtet
3550 2819 5806 2972 Der Bub, der den Führer in den Abgrund stösst
3538 2926 5450 3018 Der Mädchenhändler aus Menschenliebe
3353 2982 5733 3111 17. Ich war eine berühmt anständige Schauspie-
3547 3071 3885 3175 lerin.
3335 3135 5683 3274 18. Die kleine Schauspielerin, die sich schämt
3562 3246 5044 3320 vor „seiner Frau zu spielen.
3556 3280 5736 3430 Uneigennützige Geliebte immer vom früheren
3326 3286 3495 3412 19.
3556 3384 4429 3489 Liebhaber lebend.
3335 3436 5729 3581 20. Der aus Bequemlichkeit seiner Frau verzieh-
3550 3538 4909 3630 und glaubt es war Edelmut.
3323 3569 5794 3744 21. Wenn ich einmal meine Memoiren schriebe. Und
3538 3707 5324 3815 erzählt immer dieselbe Geschichte.
