6072 4008
3911 295 4363 452 Figuren
888 332 1075 535 100
3159 433 5574 602 1. Die Trösterin.Will einmal von einem Glückli.
3324 547 4338 664 chen geliebt werden,
3303 596 5527 762 Telegraphenbeamter in der Sommerfrische mit
3309 688 3834 814 Mitgefühl.
3331 740 4744 891 Verliebter Tanzmusikspieler.
3291 839 5592 1005 Der hofft Geliebte untreu zu finden,verliebt
3294 934 4446 1054 sich aufs Neue in sie.
3137 992 5604 1149 5. Die Frau, der gegenüber man tut als wüsste sie
3306 1100 5509 1220 nicht, dass sie vom Tod ihres Bruders weiss
3134 1171 5521 1303 6. Kartenspielerin,Beunruhigung des Mannes, wie
3297 1235 4080 1373 sie es aufgibt.
3285 1297 5503 1459 Alternder Mann in schlechten Verhältnissen
3291 1410 5475 1552 sich damit tröstend, dass alle seine jungen
3306 1472 4541 1595 Freunde betrogen werden.
3278 1558 5561 1727 Wahnsinniger, der die geographischen Wahrhei-
3294 1628 4053 1745 ten vernich tet
3278 1696 5558 1859 Der Teunisspieler wie ein soldat im Kugelre-
3281 1800 4729 1914 gen, das Rad der edle Araber
3131 1834 5414 2006 10. Der Maler zu bekannten Persönlichkeiten:
3285 1936 5577 2092 Bleiben S' ruhig, das Köpferl möcht ich haben
3119 1991 5567 2163 11. Der Maler, dem alles versagt, wodurch die An-
3278 2099 4375 2212 dern Carriere machen.
3112 2151 5405 2317 12. Der jüdische Arztenssohn, der sich in die
3318 2240 5491 2415 höhere Gesellschaft hineinzuschiessen ver-
3324 2326 3601 2424 such
3106 2387 5444 2544 13. Der Witwe nach dem Selbstmord der Gattin
3328 2486 4560 2590 im Caféhaus perorierend.
3094 2495 3272 2661 14.
3337 2550 5414 2692 Fürst in den Witzblättern lesend,wie man
3315 2639 4722 2750 ihm nach dem Leben trachtet
3100 2667 3266 2793 15.
3324 2673 5574 2854 Der Bub, der den Führer in den Abgrund stösst
3112 2790 5236 2937 16. Der Mädchenhändler aus Menschenliebe,
3315 2864 5491 3023 Ich war eine berühmt anständige Schauspie-
3315 2940 3641 3039 lerin.
3085 2980 3251 3116 18
3315 2999 5435 3168 Die kleine Schauspielerin, die sich schämt
3318 3100 3893 3205 vor „seiner
3954 3128 4805 3232 Frau zu spielen.
3100 3159 3257 3288 19.
3309 3149 5500 3334 Uneigennützige Geliebte immer vom früheren
3312 3266 4179 3367 Liebhaber lebend.
3082 3309 3251 3469 20.
3309 3306 5497 3472 Der aus Bequemlichkeit seiner Frau verzieh
3309 3417 4652 3530 und glaubt es war Edelmut.
3085 3469 5534 3626 21. Wenn ich einmal meine Memoiren schriebe. Und
3309 3561 5060 3696 erzählt immer dieselbe Geschichte.
