6664 4392
4088 687 5433 901 Du stiegst noch nicht herab.
4106 864 4728 1054 Wer bist Du?
4103 951 6118 1156 Die Abergläubischen nennen mich Bestimmung,
5270 1101 5684 1193 Mikne.
4111 1151 6047 1330 die Thörichten Eufall, die Feigen Gott. Ich
4114 1312 6081 1485 bin (der Geist der Zusammenhänge, dto Kraft,
4132 1441 6253 1591 die am Anfang aller Tage war und wetter wirkt.
4330 1567 4875 1665 duur elle ainsi.
4130 1562 6029 1754 Immerhin ich steige hinab. Er kann nicht.
4114 1749 6052 1960 Er übernachtet oben. Hungert,dürstet. Am
4114 1870 6037 2083 Morgen des dritten rellt er in die Tiefe.
4130 2057 6137 2189 Im Hinabrollen: Du muss test doch alles vor-
4127 2178 6189 2347 her,Du drohtest und wuss test, ich würde nicht
4124 2370 6137 2520 gehorchen.Ich musste Deine Stimme hören und
4132 2534 5320 2689 durfte ihr nicht folgen...
4132 2642 6147 2855 Und so drehte er die Spule weiter ab,am En-
4138 2829 4996 3024 de war das Nichts.
