6712 4392
4276 680 6322 858 Du irrst. Du hast einen Käfer zertreten. Wie,
4271 858 6164 993 Du lachst, der stch mit der Natur so eins
4271 987 4599 1166 fühl t?
4288 1122 6088 1300 Und mein Vaterland vernichtet auf jener
4281 1290 4594 1461 Wiese?
4271 1451 6258 1619 Rahst Du die Schmetterlinge? Einen scheuch¬
5164 1563 5372 1654 Orle
4288 1614 6169 1743 te Dein Atem nach rechts.Er flieht in den
4271 1741 6205 1904 Garten drei Tage weit, wo die Königin lebt.
4258 1909 6088 2026 Die Raupe,die von ihm stammen wird, wird
4258 2077 6131 2232 über den Nacken der Königin krischen.Ein
4268 2217 6169 2390 füchterlicher Ekel wird sie schütteln und
4258 2374 6235 2520 sie wird zu früh einen toten Sohn gebären.
4245 2527 6159 2652 Der Neffe wird regieren, feig, tück tach.Re¬
4263 2667 6195 2850 volutionen. Feind.Wirren.Das Land wird un¬
4260 2825 5609 2980 ter fremde Herrschaft fallen.
4258 2955 6062 3102 Ich kann's Dir glauben und nicht. In die
4245 3110 6167 3230 Zukunft kann ich nicht sehen und nach dem
4263 3237 6195 3398 toten Käfer werde ich nicht suchen.Aber es
4235 3448 6067 3560 scheint, Du bist ein Schwindler.Denn toh
4240 3576 6009 3734 habe diesen Felsen bestiegen und lebe.
