3448 4200
2811 424 2952 561 12
736 617 3007 821 Wort in seinen Traum hineinrufen,dass er er.
751 804 3036 988 wacht: Bonaparte ist auf dem Wege nach Wien.
757 1005 2952 1157 „Der den Du am meisten gehasst unter allen
739 1131 3069 1344 Menschen,die leben. Für Medardus ist es heu¬
745 1312 2297 1461 te nur mehr ein leerer Schall.
742 1455 2902 1648 Allerlei bewaffnete Bürger kommen aus dem
736 1593 2870 1771 Zeughaus. Die Lakaien des Herzogs aus der
736 1739 3060 1923 Türe tretend sprechen xxx über das bedenkli-
748 1923 3048 2107 che Gesindelt, das sich hier herumtreibt.Auch
745 2084 3092 2224 gestern Abend hat wohl so ein Strolch versucht
742 2192 2946 2414 sich in den Garten zu schleichen. Daher die
748 2347 1923 2554 verdächtigen Geräusche.
739 2505 2922 2718 Nerina,die dazu getreten ist,sagt:.Es wäre
734 2657 2876 2858 wohl möglich. Auch wünscht die Prinzessin,
734 2809 2908 3019 dass von heute ab bei Eintritt der Dunkel.
736 2993 2376 3200 heit die Hunde los sein sollen.
