3368 4104
2743 391 2883 595 33
676 522 2979 781 Währenddem ertönen Glocken,die den geschlos-
679 772 1991 901 senen Frieden ankündigen.
679 854 2938 1049 Etzelt sagt über Medardus: „Gott wollte ihn
848 1035 950 1125 B
682 1044 3026 1265 zum Held en schaffen, der Lauf der Dinge machte
679 1242 1755 1393 einen Narrn aus ihm.
1697 1306 2912 1495 dardus von unten ertönt.
679 1376 1705 1536 Das Lebewohl des Me
1697 1469 1845 1536 G.C.P.
685 1533 2967 1673 Eine Salve. Totenstille. Dann bringt der Ge-
682 1635 2973 1871 neral Rapp aan an Frau Klähr, die Mutter, die-
2038 1778 2475 1880 par lesseurs
682 1822 2927 1982 ses Tapfern", den Gruss des Kaisers. „Es ist
1778 1936 2355 2035 o. Mlient et
682 1971 2982 2119 der wille des Kaisers, dass Medardus Klähr in
676 2099 2772 2335 geweihter Frde begraben werde als dieses
682 2253 2626 2507 Kriege s letzter und seltsamster Held.
