3464 4216
2829 540 2971 653 15
716 634 2950 883 erschlagen hab Die Uebeltäter sind Wachshu-
716 871 3011 1050 ber und seine Kameraden, die nun jollend über
725 1014 2926 1172 die Bastei gezogen kommen und von dem Bür¬
728 1175 2826 1366 gerhauptmann Bargetti zur Ruhe verwiesen
731 1357 1108 1484 werden.
719 1493 2929 1615 Die Kanonade beginnt. Unruhe. Flucht des Pu¬
1165 1590 1727 1694 non du Basle
725 1648 2996 1788 blikums(Frau Klähr nimmt Abschied von Medar.
734 1818 947 1945 dus.
738 1927 2786 2079 Etzelt gesellt sich zu Medardus. Etzelt
744 2085 3184 2240 glaubt, dass Medardus durch einen Heldentod seine
792 2191 2373 2328 kläglich möglichten Kärteplose
734 2234 2938 2410 sühnen wolle. Medardus aber gesteht ihm,er
738 2382 2986 2583 habe seit jener Nacht Helene nicht wiederge
750 2495 3032 2722 sehen. Morgen sei ihre Hochzeit.Seine einzige
747 2647 2908 2856 Sehnsucht sei den Weg über das Glaßis in
759 2823 2798 3020 die Vorstadt hinüber, wo das Schloss des
753 3005 3096 3178 Herzogs steht frei zu haben. Nur darum habe er
753 3135 3053 3338 sich als Freiwilliger für den Ausfall gemel-
762 3323 971 3493 det.
765 3402 2908 3648 Feuerschein.Es brennt in der Stadt.Einige
765 3636 3153 3854 Büger in Verzweiflung,verlangen,dass die weis-
