<?xml version="1.0" encoding="UTF-8" standalone="yes"?>
<PcGts xmlns="http://schema.primaresearch.org/PAGE/gts/pagecontent/2013-07-15" xmlns:xsi="http://www.w3.org/2001/XMLSchema-instance" xsi:schemaLocation="http://schema.primaresearch.org/PAGE/gts/pagecontent/2013-07-15 http://schema.primaresearch.org/PAGE/gts/pagecontent/2013-07-15/pagecontent.xsd">
    <Metadata>
        <Creator>prov=READ-COOP:name=TrHtr:version=2.1.0:model_id=51170:date=29_07_2023_04:09</Creator>
        <Created>2023-05-10T12:23:58.071+02:00</Created>
        <LastChange>2023-07-29T04:09:05.130+02:00</LastChange>
        <TranskribusMetadata docId="1428195" pageId="55401694" pageNr="21" tsid="131394629" status="IN_PROGRESS" userId="64420" imgUrl="https://files.transkribus.eu/Get?id=XWQJHLJBGECEODHBTBNQYKKT&amp;fileType=view" xmlUrl="https://files.transkribus.eu/Get?id=UTMCIMJAPGSONRHGMSYGJYNR" imageId="44676516"/>
    </Metadata>
    <Page imageFilename="1428195_0021.jpg" imageWidth="3464" imageHeight="4168">
        <ReadingOrder>
            <OrderedGroup id="ro_1711796917102" caption="Regions reading order">
                <RegionRefIndexed index="0" regionRef="tr_1"/>
                <RegionRefIndexed index="1" regionRef="tr_2"/>
            </OrderedGroup>
        </ReadingOrder>
        <TextRegion id="tr_1" custom="readingOrder {index:0;}">
            <Coords points="755,487 3117,487 3117,1693 755,1693"/>
            <TextLine id="tr_1_tl_1" custom="readingOrder {index:0;}">
                <Coords points="2854,550 2880,550 2889,558 2900,553 2921,561 2935,553 2947,567 2976,567 2976,436 2962,436 2930,412 2912,415 2895,427 2854,424"/>
                <Baseline points="2869,540 2896,537 2940,537 2985,537"/>
                <TextEquiv>
                    <Unicode>17</Unicode>
                </TextEquiv>
            </TextLine>
            <TextLine id="tr_1_tl_2" custom="readingOrder {index:1;}">
                <Coords points="737,801 2313,728 2418,795 2833,743 2839,576 1351,567 743,661"/>
                <Baseline points="755,758 779,758 824,758 868,764 913,764 958,761 1003,761 1047,758 1092,758 1137,752 1182,749 1227,749 1271,749 1316,746 1361,743 1406,743 1451,743 1495,740 1540,740 1585,743 1630,743 1674,743 1719,740 1764,737 1809,734 1854,734 1898,728 1943,728 1988,725 2033,722 2078,722 2122,719 2167,719 2212,713 2257,713 2301,713 2346,707 2391,707 2436,707 2481,704 2525,704 2570,701 2615,701 2660,698 2705,698 2749,695 2794,695 2839,695"/>
                <TextEquiv>
                    <Unicode>wegung und Lafray gesteht xxxx</Unicode>
                </TextEquiv>
            </TextLine>
            <TextLine id="tr_1_tl_3" custom="readingOrder {index:2;}">
                <Coords points="746,930 2824,880 2830,754 1895,748 1500,854 1225,751 751,789"/>
                <Baseline points="764,916 776,913 821,913 865,913 910,913 955,910 1000,910 1044,907 1089,907 1134,904 1179,901 1224,898 1268,898 1313,898 1358,898 1403,895 1448,892 1492,892 1537,892 1582,892 1627,892 1671,889 1716,889 1761,886 1806,880 1851,880 1895,877 1940,877 1985,874 2030,874 2075,874 2119,871 2164,868 2209,868 2254,868 2298,865 2343,862 2388,862 2433,859 2478,856 2522,856 2567,853 2612,853 2657,850 2702,850 2746,850 2791,850 2836,850"/>
                <TextEquiv>
                    <Unicode>ein, der ihm in Schönbrunn durch den Sinn</Unicode>
                </TextEquiv>
            </TextLine>
            <TextLine id="tr_1_tl_4" custom="readingOrder {index:3;}">
                <Coords points="763,1105 2979,1020 3000,906 2003,880 1532,997 1015,944 766,1020"/>
                <Baseline points="779,1077 809,1071 853,1074 898,1071 943,1071 988,1065 1033,1062 1077,1059 1122,1059 1167,1056 1212,1056 1256,1053 1301,1050 1346,1047 1391,1050 1436,1047 1480,1044 1525,1042 1570,1042 1615,1042 1660,1042 1704,1039 1749,1036 1794,1033 1839,1033 1883,1033 1928,1030 1973,1030 2018,1027 2063,1027 2107,1024 2152,1024 2197,1024 2242,1024 2287,1018 2331,1018 2376,1015 2421,1015 2466,1012 2510,1012 2555,1012 2600,1009 2645,1009 2690,1006 2734,1006 2779,1003 2824,1000 2869,997 2914,997 2958,994 3003,991"/>
                <TextEquiv>
                    <Unicode>gegangen; vor den Kaiser hinzutreten und ihn</Unicode>
                </TextEquiv>
            </TextLine>
            <TextLine id="tr_1_tl_5" custom="readingOrder {index:4;}">
                <Coords points="760,1240 3003,1187 3044,1058 1775,1041 1409,1170 763,1096"/>
                <Baseline points="776,1221 806,1218 850,1218 895,1218 940,1215 985,1212 1030,1212 1074,1212 1119,1209 1164,1206 1209,1206 1253,1203 1298,1200 1343,1200 1388,1203 1433,1200 1477,1197 1522,1197 1567,1194 1612,1191 1657,1191 1701,1188 1746,1188 1791,1185 1836,1185 1880,1185 1925,1185 1970,1182 2015,1182 2060,1182 2104,1182 2149,1179 2194,1179 2239,1176 2284,1173 2328,1173 2373,1170 2418,1167 2463,1167 2507,1167 2552,1164 2597,1161 2642,1161 2687,1161 2731,1158 2776,1155 2821,1155 2866,1155 2911,1152 2955,1149 3000,1146 3045,1146"/>
                <TextEquiv>
                    <Unicode>um die Gnade zu bitten als Soldat des Frank-</Unicode>
                </TextEquiv>
            </TextLine>
            <TextLine id="tr_1_tl_6" custom="readingOrder {index:5;}">
                <Coords points="763,1389 2535,1371 3082,1330 3114,1234 2421,1172 1740,1219 1596,1307 1210,1228 766,1295"/>
                <Baseline points="779,1376 788,1373 833,1370 877,1370 922,1370 967,1367 1012,1370 1056,1367 1101,1367 1146,1364 1191,1361 1236,1361 1280,1358 1325,1358 1370,1358 1415,1358 1459,1355 1504,1352 1549,1352 1594,1349 1639,1349 1683,1346 1728,1343 1773,1343 1818,1340 1863,1337 1907,1337 1952,1337 1997,1337 2042,1334 2086,1334 2131,1334 2176,1331 2221,1328 2266,1328 2310,1328 2355,1325 2400,1325 2445,1325 2490,1325 2534,1322 2579,1319 2624,1316 2669,1316 2713,1316 2758,1313 2803,1313 2848,1313 2893,1313 2937,1307 2982,1304 3027,1307 3072,1307 3117,1310"/>
                <TextEquiv>
                    <Unicode>reich leben und sterben zu dürfen, das er gross</Unicode>
                </TextEquiv>
            </TextLine>
            <TextLine id="tr_1_tl_7" custom="readingOrder {index:6;}">
                <Coords points="775,1553 962,1561 1064,1535 1099,1555 1143,1523 1213,1547 1377,1535 1383,1377 982,1450 927,1433 833,1482 778,1459"/>
                <Baseline points="791,1537 803,1534 847,1525 892,1525 937,1525 982,1522 1027,1519 1071,1519 1116,1519 1161,1519 1206,1516 1250,1513 1295,1513 1340,1513 1385,1513"/>
                <TextEquiv>
                    <Unicode>gemacht hat.</Unicode>
                </TextEquiv>
            </TextLine>
            <TextLine id="tr_1_tl_8" custom="readingOrder {index:7;}">
                <Coords points="2207,1602 2234,1611 2286,1555 2307,1558 2327,1541 2383,1541 2427,1579 2471,1555 2520,1555 2517,1438 2468,1427 2444,1444 2415,1430 2397,1436 2351,1389 2310,1400 2281,1380 2237,1406 2205,1403"/>
                <Baseline points="2224,1522 2269,1525 2313,1525 2358,1528 2403,1528 2448,1528 2493,1528 2528,1525"/>
                <TextEquiv>
                    <Unicode>Gellin</Unicode>
                </TextEquiv>
            </TextLine>
            <TextLine id="tr_1_tl_9" custom="readingOrder {index:8;}">
                <Coords points="769,1696 2766,1658 2947,1629 2950,1517 772,1579"/>
                <Baseline points="785,1683 806,1683 850,1680 895,1677 940,1677 985,1677 1030,1674 1074,1674 1119,1671 1164,1668 1209,1666 1253,1666 1298,1663 1343,1663 1388,1666 1433,1663 1477,1660 1522,1657 1567,1657 1612,1657 1657,1657 1701,1654 1746,1651 1791,1651 1836,1651 1880,1648 1925,1645 1970,1645 2015,1642 2060,1639 2104,1639 2149,1636 2194,1636 2239,1633 2284,1633 2328,1630 2373,1630 2418,1627 2463,1627 2507,1627 2552,1624 2597,1621 2642,1621 2687,1621 2731,1618 2776,1615 2821,1615 2866,1612 2911,1612 2955,1615"/>
                <TextEquiv>
                    <Unicode>Helene, eit einer Stunde die Frau des Mar-</Unicode>
                </TextEquiv>
            </TextLine>
        </TextRegion>
        <TextRegion id="tr_2" custom="readingOrder {index:1;}">
            <Coords points="788,1720 3090,1720 3090,3703 788,3703"/>
            <TextLine id="tr_2_tl_1" custom="readingOrder {index:0;}">
                <Coords points="772,1857 3038,1804 3041,1678 2231,1631 1848,1760 1371,1664 775,1766"/>
                <Baseline points="788,1848 803,1848 847,1839 892,1836 937,1833 982,1833 1027,1830 1071,1827 1116,1827 1161,1824 1206,1824 1250,1821 1295,1818 1340,1818 1385,1815 1430,1815 1474,1815 1519,1815 1564,1812 1609,1812 1654,1812 1698,1809 1743,1806 1788,1806 1833,1806 1877,1800 1922,1800 1967,1797 2012,1797 2057,1794 2101,1794 2146,1794 2191,1791 2236,1788 2281,1785 2325,1785 2370,1785 2415,1782 2460,1782 2504,1782 2549,1779 2594,1776 2639,1776 2684,1773 2728,1773 2773,1773 2818,1770 2863,1770 2908,1770 2952,1770 2997,1776 3042,1785"/>
                <TextEquiv>
                    <Unicode>quis, tritt ein. Noch einmal bittet der Mar</Unicode>
                </TextEquiv>
            </TextLine>
            <TextLine id="tr_2_tl_2" custom="readingOrder {index:1;}">
                <Coords points="781,2029 2848,1965 2854,1772 784,1921"/>
                <Baseline points="800,2003 841,1997 886,1991 931,1988 976,1985 1021,1982 1065,1979 1110,1976 1155,1976 1200,1976 1245,1973 1289,1973 1334,1973 1379,1973 1424,1970 1468,1967 1513,1967 1558,1967 1603,1964 1648,1961 1692,1961 1737,1961 1782,1958 1827,1955 1872,1952 1916,1952 1961,1952 2006,1952 2051,1952 2095,1949 2140,1949 2185,1949 2230,1946 2275,1946 2319,1943 2364,1943 2409,1940 2454,1937 2499,1937 2543,1937 2588,1934 2633,1931 2678,1928 2722,1928 2767,1928 2812,1928 2857,1931"/>
                <TextEquiv>
                    <Unicode>quis Helene mit ihm nach Pa is zu gehen:</Unicode>
                </TextEquiv>
            </TextLine>
            <TextLine id="tr_2_tl_3" custom="readingOrder {index:2;}">
                <Coords points="792,2158 3061,2117 3085,1944 795,2038"/>
                <Baseline points="809,2149 850,2143 895,2140 940,2137 985,2134 1030,2134 1074,2134 1119,2131 1164,2131 1209,2128 1253,2128 1298,2128 1343,2125 1388,2122 1433,2122 1477,2122 1522,2119 1567,2122 1612,2116 1657,2116 1701,2113 1746,2113 1791,2110 1836,2110 1880,2110 1925,2107 1970,2107 2015,2104 2060,2104 2104,2101 2149,2101 2194,2098 2239,2098 2284,2095 2328,2092 2373,2092 2418,2089 2463,2089 2507,2086 2552,2086 2597,2086 2642,2084 2687,2081 2731,2081 2776,2078 2821,2078 2866,2078 2911,2078 2955,2075 3000,2072 3045,2069 3090,2075"/>
                <TextEquiv>
                    <Unicode>„Auf eine Reise, deren Ende zumindest sehr un-</Unicode>
                </TextEquiv>
            </TextLine>
            <TextLine id="tr_2_tl_4" custom="readingOrder {index:3;}">
                <Coords points="775,2333 2924,2278 2930,2108 1175,2140 778,2216"/>
                <Baseline points="791,2310 824,2304 868,2301 913,2295 958,2292 1003,2290 1047,2290 1092,2290 1137,2290 1182,2287 1227,2284 1271,2284 1316,2284 1361,2281 1406,2284 1451,2278 1495,2278 1540,2278 1585,2275 1630,2272 1674,2272 1719,2269 1764,2269 1809,2269 1854,2266 1898,2263 1943,2260 1988,2260 2033,2257 2078,2257 2122,2254 2167,2254 2212,2254 2257,2251 2301,2251 2346,2248 2391,2245 2436,2242 2481,2242 2525,2242 2570,2239 2615,2236 2660,2236 2705,2236 2749,2233 2794,2233 2839,2230 2884,2230 2928,2230"/>
                <TextEquiv>
                    <Unicode>gewiss ist." Helene über ist entschlossen</Unicode>
                </TextEquiv>
            </TextLine>
            <TextLine id="tr_2_tl_5" custom="readingOrder {index:4;}">
                <Coords points="784,2468 2827,2433 3023,2409 3026,2327 2792,2248 789,2333"/>
                <Baseline points="800,2451 838,2448 883,2448 928,2448 973,2445 1018,2442 1062,2442 1107,2442 1152,2442 1197,2439 1242,2436 1286,2436 1331,2433 1376,2433 1421,2430 1465,2427 1510,2427 1555,2430 1600,2427 1645,2424 1689,2424 1734,2424 1779,2421 1824,2421 1869,2418 1913,2415 1958,2412 2003,2409 2048,2409 2092,2409 2137,2409 2182,2406 2227,2403 2272,2403 2316,2400 2361,2400 2406,2400 2451,2397 2496,2394 2540,2394 2585,2391 2630,2388 2675,2388 2719,2388 2764,2385 2809,2385 2854,2385 2899,2382 2943,2382 2988,2379 3033,2379"/>
                <TextEquiv>
                    <Unicode>in Wien zu bleiben: „Senden sie mir die Nach</Unicode>
                </TextEquiv>
            </TextLine>
            <TextLine id="tr_2_tl_6" custom="readingOrder {index:5;}">
                <Coords points="781,2611 2544,2547 2918,2611 3020,2573 3026,2456 2681,2395 784,2520"/>
                <Baseline points="797,2609 835,2603 880,2600 925,2600 970,2597 1015,2597 1059,2597 1104,2597 1149,2594 1194,2591 1239,2588 1283,2588 1328,2588 1373,2588 1418,2588 1462,2585 1507,2582 1552,2579 1597,2579 1642,2576 1686,2576 1731,2576 1776,2573 1821,2573 1866,2573 1910,2573 1955,2570 2000,2567 2045,2564 2089,2564 2134,2561 2179,2561 2224,2558 2269,2555 2313,2552 2358,2552 2403,2552 2448,2552 2493,2552 2537,2549 2582,2549 2627,2546 2672,2546 2716,2543 2761,2543 2806,2543 2851,2540 2896,2537 2940,2534 2985,2534 3030,2537"/>
                <TextEquiv>
                    <Unicode>richt, deren ich bedarf, das andere wird sich</Unicode>
                </TextEquiv>
            </TextLine>
            <TextLine id="tr_2_tl_7" custom="readingOrder {index:6;}">
                <Coords points="781,2763 824,2763 871,2795 915,2778 1017,2801 1117,2751 1146,2766 1181,2757 1184,2678 1102,2626 1067,2628 956,2696 906,2699 880,2672 813,2675 784,2661"/>
                <Baseline points="797,2755 833,2755 877,2752 922,2752 967,2749 1012,2749 1056,2749 1101,2749 1146,2749 1191,2746"/>
                <TextEquiv>
                    <Unicode>finden.'</Unicode>
                </TextEquiv>
            </TextLine>
            <TextLine id="tr_2_tl_8" custom="readingOrder {index:7;}">
                <Coords points="781,2930 2734,2897 3023,2857 3029,2716 786,2769"/>
                <Baseline points="797,2911 835,2908 880,2905 925,2905 970,2908 1015,2905 1059,2902 1104,2902 1149,2902 1194,2902 1239,2899 1283,2899 1328,2899 1373,2893 1418,2893 1462,2893 1507,2890 1552,2890 1597,2887 1642,2887 1686,2887 1731,2881 1776,2881 1821,2881 1866,2878 1910,2878 1955,2878 2000,2875 2045,2872 2089,2872 2134,2869 2179,2869 2224,2866 2269,2866 2313,2866 2358,2866 2403,2863 2448,2863 2493,2863 2537,2863 2582,2860 2627,2857 2672,2857 2716,2854 2761,2854 2806,2848 2851,2848 2896,2845 2940,2845 2985,2845 3030,2845"/>
                <TextEquiv>
                    <Unicode>Der Herzog kommt seinem Schwiegersohn Lebe-</Unicode>
                </TextEquiv>
            </TextLine>
            <TextLine id="tr_2_tl_9" custom="readingOrder {index:8;}">
                <Coords points="795,3087 1017,3064 1129,3096 1164,3070 1263,3085 1310,3061 1523,3085 1526,3003 1398,2965 1213,3011 1120,2979 1055,3011 974,2959 865,3009 798,2973"/>
                <Baseline points="812,3057 818,3057 862,3060 907,3060 952,3060 997,3057 1042,3057 1086,3057 1131,3057 1176,3057 1221,3054 1265,3054 1310,3054 1355,3051 1400,3051 1445,3048 1489,3048 1534,3048"/>
                <TextEquiv>
                    <Unicode>wohl zu sagen.</Unicode>
                </TextEquiv>
            </TextLine>
            <TextLine id="tr_2_tl_10" custom="readingOrder {index:9;}">
                <Coords points="786,3269 1728,3333 2102,3181 2883,3193 2886,3049 789,3102"/>
                <Baseline points="803,3218 830,3215 874,3212 919,3212 964,3212 1009,3212 1053,3212 1098,3209 1143,3209 1188,3206 1233,3206 1277,3206 1322,3203 1367,3200 1412,3200 1457,3200 1501,3200 1546,3200 1591,3200 1636,3203 1680,3200 1725,3194 1770,3191 1815,3191 1860,3185 1904,3185 1949,3185 1994,3182 2039,3179 2084,3176 2128,3176 2173,3173 2218,3173 2263,3173 2307,3173 2352,3173 2397,3170 2442,3167 2487,3167 2531,3167 2576,3164 2621,3164 2666,3164 2710,3164 2755,3164 2800,3164 2845,3164 2890,3164"/>
                <TextEquiv>
                    <Unicode>Desolteux und Dagusanschwören dem Herzog</Unicode>
                </TextEquiv>
            </TextLine>
            <TextLine id="tr_2_tl_11" custom="readingOrder {index:10;}">
                <Coords points="798,3394 830,3394 860,3377 877,3389 901,3386 933,3371 950,3383 1015,3377 1041,3403 1102,3394 1105,3313 1067,3316 1050,3301 982,3310 921,3283 895,3298 801,3286"/>
                <Baseline points="818,3370 841,3370 886,3367 931,3367 976,3367 1021,3367 1065,3367 1110,3364"/>
                <TextEquiv>
                    <Unicode>Treue.</Unicode>
                </TextEquiv>
            </TextLine>
            <TextLine id="tr_2_tl_12" custom="readingOrder {index:11;}">
                <Coords points="845,3532 2836,3503 2897,3485 2900,3321 1596,3383 1208,3318 848,3418"/>
                <Baseline points="862,3514 889,3520 934,3520 979,3520 1024,3520 1068,3520 1113,3520 1158,3520 1203,3517 1248,3514 1292,3514 1337,3511 1382,3508 1427,3505 1471,3508 1516,3505 1561,3508 1606,3505 1651,3502 1695,3499 1740,3499 1785,3496 1830,3496 1875,3493 1919,3493 1964,3493 2009,3490 2054,3490 2098,3484 2143,3484 2188,3484 2233,3481 2278,3481 2322,3484 2367,3481 2412,3481 2457,3481 2501,3481 2546,3481 2591,3481 2636,3478 2681,3475 2725,3469 2770,3466 2815,3463 2860,3460 2905,3466"/>
                <TextEquiv>
                    <Unicode>-er Adjutant Napoleons,General Rapp,wird</Unicode>
                </TextEquiv>
            </TextLine>
            <TextLine id="tr_2_tl_13" custom="readingOrder {index:12;}">
                <Coords points="810,3722 898,3701 947,3710 994,3687 1041,3722 1099,3699 1181,3701 1225,3734 1269,3737 1278,3529 974,3549 816,3529"/>
                <Baseline points="827,3693 833,3693 877,3684 922,3678 967,3678 1012,3675 1056,3672 1101,3672 1146,3672 1191,3669 1236,3672 1280,3675"/>
                <TextEquiv>
                    <Unicode>gemeldet.</Unicode>
                </TextEquiv>
            </TextLine>
        </TextRegion>
    </Page>
</PcGts>
