3512 4184
1419 451 1904 616 Vorspiel.
1425 634 1849 808 1.Szene.
855 770 2954 983 Im Hause der Buchhändlerswitwe Franziska
843 927 1175 1116 Klähr.
1544 977 1742 1111 die
846 1090 2995 1253 Agathe Klähr, ihre achtzehnjährige Tochter
840 1242 2939 1442 und Anna, die Tochter des Drælermeisters
826 1387 1212 1521 Berger.
893 1535 3099 1721 Sie sprechen über die Unruhe in den Stras-
837 1692 3169 1907 sen, das Heranrücken der Franzosen, über Medar-
965 1791 1646 1910 Agalheus Bruder
832 1861 2989 2024 dus, der als Landwehrmann ins Feld ziehen
837 1997 3155 2201 wird.Anna liebt ihn. Auffallend trübe Stimmung
829 2175 2934 2352 Agathens. Sie hat eine Liebesbeziehung zu
834 2311 3105 2498 Francois,dem jugendlichen Sohne des xxx ver-
832 2436 3088 2655 triebenen blinden Herzogs von Valois,
1256 2576 1631 2666 Taucor
820 2617 3073 2812 doch ist xxx das Haus verboten xxx so lange
820 2724 2905 2939 er nicht als offizieller Bewerber kommt.
1134 2922 2971 3126 Der Sattlermeister Eschenbacher, der
805 3065 3018 3283 Bruder der Frau Klähr, tritt ein,spielt ein
820 3224 3155 3390 wenig auf dem Spinett,zeigt sich humoristisch
826 3367 2242 3602 gutmütig, nicht ohne Ironie.
