3432 4136
2683 298 2830 463 23
599 446 2674 658 bei dieser Gelegenheit verhaftet worden.
608 590 2892 838 Dann kommt Medardus,Berger brin t ihm Grüsse
614 815 1960 956 vom Annerl aus dem Spital.
611 844 2895 1119 Etzelt bringt die Nachricht von der Freilas-
623 1166 1201 1296 sung Tells.
632 1204 2875 1458 Berger führt das auf den Respekt zurück, den
635 1366 2830 1579 die Franzosen seit der Schlacht von Aspern
643 1517 2249 1759 vor den Wienern bekommen haben.
643 1659 2931 1957 Medardus mit Etzelt allein geblieben spricht
655 1815 2801 2028 in Andeutungen von seinem Glück.an dessen
664 1983 2060 2208 Dauer er aber nicht glaubt.
661 2104 2910 2329 Eschenbacher bringt die Nachricht, dass Tell
658 2308 2836 2559 heute morgens neu verhaftet und sofort er-
667 2485 1712 2727 schossen worden sei.
676 2517 3034 2851 Ein Gehilfe stürzt herein,Soldaten folgen i m
682 2774 2774 3007 auf dem Fusse.Hausdurchsuchung wegen der
691 2875 3066 3131 Atlanten, die hier vergeblich bleibt.Bald kommt
702 3034 2886 3308 ein Unteroffizier mit der Meldung,dass die
714 3170 2939 3444 gesuchten atlanten sich beim Sattlermeister
705 3376 3034 3639 Eschenbacher vorgefunden hätten, der aber ent¬
