3464 4120
909 275 1236 522 mch
2816 473 2956 588 34
852 530 2988 731 Obwohl ich mir bewusst bin durch die Wahl
849 691 2928 918 des Namens Valois für die Herzogsfamilie
834 849 3028 1067 im „Jungen Medardus“ gegen die historische
823 978 3074 1247 Wahrheit im höheren Sinn, gegen den Geistder
1500 1115 1632 1199 P.S.
812 1136 3065 1371 Geschichte nicht vergangen kahm und keines-
820 1316 3062 1520 wegs die Grenzen überschritten habe, die dem
803 1462 3085 1657 Dichter einer dramatischen Historie bei der
800 1603 3048 1818 Verwendung geschichtlicher Fakten und Namen
794 1784 3045 1990 gesetzt werden müssen, so stelle ich es doch
797 1941 3083 2116 zum wohlfeilen Erinnerungen der Kritik zuvor-
757 2047 3008 2265 zukommen dem französischen Uebersdtzer mei-
757 2205 2908 2486 nes Stückes anheim den Namen Valois durch
751 2369 2913 2572 irgend einen andern,meinetwegen selbst er-
737 2486 3042 2721 fundenen Aristokratennamen zu ersetzen. Wird
731 2675 2942 2916 eine entferntere (vielleicht gar allegitime)
720 2810 3008 3060 Verwandtschaft der in Wien lebenden Emigran-
705 2933 2908 3183 tenfamil e zu dem bourbenischen Königshaus
697 3149 2890 3361 supponiert als in meinem Text,so tritt das
688 3278 2931 3527 Närrische im Wesen des Herzogs,das phantas-
691 3430 2991 3716 tische in dem der Prinzessin am Ende gar zum
