3432 4104
2747 340 2901 512 25
693 515 2960 761 ne vernommen zu werden, Etzelt und andere um
699 693 2996 897 ihn harren in Besorgnis der kommenden Dinge,
707 781 3090 1089 Frau Klähr kommt aus Schönbrunn zurück, erzählt
722 953 2969 1214 eben davon, dass sie die ganze Nacht vergeb-
725 1134 3043 1350 lich im Hof gewartet habe. Das Tor der Kaser-
725 1243 3019 1504 ne öffnet sich, Eschenbacher und seine Gesel-
737 1477 2927 1696 len werden zur Richtstätte eskortiert. Frau
737 1575 2821 1874 Klähr wirft sich in den Weg,versucht die
734 1758 2874 1977 Wiener Bevölkerung in Aufruhr zu bringen,
737 1868 2978 2170 Eschenbacher nimmt Abschied,wird abgeführt,
746 2019 3084 2291 hinter der Szene erschossenöln die Ergriffen-
740 2214 3061 2472 heit und Erschütterung der zurückgebliebenen
758 2330 3087 2581 fällt der Ruf:-Der Kaiser reitet über die Bas-
767 2552 3046 2753 tei". Alles stürzt nun nach dieser Richtung.
767 2640 2998 2919 Medardus wieder vollbommen seinen Racheplä
770 2782 3155 3058 nen gegen Napoleon hingegeben,ergreift die Mai
767 2919 3040 3209 Hand seiner Mutter: „Es ist der Mühe wert zu
781 3215 1125 3383 leben.
1622 3232 2036 3525 3.Szene
787 3377 2981 3626 Friedhof. Eben hat das Begräbnis Eschenba
