3448 4200
2754 411 2895 639 11
712 616 3000 845 dardus, von dem Eschenbacher sagt: Er ist ei-
714 816 2884 981 ner, der kaum geschaffen ist anderes zu er-
720 1001 2861 1122 leben als den Klang von Worten. Uebrigens
720 1105 2797 1305 sei Kriegsrecht proklamiert und Medardus
2528 1151 3078 1333 zu melden
717 1307 2997 1449 habe sich zum Antritt des Dienstes gemeldet.
1041 1409 1519 1498 Landleute
1070 1429 3011 1591 aus dem Umgegend erschei-
1388 1545 1837 1657 nahenden
717 1550 2956 1759 nen, die vor den Franzosen in die befetigte
723 1762 1527 1924 Stadt flüchten.
729 1912 2777 2059 Medardus aus der Gartentüre erklärt dem
720 2042 3023 2224 Etzelt seine Rachepläne. „Es kommt die Stun-
729 2201 3060 2360 de,da zahl ichs ihnen heim.Die Diener ruf ich
738 2343 2930 2548 zusammen und die Mägde und schrei es durch
732 2476 2890 2696 den Flur und zerre die Prinzessin aus dem
732 2647 2719 2840 zerwühlten Bett nackt über die Treppe
738 2826 2939 2997 Auf Etzelts Frage,warum er das nicht schon
749 2959 2982 3147 heute Nacht getan,erwidert Medardus: „Es ist
746 3083 2881 3274 noch nichts versäumt. Warum soll man nicht
746 3251 2895 3428 ein paar wunderbare Nächte haben.“ Etzelt
755 3431 2947 3610 heisst ihn schweigen. Er will sich das Bild
752 3613 3017 3809 des Meh rdus nicht zerstören lassen,ihm ein
