3416 4088
2840 435 2991 633 30
743 556 3107 769 ergriffen, eilt davon,wird jenseits der Garten
749 757 2518 944 tür aus dem Hinterhalt erschossen.
1607 911 2024 1115 2.Szene.
719 1068 2074 1222 Schlosshof von Schönbrunn.
728 1184 3092 1414 Cespräche der Bürger über die Friedensverhand-
722 1358 3053 1547 lungen, die eben oben beim Kaiser stattfinden.
796 1524 3006 1689 Allerlei ejisodische Szenen.Wachshuber, der
710 1713 2908 1888 Denunziant,wird von Etzelt unter dem Jubel
713 1817 1823 2024 der Menge gezüchtigt.
701 1956 3068 2198 Etzelt und Medardus begegnen sich. Etzelt ver-
701 2172 3015 2343 mutet, dass dem Medardus,dessen sonderbar ver.
695 2293 3074 2468 störtes Wesen in der letzten Zelt manchem auf-
707 2453 3050 2616 gefallen ist um seiner Rachepläne willen hie-
1175 2574 2577 2672 um dem Biser aufzulener
692 2577 2932 2784 hergekommen sei, Medk rdus beruhigt ihn darü-
686 2778 2982 2974 ber. Seinen Händen sei die Tat entwunden. Wie
678 2882 2985 3080 Mei rdus aber nun von Etzelt vernimmt,und es
689 3053 3012 3249 glaubt, dass Helene die Geliebte Napoleons ge-
1260 3213 2565 3296 und seine, that in eder rein
678 3234 2926 3426 worden sei /fühlt er sich wieder seinem Vor-
666 3376 1456 3568 satz gewachsen.
