3416 4104
2730 377 2870 548 27
638 538 2845 784 dadurch entwürdigt,dass er sie nun als ein
638 731 3141 915 Mörder im Solde der Valois begehen sollte und
644 890 1855 1096 entfernt sich verstört.
647 1021 2854 1217 Helene bleibt allein zurück.“Sollte es nun
666 1173 2835 1419 euch aufbewahrt sein hochmütig mörderische
654 1382 2938 1516 Finger?" sagt sie in Erinnerung an jene ers-
666 1485 2804 1712 te Begegnung auf dem Friedhof,da Medardus
672 1662 2141 1855 ihre Hände so genannt hatte.
1553 1811 2076 2011 5. Aufzug.
1556 1983 1976 2185 1. Szene.
688 2141 1628 2309 Garten beim Herzog
688 2263 2957 2453 Nerina erzählt dem Doktor Assalagny von dem
697 2394 2898 2608 gestrigen Hofkonzert in Schönbrunn,bei dem
700 2521 2985 2748 der Kaiser lange mit Helene gesprochan habe.
1108 2692 2845 2932 Die Herzogin kommt in den Garten,
713 2885 2991 3053 überraschenderweise,da sie ihn seit Monaten,
716 3010 3010 3193 seit dem Tode ihres Sohnes, nicht mehr betre-
728 3172 3025 3377 ten. Sie bereift nicht was geschehen sei: Der
725 3343 3025 3526 Herzog wünsche plötzlich, dass sich alles zur
728 3430 3063 3704 sofortigen Abreise nach Frankreich breit hal-
