3432 4184
2900 374 2998 596 8
814 515 3001 748 „Und wenn er doch noch lebte“, fragt Nerina
802 703 2789 913 „was soll ich dann mit den Blumen tun?
802 811 1825 1086 „Das Cleiche, Nerina.
1454 1056 1933 1257 2. Aufzug
1508 1218 1930 1353 1.Szene,
790 1386 2089 1643 Das Zimmerbei Frau Klähr.
805 1601 3091 1804 Medardus wird verwundet vom puell nach Hause
811 1724 3106 1945 gebracht. Seine Mutter, Anna Berger und Eschen-
790 1900 2978 2083 bacher sind anwesend.Ein sonderbarer,etwas
790 2023 3076 2262 närrischer Arzt.der heute Früh sein einziges
784 2179 2927 2370 Kind verloren hat,erteilt seine Weisungen
787 2352 2912 2544 und entfernt sich wieder. Frau Klähr sagt
769 2508 3058 2690 später zu Medardus:Die Franzosen marschieren
763 2675 3067 2861 heran, und ich habe einen Sohn, der indess ein
763 2801 1709 2975 Mann geworden ist.
769 2939 2849 3166 Nerina bringt dem Medardus die Botschaft
766 3091 3067 3310 der Prinzessin.Er erklärt ihr, dass er seinen
754 3259 3115 3468 Dank persönlich überbringen wird und schleicht
1023 3385 1819 3510 scher Gedanken de
1912 3391 2199 3504 Lande
754 3426 2574 3669 sich unbemerkt aus dem Hause davon.
536 3612 2942 3794 Hove der Rathe, nicht der Liebe außer
