<?xml version="1.0" encoding="UTF-8" standalone="yes"?>
<PcGts xmlns="http://schema.primaresearch.org/PAGE/gts/pagecontent/2013-07-15" xmlns:xsi="http://www.w3.org/2001/XMLSchema-instance" xsi:schemaLocation="http://schema.primaresearch.org/PAGE/gts/pagecontent/2013-07-15 http://schema.primaresearch.org/PAGE/gts/pagecontent/2013-07-15/pagecontent.xsd">
    <Metadata>
        <Creator>prov=READ-COOP:name=TrHtr:version=2.1.0:model_id=51170:date=29_07_2023_04:09</Creator>
        <Created>2023-05-10T12:23:58.451+02:00</Created>
        <LastChange>2023-07-29T04:09:05.946+02:00</LastChange>
        <TranskribusMetadata docId="1428195" pageId="55401711" pageNr="24" tsid="131394635" status="IN_PROGRESS" userId="64420" imgUrl="https://files.transkribus.eu/Get?id=AIVCVOFMKPKPMJLXDPPAEGTB&amp;fileType=view" xmlUrl="https://files.transkribus.eu/Get?id=XGCZCJSWGBEUEACDXDXQSAMM" imageId="44676533"/>
    </Metadata>
    <Page imageFilename="1428195_0024.jpg" imageWidth="3464" imageHeight="4152">
        <ReadingOrder>
            <OrderedGroup id="ro_1711796919749" caption="Regions reading order">
                <RegionRefIndexed index="0" regionRef="tr_1"/>
                <RegionRefIndexed index="1" regionRef="tr_2"/>
            </OrderedGroup>
        </ReadingOrder>
        <TextRegion id="tr_1" custom="readingOrder {index:0;}">
            <Coords points="689,332 2996,332 2996,1812 689,1812"/>
            <TextLine id="tr_1_tl_1" custom="readingOrder {index:0;}">
                <Coords points="2818,403 2847,406 2875,432 2916,421 2948,424 2950,294 2916,300 2901,291 2870,308 2861,300 2847,314 2838,305 2821,305"/>
                <Baseline points="2835,385 2865,385 2910,382 2955,382"/>
                <TextEquiv>
                    <Unicode>20</Unicode>
                </TextEquiv>
            </TextLine>
            <TextLine id="tr_1_tl_2" custom="readingOrder {index:1;}">
                <Coords points="674,740 893,792 1144,712 1504,738 1864,671 1953,715 2342,671 2345,596 1654,522 1253,631 945,599 680,648"/>
                <Baseline points="689,734 692,734 737,731 782,728 826,725 871,725 916,722 961,716 1005,713 1050,713 1095,710 1140,707 1185,704 1229,701 1274,701 1319,698 1364,695 1408,695 1453,692 1498,692 1543,689 1587,686 1632,683 1677,680 1722,677 1767,677 1811,674 1856,671 1901,668 1946,668 1990,665 2035,659 2080,656 2125,656 2170,653 2214,653 2259,650 2304,650 2349,650"/>
                <TextEquiv>
                    <Unicode>zum Hohn Generalpardon erlassen.</Unicode>
                </TextEquiv>
            </TextLine>
            <TextLine id="tr_1_tl_3" custom="readingOrder {index:2;}">
                <Coords points="692,931 2207,908 2922,807 2927,686 697,810"/>
                <Baseline points="710,877 734,877 779,877 823,874 868,877 913,874 958,871 1002,868 1047,868 1092,868 1137,862 1182,859 1226,859 1271,853 1316,853 1361,850 1405,847 1450,847 1495,844 1540,841 1584,838 1629,835 1674,832 1719,832 1764,829 1808,826 1853,823 1898,820 1943,817 1987,817 2032,814 2077,811 2122,808 2167,805 2211,802 2256,802 2301,799 2346,799 2390,796 2435,793 2480,790 2525,788 2570,785 2614,782 2659,779 2704,776 2749,776 2793,773 2838,770 2883,770 2928,770"/>
                <TextEquiv>
                    <Unicode>Vor der geschlossenen Ladentüre marschieren</Unicode>
                </TextEquiv>
            </TextLine>
            <TextLine id="tr_1_tl_4" custom="readingOrder {index:3;}">
                <Coords points="694,1078 2040,1078 2838,942 2913,813 2149,913 703,934"/>
                <Baseline points="713,1032 719,1032 764,1032 808,1029 853,1029 898,1026 943,1026 988,1023 1032,1023 1077,1020 1122,1017 1167,1014 1211,1011 1256,1008 1301,1005 1346,1002 1390,1002 1435,999 1480,996 1525,993 1570,993 1614,990 1659,990 1704,985 1749,985 1793,979 1838,979 1883,976 1928,973 1973,970 2017,970 2062,964 2107,964 2152,961 2196,955 2241,955 2286,952 2331,952 2375,949 2420,946 2465,943 2510,940 2555,931 2599,928 2644,922 2689,916 2734,916 2778,913 2823,910 2868,910 2913,910"/>
                <TextEquiv>
                    <Unicode>die Regimenter der Franzosen in Wien ein</Unicode>
                </TextEquiv>
            </TextLine>
            <TextLine id="tr_1_tl_5" custom="readingOrder {index:4;}">
                <Coords points="694,1297 1547,1150 1890,1219 2357,1106 2899,1109 2933,980 706,1098"/>
                <Baseline points="716,1185 740,1185 785,1185 829,1185 874,1182 919,1182 964,1179 1008,1176 1053,1176 1098,1170 1143,1170 1187,1167 1232,1167 1277,1164 1322,1161 1367,1158 1411,1155 1456,1152 1501,1152 1546,1149 1590,1146 1635,1143 1680,1140 1725,1137 1770,1134 1814,1131 1859,1131 1904,1128 1949,1128 1993,1125 2038,1122 2083,1119 2128,1116 2173,1113 2217,1113 2262,1110 2307,1107 2352,1107 2396,1104 2441,1101 2486,1095 2531,1092 2575,1089 2620,1086 2665,1083 2710,1083 2755,1080 2799,1080 2844,1077 2889,1077 2934,1080"/>
                <TextEquiv>
                    <Unicode>Wachshuber kommt und will sonderbarer Weise</Unicode>
                </TextEquiv>
            </TextLine>
            <TextLine id="tr_1_tl_6" custom="readingOrder {index:5;}">
                <Coords points="706,1343 2651,1291 2688,1161 709,1285"/>
                <Baseline points="722,1337 767,1340 811,1337 856,1337 901,1337 946,1334 990,1331 1035,1328 1080,1325 1125,1325 1170,1322 1214,1319 1259,1316 1304,1313 1349,1310 1393,1310 1438,1307 1483,1304 1528,1304 1573,1301 1617,1298 1662,1295 1707,1292 1752,1289 1796,1289 1841,1286 1886,1286 1931,1283 1976,1280 2020,1280 2065,1277 2110,1271 2155,1271 2199,1268 2244,1265 2289,1262 2334,1259 2378,1256 2423,1253 2468,1250 2513,1247 2558,1244 2602,1241 2647,1241 2692,1238"/>
                <TextEquiv>
                    <Unicode>den atlas von Sch rembel gleich in zwei</Unicode>
                </TextEquiv>
            </TextLine>
            <TextLine id="tr_1_tl_7" custom="readingOrder {index:6;}">
                <Coords points="700,1547 1763,1536 1951,1452 2855,1418 2948,1320 709,1392"/>
                <Baseline points="719,1495 755,1492 799,1492 844,1489 889,1489 934,1489 979,1486 1023,1483 1068,1483 1113,1477 1158,1477 1202,1474 1247,1474 1292,1471 1337,1468 1382,1465 1426,1462 1471,1459 1516,1456 1561,1456 1605,1453 1650,1453 1695,1450 1740,1447 1784,1444 1829,1441 1874,1438 1919,1435 1964,1435 2008,1432 2053,1429 2098,1426 2143,1423 2187,1420 2232,1417 2277,1414 2322,1414 2367,1411 2411,1408 2456,1405 2501,1402 2546,1399 2590,1396 2635,1393 2680,1396 2725,1393 2769,1387 2814,1387 2859,1384 2904,1382 2949,1379"/>
                <TextEquiv>
                    <Unicode>Exemplaren kaufen. Während die Atlanten für</Unicode>
                </TextEquiv>
            </TextLine>
            <TextLine id="tr_1_tl_8" custom="readingOrder {index:7;}">
                <Coords points="715,1714 1680,1611 1804,1683 2115,1590 2438,1645 2988,1565 2994,1441 723,1553"/>
                <Baseline points="734,1647 758,1647 802,1647 847,1644 892,1641 937,1638 982,1638 1026,1635 1071,1632 1116,1632 1161,1629 1205,1626 1250,1626 1295,1620 1340,1617 1384,1617 1429,1614 1474,1611 1519,1608 1564,1605 1608,1605 1653,1602 1698,1599 1743,1596 1787,1596 1832,1593 1877,1590 1922,1587 1967,1587 2011,1584 2056,1581 2101,1581 2146,1576 2190,1576 2235,1573 2280,1570 2325,1573 2370,1570 2414,1567 2459,1564 2504,1561 2549,1561 2593,1555 2638,1552 2683,1549 2728,1546 2772,1546 2817,1543 2862,1540 2907,1534 2952,1534 2996,1534"/>
                <TextEquiv>
                    <Unicode>ihn eingepackt werden, kommt Berger, berichtet</Unicode>
                </TextEquiv>
            </TextLine>
            <TextLine id="tr_1_tl_9" custom="readingOrder {index:8;}">
                <Coords points="723,1867 2835,1729 2867,1634 729,1723"/>
                <Baseline points="743,1802 764,1802 808,1799 853,1796 898,1796 943,1793 988,1790 1032,1790 1077,1787 1122,1784 1167,1781 1211,1781 1256,1779 1301,1776 1346,1776 1390,1776 1435,1770 1480,1767 1525,1764 1570,1761 1614,1758 1659,1755 1704,1752 1749,1749 1793,1749 1838,1749 1883,1746 1928,1740 1973,1740 2017,1737 2062,1734 2107,1731 2152,1731 2196,1728 2241,1725 2286,1722 2331,1719 2375,1716 2420,1713 2465,1710 2510,1710 2555,1707 2599,1704 2644,1704 2689,1701 2734,1698 2778,1695 2823,1692 2868,1695"/>
                <TextEquiv>
                    <Unicode>unter anderm, dass für den Sch rambel'schen</Unicode>
                </TextEquiv>
            </TextLine>
        </TextRegion>
        <TextRegion id="tr_2" custom="readingOrder {index:1;}">
            <Coords points="743,1788 3080,1788 3080,3651 743,3651"/>
            <TextLine id="tr_2_tl_1" custom="readingOrder {index:0;}">
                <Coords points="720,2046 2861,1887 3031,1856 3037,1711 2380,1827 732,1858"/>
                <Baseline points="743,1958 755,1955 799,1955 844,1952 889,1949 934,1946 979,1946 1023,1946 1068,1943 1113,1940 1158,1937 1202,1934 1247,1934 1292,1931 1337,1928 1382,1925 1426,1922 1471,1922 1516,1919 1561,1916 1605,1913 1650,1910 1695,1907 1740,1904 1784,1901 1829,1898 1874,1898 1919,1895 1964,1895 2008,1892 2053,1886 2098,1886 2143,1883 2187,1880 2232,1877 2277,1874 2322,1874 2367,1868 2411,1868 2456,1865 2501,1862 2546,1859 2590,1856 2635,1856 2680,1853 2725,1853 2769,1850 2814,1847 2859,1847 2904,1844 2949,1841 2993,1838 3038,1838"/>
                <TextEquiv>
                    <Unicode>Atlas vom französischen Generalstab ein hoher</Unicode>
                </TextEquiv>
            </TextLine>
            <TextLine id="tr_2_tl_2" custom="readingOrder {index:1;}">
                <Coords points="729,2167 3008,2031 3014,1902 738,2043"/>
                <Baseline points="749,2107 779,2104 823,2104 868,2101 913,2098 958,2098 1002,2098 1047,2095 1092,2095 1137,2092 1182,2092 1226,2092 1271,2089 1316,2083 1361,2080 1405,2077 1450,2074 1495,2074 1540,2068 1584,2071 1629,2065 1674,2062 1719,2059 1764,2059 1808,2056 1853,2053 1898,2050 1943,2047 1987,2047 2032,2044 2077,2041 2122,2038 2167,2035 2211,2035 2256,2032 2301,2029 2346,2026 2390,2023 2435,2020 2480,2017 2525,2017 2570,2014 2614,2008 2659,2008 2704,2005 2749,2002 2793,2002 2838,1999 2883,1999 2928,1996 2972,1993 3017,1993"/>
                <TextEquiv>
                    <Unicode>Preis ausgesetzt ist. Man nimmt dem Wachshu-</Unicode>
                </TextEquiv>
            </TextLine>
            <TextLine id="tr_2_tl_3" custom="readingOrder {index:2;}">
                <Coords points="738,2317 3048,2198 3057,2017 2705,2020 2452,2123 746,2164"/>
                <Baseline points="755,2259 776,2259 820,2256 865,2256 910,2253 955,2250 999,2247 1044,2247 1089,2244 1134,2241 1179,2238 1223,2235 1268,2235 1313,2235 1358,2232 1402,2232 1447,2229 1492,2223 1537,2223 1581,2220 1626,2217 1671,2214 1716,2211 1761,2211 1805,2208 1850,2205 1895,2202 1940,2199 1984,2196 2029,2196 2074,2193 2119,2190 2164,2190 2208,2187 2253,2187 2298,2181 2343,2181 2387,2178 2432,2173 2477,2173 2522,2170 2567,2167 2611,2164 2656,2164 2701,2161 2746,2158 2790,2158 2835,2155 2880,2152 2925,2149 2969,2146 3014,2143 3059,2143"/>
                <TextEquiv>
                    <Unicode>ber die Exemplare wieder ab.Er in Wut erklärt</Unicode>
                </TextEquiv>
            </TextLine>
            <TextLine id="tr_2_tl_4" custom="readingOrder {index:3;}">
                <Coords points="1971,2288 2014,2285 2028,2296 2051,2285 2089,2288 2129,2268 2155,2273 2158,2213 2098,2207 2080,2216 2069,2204 2054,2213 2031,2210 2020,2219 2002,2207 1991,2219 1974,2219"/>
                <Baseline points="1987,2268 2026,2265 2071,2262 2116,2259 2161,2262"/>
                <TextEquiv>
                    <Unicode>man</Unicode>
                </TextEquiv>
            </TextLine>
            <TextLine id="tr_2_tl_5" custom="readingOrder {index:4;}">
                <Coords points="749,2432 942,2478 1271,2389 2801,2345 2878,2319 2887,2172 2221,2285 755,2340"/>
                <Baseline points="767,2414 785,2411 829,2411 874,2408 919,2405 964,2405 1008,2402 1053,2399 1098,2396 1143,2396 1187,2393 1232,2390 1277,2387 1322,2384 1367,2381 1411,2381 1456,2381 1501,2375 1546,2375 1590,2372 1635,2370 1680,2364 1725,2364 1770,2361 1814,2358 1859,2358 1904,2355 1949,2352 1993,2352 2038,2352 2083,2346 2128,2343 2173,2340 2217,2337 2262,2337 2307,2331 2352,2328 2396,2328 2441,2328 2486,2325 2531,2325 2575,2322 2620,2319 2665,2313 2710,2313 2755,2310 2799,2307 2844,2304 2889,2301"/>
                <TextEquiv>
                    <Unicode>dass jede Person,bei der ein Exemplar von</Unicode>
                </TextEquiv>
            </TextLine>
            <TextLine id="tr_2_tl_6" custom="readingOrder {index:5;}">
                <Coords points="1371,2469 1423,2458 1518,2469 1576,2452 1628,2466 1651,2449 1729,2461 1732,2383 1677,2386 1660,2374 1642,2389 1593,2391 1562,2380 1539,2397 1524,2383 1498,2391 1484,2374 1472,2386 1374,2389"/>
                <Baseline points="1387,2453 1426,2450 1471,2447 1516,2444 1561,2441 1605,2438 1650,2438 1695,2438 1740,2435"/>
                <TextEquiv>
                    <Unicode>findet,</Unicode>
                </TextEquiv>
            </TextLine>
            <TextLine id="tr_2_tl_7" custom="readingOrder {index:6;}">
                <Coords points="743,2610 1596,2616 2037,2587 2167,2492 2835,2489 2919,2463 2924,2334 752,2487"/>
                <Baseline points="761,2564 776,2564 820,2564 865,2561 910,2558 955,2555 999,2552 1044,2552 1089,2549 1134,2546 1179,2543 1223,2543 1268,2543 1313,2540 1358,2537 1402,2534 1447,2531 1492,2528 1537,2522 1581,2522 1626,2519 1671,2516 1716,2513 1761,2510 1805,2504 1850,2501 1895,2501 1940,2498 1984,2495 2029,2495 2074,2492 2119,2489 2164,2489 2208,2486 2253,2483 2298,2480 2343,2477 2387,2474 2432,2474 2477,2471 2522,2468 2567,2465 2611,2462 2656,2459 2701,2456 2746,2456 2790,2453 2835,2450 2880,2453 2925,2456"/>
                <TextEquiv>
                    <Unicode>Schrembel ### erschossen werde.</Unicode>
                </TextEquiv>
            </TextLine>
            <TextLine id="tr_2_tl_8" custom="readingOrder {index:7;}">
                <Coords points="761,2780 1879,2754 2057,2645 2512,2671 2873,2619 2875,2550 766,2651"/>
                <Baseline points="779,2719 820,2716 865,2713 910,2713 955,2710 999,2707 1044,2704 1089,2701 1134,2698 1179,2698 1223,2698 1268,2695 1313,2692 1358,2686 1402,2683 1447,2680 1492,2677 1537,2674 1581,2671 1626,2671 1671,2668 1716,2668 1761,2665 1805,2665 1850,2659 1895,2659 1940,2656 1984,2653 2029,2650 2074,2647 2119,2644 2164,2641 2208,2641 2253,2638 2298,2635 2343,2632 2387,2629 2432,2626 2477,2626 2522,2623 2567,2617 2611,2617 2656,2614 2701,2611 2746,2611 2790,2611 2835,2611 2880,2611"/>
                <TextEquiv>
                    <Unicode>Man bekomplimentiert ihn höhnisch hinaus.</Unicode>
                </TextEquiv>
            </TextLine>
            <TextLine id="tr_2_tl_9" custom="readingOrder {index:8;}">
                <Coords points="1271,2907 2002,2901 2233,2801 2965,2778 2991,2714 2766,2665 2561,2720 2414,2639 2014,2760 1279,2757"/>
                <Baseline points="1292,2838 1295,2841 1340,2844 1384,2841 1429,2838 1474,2832 1519,2829 1564,2829 1608,2826 1653,2823 1698,2817 1743,2817 1787,2814 1832,2814 1877,2814 1922,2811 1967,2808 2011,2805 2056,2805 2101,2799 2146,2796 2190,2796 2235,2793 2280,2790 2325,2787 2370,2784 2414,2781 2459,2778 2504,2775 2549,2775 2593,2769 2638,2767 2683,2764 2728,2764 2772,2761 2817,2758 2862,2758 2907,2755 2952,2752 2996,2749"/>
                <TextEquiv>
                    <Unicode>Später bringt ein Beamter den Ma-</Unicode>
                </TextEquiv>
            </TextLine>
            <TextLine id="tr_2_tl_10" custom="readingOrder {index:9;}">
                <Coords points="784,3066 1357,2999 1432,3069 2196,3080 3011,2919 3017,2835 792,2945"/>
                <Baseline points="802,3035 823,3032 868,3026 913,3020 958,3020 1002,3017 1047,3011 1092,3008 1137,3005 1182,3008 1226,3005 1271,3002 1316,2999 1361,2996 1405,2993 1450,2990 1495,2987 1540,2984 1584,2981 1629,2978 1674,2972 1719,2972 1764,2969 1808,2966 1853,2964 1898,2961 1943,2961 1987,2961 2032,2958 2077,2955 2122,2955 2167,2952 2211,2949 2256,2943 2301,2943 2346,2937 2390,2937 2435,2934 2480,2931 2525,2928 2570,2925 2614,2925 2659,2922 2704,2919 2749,2916 2793,2913 2838,2913 2883,2910 2928,2907 2972,2907 3017,2907"/>
                <TextEquiv>
                    <Unicode>jor Trembl und den verwundeten Rittmeister</Unicode>
                </TextEquiv>
            </TextLine>
            <TextLine id="tr_2_tl_11" custom="readingOrder {index:10;}">
                <Coords points="789,3247 925,3262 1282,3155 2072,3195 2080,3043 1340,3054 939,3118 795,3083"/>
                <Baseline points="808,3175 829,3175 874,3172 919,3169 964,3169 1008,3166 1053,3163 1098,3163 1143,3161 1187,3158 1232,3158 1277,3155 1322,3152 1367,3146 1411,3143 1456,3143 1501,3140 1546,3140 1590,3134 1635,3134 1680,3128 1725,3125 1770,3125 1814,3122 1859,3119 1904,3116 1949,3116 1993,3119 2038,3122 2083,3128"/>
                <TextEquiv>
                    <Unicode>Derue zur Einquartierung,</Unicode>
                </TextEquiv>
            </TextLine>
            <TextLine id="tr_2_tl_12" custom="readingOrder {index:11;}">
                <Coords points="789,3394 1441,3385 1835,3276 2570,3296 2766,3224 2858,3279 2896,3086 2452,3071 2020,3213 798,3244"/>
                <Baseline points="811,3325 838,3325 883,3322 928,3322 973,3322 1017,3322 1062,3319 1107,3316 1152,3313 1196,3310 1241,3310 1286,3307 1331,3304 1376,3301 1420,3298 1465,3298 1510,3295 1555,3292 1599,3289 1644,3286 1689,3283 1734,3280 1779,3277 1823,3277 1868,3274 1913,3271 1958,3271 2002,3268 2047,3265 2092,3265 2137,3262 2181,3259 2226,3256 2271,3253 2316,3250 2361,3250 2405,3247 2450,3247 2495,3244 2540,3241 2584,3238 2629,3235 2674,3232 2719,3229 2764,3223 2808,3223 2853,3220 2898,3223"/>
                <TextEquiv>
                    <Unicode>Wenn Memrdus in der Buchhandlung allein</Unicode>
                </TextEquiv>
            </TextLine>
            <TextLine id="tr_2_tl_13" custom="readingOrder {index:12;}">
                <Coords points="807,3544 3069,3397 3074,3302 2510,3267 2063,3371 813,3411"/>
                <Baseline points="826,3489 841,3489 886,3483 931,3483 976,3480 1020,3477 1065,3474 1110,3474 1155,3471 1199,3468 1244,3462 1289,3459 1334,3456 1379,3453 1423,3453 1468,3450 1513,3450 1558,3447 1602,3444 1647,3441 1692,3438 1737,3435 1781,3432 1826,3432 1871,3429 1916,3426 1961,3423 2005,3420 2050,3420 2095,3417 2140,3411 2184,3408 2229,3408 2274,3405 2319,3405 2364,3402 2408,3399 2453,3396 2498,3396 2543,3393 2587,3390 2632,3390 2677,3387 2722,3387 2767,3381 2811,3378 2856,3378 2901,3375 2946,3369 2990,3366 3035,3363 3080,3361"/>
                <TextEquiv>
                    <Unicode>ist erscheint Nerina mit einem Brief von He-</Unicode>
                </TextEquiv>
            </TextLine>
            <TextLine id="tr_2_tl_14" custom="readingOrder {index:13;}">
                <Coords points="804,3728 1755,3653 2121,3705 2541,3553 3045,3567 3051,3437 2564,3394 2017,3524 813,3544"/>
                <Baseline points="823,3641 862,3638 907,3635 952,3635 996,3635 1041,3635 1086,3629 1131,3623 1176,3623 1220,3620 1265,3620 1310,3614 1355,3611 1399,3608 1444,3608 1489,3605 1534,3602 1579,3599 1623,3599 1668,3596 1713,3593 1758,3590 1802,3587 1847,3587 1892,3584 1937,3581 1981,3578 2026,3575 2071,3572 2116,3569 2161,3566 2205,3566 2250,3563 2295,3560 2340,3558 2384,3558 2429,3558 2474,3552 2519,3552 2564,3552 2608,3552 2653,3546 2698,3543 2743,3540 2787,3537 2832,3534 2877,3531 2922,3525 2966,3522 3011,3519 3056,3516"/>
                <TextEquiv>
                    <Unicode>lene, die ihn zu sich bescheidet.Er geht mit</Unicode>
                </TextEquiv>
            </TextLine>
        </TextRegion>
    </Page>
</PcGts>
