3432 4152
2772 445 2890 602 21
655 669 1147 820 ihr fort.
1330 669 1583 840 acht
652 805 2816 970 Eschenbacher will seine Gesellen holen, um
658 955 2899 1141 die gefährlichen Atlanten bei sich im Hause
658 1047 2114 1247 aufzubewahren. Die scheffen
1424 1259 1843 1439 Szene.
681 1410 1881 1566 Helenens Zimmer.Nacht.
681 1522 2259 1755 Heleneund der Doktor Asslagny.
699 1716 3052 1905 Assalagny rät der Prinzessin bei der morgigen
705 1852 2905 2038 Zur dem Kaiseraufzuklären, dass der Herzog
436 1864 631 2038 Ao
705 2008 3031 2197 von Valois heute nicht mehr bedeutet als sei-
696 2156 2958 2380 nen Namen. Er spottet ihrer eigenen politi-
702 2330 3043 2506 schen Pläne und sieht in ihrem jungen Frauen
693 2445 3014 2675 antlitz wie in andern sanftern die Sehnsucht
705 2630 3073 2819 nach einem Frauenglücke schimmern. Ihre Bezie-
717 2792 2966 2966 hungen zu Medardus sind ihm nicht verborgen
719 2919 2919 3114 geblieben. „Ein Geliebter, denken Sie?“ sagt
717 3070 3064 3288 Helene, „Dass er zu hassen vermag scheint mir
725 3273 2188 3462 seines Wesens besserer Teil.
725 3397 2931 3621 Helene, allein zurückgeblieben, ermahnt sich
737 3541 2893 3689 nun selbst die Stunde des Glücks nicht zu
