3464 4168
795 445 3124 675 will Blumen auf das Grab ihres Bruders legen,
798 670 2987 833 Medardus verbitet es ihr in harten Worten,
792 801 3130 1013 der Marquis von Valois kommt.Herausforderung.
783 961 3001 1135 Helene sagt zum Marquis: „Töten Sie ihn und
792 1124 1991 1319 ich will die Ihre sein.
1659 1301 2087 1476 2.Szene.
786 1418 3031 1587 Schlosgarten beim Herzog. Helene mit Nerina
780 1595 3048 1718 im Gespräch über den voraussichtlichen Aus¬
783 1753 2935 1898 gang des Duells,schickt dann Nerina nach
786 1889 1659 2076 den Federbällen.
777 2009 2917 2186 Desolteux und Assalagny (der Arzt),später
780 2215 2981 2358 Caillard über das Heranrücken Napoleons,Ge
769 2384 2926 2518 fahr für den Herzog von Valois und dessen
766 2477 3068 2673 Anhang.Assalagny glaubt nicht daran,da Napo¬
777 2638 3077 2865 Leon die Ansprüche des Herzogs mit Recht nie
771 2812 1808 2975 ernst genommen habe.
760 2917 2923 3165 Auch Caillard, der Freund des verstorbenan
760 3124 2917 3278 Prinzen hält die Sache des Herzogs, der in
760 3261 3089 3427 Wien der Narrenherzog genannt wird, für unhe¬
757 3418 2128 3613 rechtigt un aussichtslos.
763 3566 2964 3799 Renauld kommt, eine Art von Abenteuerer mit
