3432 4104
2686 333 2841 574 24
631 565 1226 759 flohen sei.
637 681 2975 890 Eschenbacher tritt vor,wird sofort verhaftet.
643 866 2832 1023 Etzelt, die xi heimgekehrte Frau Klähr, dann
640 1003 2939 1172 Medardus wollen die Schuld durchaus auf sihh
637 1172 2972 1339 nehmen, der Lautnant, ein Deutscher, weist diese
640 1321 3008 1488 Selbstanzeigung zurück, Eschenbacher wird abge-
640 1493 2895 1681 führt, Frau Klähr verzweifelt macht sich auf
643 1627 2463 1839 den Weg nach Schönbrunn zum Kaiser.
643 1812 2996 1984 Medardus zu Etzelt:  Wenn einer das Opfer sein
652 1943 2654 2097 soll, so müssen sie doch mich annehmen.
646 2053 2975 2273 Etzelt: „Du ruhst ja in Deinem Glück,was küm-
637 2246 2133 2437 mert Dich anderer Schicksal?
1520 2401 1952 2547 2.Szene.
643 2517 3008 2713 Glamis..Kaserne,in der Eschenbacher gefangen
646 2695 979 2859 sitzt.
652 2850 2910 3032 Einige Strassenszenenen zur Schilderung der
654 2987 2951 3133 WSener Verhältnisse, Verlesung einer Napoleo-
652 3148 2999 3272 nischen Proklamation über den Geist der Unru-
649 3296 2377 3463 he durch einen Magistratsbeamten.
654 3392 3049 3641 Medardus hat vergeblich versucht in der Kaser-
