3227 4232
832 508 2105 713 Zur Besetzung des Medardus.
453 588 2668 863 Wür die Prinzessin Helene kämen Frau Medelski und
395 805 2800 1010 Frau Kollina in Betracht. Wenn Frau Kallina auch im
450 936 2742 1157 der Erscheinung die passendere sein möchte, so wäre
419 1083 2678 1325 doch Frau Medelsky durch die grössere Fülle threr
404 1242 2662 1518 gabung beiwettem vorzuziehn. Das Heheitsvolle
428 1417 2775 1649 ihr wohl nicht angeboren, doch scheint sie ihre Aus
419 1579 2879 1775 drucksmittel so weit in der Gewalt zu haben, dass sie
407 1704 2757 1934 wohl auch dieses Element der Figur sich wird zu
428 1906 1362 2066 eigen machen können.
428 1986 2684 2258 Dass die Rolle der Agathe ihr besser passen würde.
480 2157 2491 2384 zweifellos, doch dürfte für diese Gestalt st
480 2332 2635 2583 eine Darstellerin finden lassen und es kämen hi
450 2439 2622 2730 Frau Mell, Fräulein Kutschera, vielleicht auch
459 2690 1365 2861 lein Rub in Betrach
447 2800 2806 3075 Der Herzog wäre wohl am besten bei Hartmann aufgehört.
707 2935 2678 3176 Doch da mir Hartmann für den Eschenbacher
2500 3100 2638 3207 blo
462 3057 2439 3326 geradezu ideale Darsteller zu sein scheint
499 3228 2583 3470 für den Herzog kaum ein anderer als Retmers u
566 3436 2723 3678 er war auch einige Qualitäten für den Eschenb###
2405 3556 2506 3739 oh
1649 3556 2396 3819 Herzogs aber de
487 3602 1365 3819 mitbrüchte, der Ro.
