3560 4200
3091 315 3191 492 4
953 417 1562 638 Stimmung.
953 609 3226 833 Medardus und Etzelt kommen. Hämische Bemer.
941 755 3287 1002 kungen eines der Mädchen veranlassen ihn bed
947 912 3156 1157 von der Verlobung seiner Schwester mit dem
918 1078 2920 1291 Hernn von Valois Mitteilung zu machen.
2675 1221 2949 1314 pôte.
921 1224 3004 1419 Die Stimmung steigert sich immer weiter,
915 1381 3199 1626 Kriegslieder,Reden,Medardus flucht dem Bona-
909 1524 2270 1734 parte in flumenden Worten.
897 1687 3156 1891 Beginn des Aufbruchs.Medardus bittet Etzelt
895 1853 3027 2060 über Agathe zu wachen. Etzelt lehnt es ab.
1241 2008 3193 2206 Die Leichen zweier Ertrunkener werden
877 2162 3022 2316 gebracht,Medardus erkennt seine Schwester
865 2319 3062 2485 und ihren Bräutigam.Bewegung unter den An-
862 2392 3159 2599 dern.Alle entfernen sich allmählich, darunter
851 2517 2952 2788 auch Elisabeth,eine frühere Geliebte des
839 2675 2943 2908 Medardus. Medardus tauscht mit Bernburg,
836 2829 3033 3106 bleibt für ihn in Wien bei den Depots,be-
825 3001 3045 3278 harr darauf trotz Etzelts Widerspruch. Wil.
828 3126 2922 3403 der Schmerzensausbruch an der Teiche der
816 3298 3068 3596 Schwester, Sies ist ein Anfang, kein Ende
784 3453 2684 3765 Erbsttertung auf den Hochmut¬
472 3485 743 3692 und
682 3654 1474 3867 der Valvis
