3448 4264
2789 539 2971 703 14
632 638 2828 909 sich darüber auf, dass man die Franzosen so
635 864 2903 1034 ohneweiters in die Stadt hereinlässt,Eschen
638 1031 2250 1210 bacher verweist ihm den unsinn.
638 1183 2855 1383 Frau Klähr, Anna und Etzelt verteilen Esswa.
1153 1332 1457 1433 Getraut
641 1356 2715 1544 ren und dergleichen unter die Besatzung.
650 1484 2932 1708 Eschenbacher teilt seiner Schwester mit, dass
638 1642 2935 1839 die Situation verzweifelt sei. Möglicherwei-
650 1821 2938 1979 se werde von einigen Freiwilligen ein Ausfall
650 1946 2846 2131 unternommen werden; auch Medardus habe sich
659 2149 1135 2301 gemeldet.
650 2265 2748 2417 Ein elegantes Ehepaar sieht sich von der
653 2408 2894 2575 Bastei aus die militärische Bewegung in der
653 2533 3046 2736 Ferne wie ein Schauspiel an.Die Frau erschrikt
670 2697 2759 2879 sehr wie sie erfährt, dass drüben Kanonen
659 2879 1597 3075 aufgefahren wären.
659 3016 3001 3209 Begegnung zwischen Anna und Elisabeth.Anna
665 3159 2947 3394 hat sich als barmherzige Schwester ins Mili¬
676 3338 1660 3534 tärspital gemeldet.
670 3409 2879 3650 Eschenbacher kommt mit der Mitteilung, dass
688 3624 2971 3853 der Pöbel den Trompeter des Marschall Lannes
