3464 4184
2903 416 3049 547 18
784 562 1630 775 Grosse Bewegung.
787 734 2964 948 Der General tritt ein,beginnt zu sprechen,
784 869 2882 1083 als plötzlich Medardus hereinstürzt: „Ich
790 1001 2935 1258 bin Medardus Klähr, diese hier kenst mich.
781 1159 2979 1399 Der Marquis will ihn durch die Lakaien hi¬
790 1355 3035 1516 nauswerfen lassen,Helene tritt vor Medardus
796 1484 3040 1642 hin: „Kommen Sie zu Besinnung“. Sie erinnert
799 1653 2950 1800 in kurzen Worten an die Begegnung auf dem
802 1788 3046 1949 Friedhof,an sein Duell mit dem Marquis: „Nun
1211 1917 1545 2031 s, dass
813 1949 3102 2139 scheinen Fieberträume, seltsmmer Art Sie noch
808 2092 3157 2312 in die Tage Ihres Genesens verfolgen.Scheuche
799 2259 2929 2455 Sie sie fort, tragen Sie das schwere Leid,
802 2423 2961 2604 wie ich es trage und gehen Sie in Frieden
2616 2467 3075 2625 hiit ofeie
2113 2514 2271 2619 art.
811 2575 2991 2718 Wie Medardus fort ist bringt Rapp den Auf-
875 2663 2072 2803 Spott, in thiftres Napoleon
822 2704 3049 2923 trag des Kaisers, der alle hier im Wohnhause
816 2877 3070 3070 des ehemaligen Herzogs von Valois versammel.
2467 2961 2675 3067 Aar
811 3040 2862 3169 ten Untertanen für morgen zu der xxx in
813 3146 3026 3336 Schönbrunn einlädt. Zugleich bringt er ein
811 3327 3102 3538 Perlenhalsband vom Kaiser als Hochzeitsgabe.
811 3453 2970 3719 Er geht und die Andern bleiben zuerst
