3400 4184
2753 392 2854 578 9
1359 502 1797 767 2-Szene
653 746 1658 955 Garten beim Herzog.
650 894 2930 1089 Dogusan und Laffrayezwei Freunde des Marquis
650 1016 2849 1266 Emigranten im Gespräch mit der Prinzessin.
653 1188 2854 1403 Nerina bringt der Prinzessin die Botschaft
674 1385 2703 1554 von Medardus.Die Prinzessin glaubt zwar
659 1504 2918 1696 nicht, dass Medardus es wagen wird herzukom-
665 1667 2924 1850 men, wirft aber für alle Fälle den Schlüssel
677 1826 2091 2015 der Gartentür in den Teich.
677 1992 2982 2152 Die Prinzessin nimmt die Werbung des Marquis
694 2128 2994 2320 im Beisein ihrer Eltern an,verlangt aber von
697 2282 2791 2477 ihm, dass er sich sofort m ch der Trauung
694 2451 3000 2613 nach Paris begebe,um dort die Angelegenhei¬
697 2608 2947 2785 ten der Valois zu führen,während sie es für
1260 2721 1826 2851 in der nahe des
697 2753 3034 2941 klüger hält an dem Ort zu bleiben, wo Napolem
711 2910 1443 3092 erwartet wird.
706 3058 2941 3281 Später ist Nerina allein im Garten, Medar.
723 3183 3034 3392 dus klopft an die Pforte und da ihm nicht ge-
732 3339 3017 3534 öffnet werden kann,klettert er über die Mau-
720 3508 2979 3763 er, um im Gebüsch ohnmächtig niederzusinken.
