3416 4104
2848 384 2994 522 26
762 542 2945 779 chers stattgefunden.Aufrüherische Worte an
750 718 2977 920 seinem Grab.Ein Vertrauter (Geheimpolizist)
762 911 3024 1113 weist die Leute fort.Trotzdem bleiben einige
753 1034 3109 1228 zurück unter fernem Kanonandonner, der eine be-
762 1195 2781 1409 ginnende Schlacht anzukündigen scheint.
756 1351 2997 1535 Frau Klähr in nicht mehr misszuverstehenden
753 1497 3082 1708 Worten, fasst es nicht, dass sich kein Richter,
750 1694 2367 1858 kein Mörder für Napoleon fände.
747 1855 3082 2025 Me###rdus bleibt endlich allein zurück, mit ei-
753 2025 3056 2165 nem Monolog kommt sein fester Entschluss zum
765 2133 2145 2329 Ausdruck Napoleon zu töten.
1896 2230 2467 2362 des uidarss
756 2253 2848 2449 Nun kommt Helene, will
756 2394 3091 2611 machen,versucht ihm durch einen Brief Fouchés
756 2549 3000 2725 den ihr Lafraye gebracht,zum Morde Plapoleon
759 2754 3097 2909 aufzureizen,sein zögerndes Verhalten bestimmt
756 2857 3103 3079 sie zu der Andeutung,dass die Valois den Lohn
768 3012 2965 3205 für eine solche Tat nicht schuldig bleiben
753 3167 3012 3370 würden..Dem Medardus erscheint nun die von
765 3311 3041 3531 ihm zum Hei le seines Vaterlands geplante Tat
