3368 4104
2765 400 2916 545 32
664 533 3029 747 Schloss kam seine Majestät zu töten. Der Kaiser
670 705 2999 883 hat die Absicht ihm die Freiheit zu schenken.
676 851 3035 1040 Medardus ist nicht in der Lage sie anzunehmen.
676 1002 3029 1212 er hatte nicht die Absicht, die Marquise zu tö-
691 1168 2857 1366 ten, sondern den Kaiser. Auf dieser Aussage
679 1325 3050 1538 besteht er und Rapp geht,um den Kaiser Meldung
685 1485 1369 1663 zu erstatten.
688 1597 2973 1769 Wie der General fort ist beschwören xxx Frau
1686 1731 2095 1838 Médante
682 1811 2952 1938 Klähr und Etzelt/die Gnade des Kaisers anzu-
682 1912 2904 2101 nehmen. Medardus erklärt ruhig warum er ent-
691 2086 1971 2264 schlossen sei zu sterben.
682 2217 3008 2430 General Rapp kommt zurück.Der Kaiser verlangt
679 2383 2967 2567 nichts anderes von Medardus als das Verspre-
696 2498 2919 2703 chen, dass er ihm von nun an nicht mehr nach
688 2691 3032 2875 dem geben trachte. Dann soll Medardus noch in
886 2821 1218 2931 dieser
691 2845 2973 3008 der gleichen Stunde das Gefängnis verlassen.
1769 2964 2247 3056 ein solche
679 2993 3062 3183 Medardus lehnt es ab dieses Versprebhen zu ge-
691 3159 2824 3316 ben. Auch für diesen Fall hat der General
691 3281 2931 3468 seinen Auftrag. Auf einen Wink erscheint die
685 3465 2774 3696 Eskorte, die den Medardus zum Tode führt.
