4376 5220
2434 195 2772 408 „ 1 11
781 712 3974 933 Wahrhaftig! ein Meer von Freiheit, Leben und Freude! Zum mindesten
646 820 3983 1076 einen Augenblick lang kosten dürfen vom Hauche auch der bezauberndsten
655 955 3892 1189 Schönheit, festhalten ein herrliches Weib, dessen Fangerspitzen man
664 1067 3848 1289 sonst nicht einmal berühren darf -! es liegt ein unbeschreiblicher
651 1193 3805 1397 Reiz in diesem Gewähren, und leider noch mehr im Nichtgewährer -!
842 1276 4013 1510 Ach ja; — denn die Musik lässt ihre letzten zuokenden Accorde ver-
664 1419 4039 1614 klingen, Gestalt löst###sich von Gestalt, und gar vielen Tänzern und Tän-
664 1532 3953 1753 zerinnen ist's, als wenn eine Ahnung in ihnen wach würde, dass diese
668 1649 4013 1866 durchtansten Stunden. nur eine Ahnung gewesen seien - Wie war es
681 1770 3966 1961 mir doch damals, als jener fröhlichen Nacht ein kalter trüber Morgen
681 1883 3996 2096 folgte, und ich auf der feuchten Strasse einem Mädchen begegnete, das
686 1987 4009 2204 ich vor wenig Stunden beim Tanz kennen gelernt und die mich gar artig
681 2117 3996 2352 angelächelt hatte mit den freundlichen Lippen. Ich sah, ihr wohl an,
686 2217 4009 2438 dass sie jetzt auch lächeln wollte und auch ich hätte meinen
681 2347 3983 2543 Antlitz gern den bekannten verständnisinnigen Ausdruck gegeben; aber
707 2460 4044 2651 bei diesem ganzen beiderseitigen Bemühen liess sich nichts anderes er-
699 2577 4083 2794 zielen, als zwei paar verdriessliche Augen, in denen man alles mögliche
694 2694 4018 2916 lesen konnte, ganz besonders viel von unerfüllt gebliebenen Ahnungen.
703 2781 4187 3011 Wir gingen aneinander vorüber, und ich sehnte mich nach den nächsten Ball,
699 2911 4109 3133 Sie wahrscheinlich auch; denn das interessante an einem Balle ist nicht,
707 3037 3953 3228 was man dort erlebt, sondern was man alles dert erleben könnte. Und
712 3159 3935 3354 was kann man nicht alles erleben. So zum Beispiel - Aber davon ein
712 3267 4078 3510 ander Mal; und dann will ich lieber warten, bis mir die Geschichte pas
716 3454 1445 3614 siert ist....
