4264 5204
2771 214 3700 440 (copy made by
2924 366 3896 575 Heinrich Schmitzler
1595 349 2549 580 Carnevalsilhouetten
1922 558 2113 684 von
3198 549 3909 723 2-111-1932
1290 619 2859 854 Arthur Schnitzler
1856 749 2153 924 1881
858 1024 3874 1190 Was wohl unsere jungen Mädchen dazu sagten, wenn wir mit einem
571 1142 3782 1281 Nale zurückversetzt wären in die Zeit des grauen Altertums, wo man
571 1216 4018 1416 gemächlich auf weichen Polstern ruhte und süssen Wein schlürfte, während
571 1368 3869 1516 zu behaglicher Augenweide Sklaven und Sklavinnen tanzten. Ich glaube
584 1499 3830 1647 sie überliessen den Sklavinnen gern den süssen Wein und die weichen
571 1625 3909 1743 Polster und nähmen sieh- das holde Vergnügen des Drehens und Schwebens
571 1743 3564 1887 zu eigen,- besonders wenn sich die geeigneten Sklaven fänden.-
906 1869 1368 1978 Ein Ball
919 1943 3957 2087 Jubelnde Musik, Rauschen von seidenen Kleidern, Ineinanderflies
584 2092 3996 2222 sen der verschiedensten duftenden Wohlgerüche, rasch hinfliehende Paare
588 2214 3451 2331 ein schimmerndes Lichtmeer voll Freude, Leben und Freiheit!
928 2292 3930 2431 O es ist ein seltsames Spiel, dass diese Freiheit treibt.- Ich
584 2431 3961 2571 kenne einen jungen Mann, der während eines Soupers, dem ein Tanz folger
584 2567 3926 2671 sollte, an der Seite einer hübschen Frau sass und sich erlaubte, unter
584 2662 4013 2802 dem Vorwande, ihr ein Glas Wein hinüberzureichen, ihre reizendes Händchen
588 2798 3961 2915 zu drücken – sie hat ein rezendes Händchen, wie mir der junge Mann er-
580 2885 4018 3020 zählte - und sie warf ihm nach diesem Händedruck einen Blick zu - oh, es
584 3011 4018 3150 war ein vernichtender Blick, so vernichtend, wie ihn eben nur so dunkle,
588 3137 4092 3264 feurige Augen zu schleudern vermögen, wie sie die junge Frau besitzt - und
588 3242 4005 3399 sie hat schöne Augen, so hat mir wenigstens der junge Mann gesagt.- Nun
580 3364 3843 3503 kam es zum Tanze. Er forderte sie auf - er umfasste ihre Taille und
584 3477 4031 3604 nahm ihre rechte Hand. Halten Sie mich doch fester - Sie lassen ja meine
584 3599 4044 3721 Hand los, flüsterte die Dame – und das war ja ganz natürlich, denn beim
571 3730 4066 3856 Tanzen ist es ja bon façon und wenn er sie nicht gleich festgehalten hät-
601 3835 3939 4009 te, so hätte ihn wohl ein zweiter vernichtender Blick getroffen.- Und
584 3944 1913 4092 sie hat: so schöne Augen! -
976 4005 3939 4183 Bon façon! Die sogenannte gute Sitte hüpft mit einer lustigen
580 4170 3935 4310 Schellenkappe auf dem kahlen Kopf durch den glänzenden Saal und lach
571 4292 3922 4419 sich ins Fäustchen, wenn sie eine junge Frau sieht, die mit Erlaubnis
584 4427 3922 4545 ihres Mannes, ein Mädchen, das mit Erlaubnis ihrer Eltern sich an die
580 4527 3935 4654 Brust des Tänzers schwiegt und ihr en them mit den seinen vermählt. Die
606 4615 4005 4771 "Gesellschaft" gibt der Heuchelei Ferien, solange die Convenienz es ge-
580 4754 4061 4915 stattet. Aber es wäre nicht bon façon, weiter darüber zu plaudern. Lasser
588 4867 3987 5037 vir uns lieber mitreissen von den trunkenen Wogen und tauchen wir unter
584 4998 2344 5177 ein holdes Frauenbild in den Armen.
