5208 4200
1002 467 1211 581 1 „ „ —
1026 689 1378 759 MEDZINALRAT
916 744 1503 876 Dr. ANION WASSING
1825 702 2166 896 3. V11. 31
1250 878 1429 947 ASSING
984 977 1988 1171 Lieber Arthur Schmitzler!
958 1120 2492 1314 Vielleicht kann ich Dir für die von Dir.
938 1248 2415 1444 Joelan uns emgsführtene Gut dienen.
940 1376 2549 1539 Nehmet mir genau den Prvijsekt durch:
922 1490 2606 1704 er gibt dann keine Überraschungen mehr.
847 1706 2472 1955 Durch Frau Paula Schmiel dort liess it
845 1869 2567 2069 Dix avec ca 4 Wochen sagen: je meineux
847 1977 2617 2212 70sten Feb Taxe 1030 Kaufte ich mir Deine¬
869 2111 2485 2380 Herke Gesamtehuggebe. ich liess Dich
883 2247 2540 2485 Rittersche Deinem Geb. Koch mir einige
909 2375 2617 2602 Zeilen auf einen der Sünde gelegentlich
883 2538 2628 2760 als 1/8 König Wien rieder zu schraiben.
1620 2705 2578 2919 Herzlichst freundschaftlich
863 2714 1616 2866 Das tust Du gewiss
1653 2846 2294 3047 Grüssend Dein
1805 2969 2481 3168 Wassioßenier
2802 469 2963 630 1,1
4242 460 4438 605 1 1 1/11
3036 610 3366 726 MEDIRINALRAT
3815 676 4200 839 5. VII. 31
2910 693 3507 836 Dr. ANION WASSING
3115 810 3293 918 D r. WA
2851 900 3837 1072 Lieber Artner Schmitzler!
2864 958 4581 1167 Ich wartete enen Tag, ob Frau Pollacrek’s
2855 1068 4532 1255 Schreiben ei dritt — u. habe deshalb mit
2868 1149 4614 1323 M. Neshen Danke für Der liebes Bild
2873 1230 4598 1455 & Zeilen dage gezügert. Hente, da von
2864 1341 4557 1532 dans Deux immer noch arthés volang,
2881 1424 4524 1699 mass ich die Bestätigung xxx Deiner freil
2866 1561 4563 1794 Lendrag reith’t länger hinaus schieben.
2868 1642 4581 1880 Also Dank darg ich Dich endlich 1 Mal
2879 1754 4585 1979 nach Jahren wieder sehe - wenn auch
2864 1834 4631 2067 auch im Erbolde. Vollacht nach denen
3964 1926 4559 2089 so riele
2862 1981 3872 2168 Zelen kommt Du
2892 2113 3606 2241 male schöner!
2897 2181 4583 2342 Die Dame kann sich ruhig & vertrauens.
2862 2269 4535 2474 vol, ote auf verlassen, dass sie eines der
2917 2364 4616 2562 Tilgimer a.d. laagen Hauptfrvnte, C.D.E.
2910 2505 4563 2657 bekomme wievel. Auch ist sie nicht
2908 2595 4616 2765 am 1. Vm. bei uns herstigst untergebracht.
2899 2679 4616 2870 Ich bemühe mich auch das vermüsschte frei¬
3667 2824 4387 2965 Prünkante genug
2917 2866 3493 3020 zu kolgen;
3212 2881 4321 3091 Schönste Grünse in Freuer
3529 3025 4433 3256 Franz Wassing
