2824 3576
773 782 2272 953 Es hüffe mir nichts, wenn ich es zu
475 929 2372 1092 vershneigen auchte: Diese Geschichte spielt
475 1053 2279 1214 in der Vorkriegszeit, in deiner Vorkriegs-
473 1177 2335 1350 welt, in einem gesterreich, das heute in sei-
485 1321 2420 1455 ner plitiachen und gesellschaftlichen Struk-
483 1433 2313 1606 lur kähn mehr oder doch sehr erleblich vor
478 1570 2338 1736 ndert exigtiert. Es gibt kein 9diger Regi-
461 1687 2318 1870 ment nehre gibt keine österreichische Of.
478 1833 2272 1991 fiziersgesellschaft, die im Caféhaus einer
463 1945 2386 2111 Commerf rische Karten spielt. Konsuln, Theater-
461 2084 2328 2264 sokretäre, Schaus, iolgr, altornde Sonderlinge
473 2221 2396 2369 und Blugenmädchen sind allerdings noch nicht
473 2345 2252 2508 rek Krdbeden verschrunden, und so weit sie
463 2481 2218 2647 noch vorhanten sind dürften sie in ihren
475 2608 2216 2754 Lebansgefühl und ihren Lebensäusserungen
466 2735 2406 2876 sich von den ronsuln, Theatersekretären, Schen
463 2864 2423 3037 sfiedern, alten sonder ingen und Bluvenmädchen
439 3001 2242 3142 von 1914 oder 1900 nicht erheblich unter-
458 3120 2289 3281 sesiden: und auch junge leute,ganz von der
