2968 3720
541 640 2447 901 Dies sind sozusagen die drei Hauptaffen,die
561 815 2554 1051 auf dem Rücken meines Werks Grimassen schnei-
546 955 2587 1181 den, und sich voraussichtlich noch eines langen
571 1059 2557 1259 Lebens erfreuen werden. Es gibt aber noch an-
574 1168 2422 1406 dere, weniger populäre sozusagen,manche, die
584 1292 2526 1528 erst weuerdings ihre Zeit gekommen erachten,
579 1480 2577 1670 aber gleich zu Beginn ihrer Laufbahn die gan-
574 1610 2564 1808 ze Frechhe it entwickeln,die dieser Rasse nun
586 1747 2524 1955 einmaleigen ist. Das letzte Schlagwort näm-
604 1846 2511 2026 lich, das von gewissen Kritikern, von tiefern
599 1965 2549 2221 sozusagen, in die Welt gesetzt wird, iet das
599 2127 2590 2333 hat zum Inhalt,dasssich die Handlungen meiner
581 2244 2554 2427 dramatischen und auch erzählenden Dichtungen
604 2358 2635 2630 in einem Kreise von Nichtstuern oder wenigste
609 2485 2518 2722 von lauter leuten abspielen,die sich bereits
612 2605 2638 2838 auf einer höheren Stufe der Personaleinkonmen-
614 2752 2595 2983 steuer befinden. Man müsste die ganze sugges-
1079 2889 1579 3026 mitt kein
619 2859 2605 3110 tive Kraft/mit der auch der absoluteste Blöd-
627 3036 2584 3247 sinn zu wirken pflegt, wenn er nur mit beson-
645 3110 2650 3359 derer Frechheit vorgetragen wird, ntekt konnen,
