2952 3720
2299 358 2431 538 3
807 553 2548 748 Ihnen oder Bie das anzurechnen. Im gegen-
796 674 2488 878 teil,Sie waren-verpflichtet den Irtikd
815 815 2403 1021 resp. die Artikel Kerrs ohne spur von
807 915 2483 1147 Aonderung, ja ohne den leisesten. Vebuch
824 1050 2498 1262 einer Beeinflusgung zu bringen.Ich bin-
835 1171 2520 1412 für absolute Freiheit der Kritik insbe
826 1301 2535 1522 sondere, wenn der Kritiker ein bei allen
831 1440 2548 1681 seinen Mängeln so intoressanter Schrif-
833 1572 2405 1798 stellersist wie Alfred Kerr. Aber ich
841 1705 2548 1913 selber wäre mir komisch, ia geradezu. zu-
2403 1820 2574 1915 rech-
1544 1882 1694 1974 lene
850 1841 2431 2062 us183ilsoh dir Absrretchthäkts
857 1963 2520 2164 not In der jenigen Zeitschrifthwo drei
854 2097 2366 2303 meiner stücke, die bei manchen auch
874 2240 2492 2433 von mir nicht unbemörkten Fehlern in-
868 2342 2496 2555 nerhalb der modernen Literatur immer-
870 2451 2544 2698 hin einen gewissen Rang zu beanprachen
887 2626 2436 2837 durfen,abgetan werden,wie die miss-
896 2780 2483 2980 glückten Ankänge Machwerke eines An-
896 2887 2585 3110 fängers oder Dilettanten.Nicht etwa et
898 3032 2440 3216 nes disser drei Stücke, sondern alle
907 3231 1154 3349 drei.
