3352 4424
1094 1353 2927 1536 ein Feutllaton die Unsterblichkelt eines Toges
1102 1550 2942 1675 bedeute. Und da die Unsterblichkeit eines Thoc-
1102 1640 2969 1804 terstüchs, selbst im Falle eines Misserfolgs,lün-
1102 1767 2993 1930 ger zu währen pflegt, so ist der Autor noch irmer
2611 1845 3105 1938 noritmel
1107 1889 2952 2067 besser dran als der Resensent, was ja gemiee eft
1943 1996 2221 2079 den mo
1112 2043 3030 2208 ein bitteres Unrechtstpt, da de manche Rezenstoren
1119 2126 2974 2306 gewiss ein besseres beim verdienten als mit dem
1112 2279 3069 2420 Tag vergessen zu werden. Sie in einem Buch zu sam-
1562 2381 1877 2474 freilich
1112 2394 2944 2581 mein kiiftsnur dort, wo ihnen eine mitsiliche Le-
1121 2525 2952 2708 benskraft innewohnt. Es giht kaupt ethas Gesper-
1104 2659 2886 2835 stischeres als der Aufzug lüngst verstorbener
2508 2676 3083 2825 hei nin nnterbe
1109 2788 3059 2940 Kritiken über noch lebendige Theaterstilcke)-Jeden-
1736 2884 1930 2984 dast
1121 2906 2854 3088 falls finde lehfbet so amtnenten Vortolz des
2891 2984 3035 3074 dee
1112 3044 3032 3222 Autors gegerüber dem Kritiker katn jener wohl des
1960 3132 2406 3237 sollte, and
712 3149 1331 3305 eine leisstithen
1121 3166 2940 3342 Eene auf sich nehnenfaueh innsolchen Fäller zu
1107 3308 3010 3459 setweigen, wo er mit einem Wort einen Irrtum oder
1114 3412 3047 3595 erne Urwahrhelt aus der kleinen Melt fortschafsen
1341 3539 1548 3617 in dle
1121 3539 2920 3700 kann wo man sieh für dergleichen interessiert.
1114 3656 3047 3820 Seine einzige Antwort bleibe ein neues Werk.Elin-
1129 3798 3020 3976 gen indess auch seine frühem weiter, unso besser
1129 3939 2313 4129 für eim und für das Puntchum.
2442 4076 2654 4205 A.
