3368 4408
1338 1311 2797 1497 Jahrer anlässlich Deiner Stellungname-
1311 1430 2991 1624 Hauptmann regeriber zum erstermal trieflichen
1316 1573 3033 1753 an eirander gerate. Ich habe ss. vorgezogen
1318 1649 3087 1854 eine Disskussion abzubreahen, deren Hoffnungs-
2120 1767 2415 1858 Augntlich
1331 1765 3076 2004 losigkeit vom ersten Reg an klar zu Tage lag.
1365 1885 3022 2109 Der Verdacht, der später edrmal andre, die
1331 2033 3054 2223 mich richt kerrer äussern körrten, dass erst
1349 2162 2944 2325 persönliche Empfindlichkeit mich die Ver-
1351 2249 3105 2457 schiederheit unserer Anschauungen, unserer Ma-
1363 2408 2962 2569 turen entdecken liess, fällft damit fort.
1389 2515 2928 2707 Muri bir ich aber fern davon zu glsuhen.
1398 2620 3134 2846 dass is zu dem lethaften innereri Differenzen
1372 2774 2991 2949 gekonmen würs, wie sie nun bestehen, wein
1376 2879 3067 3069 nicht auch meine reir persönliche Sache zur
1387 2993 2953 3228 Verhandlung stände. Auch hier schält ich
1398 3114 2980 3322 glsich die Frage des Recht- oder Unrecht
1396 3239 3047 3453 habens aus. Viellsicht wird dir die Zkunft
1416 3348 3132 3556 neistimper und wird hei allen Dichtern deut-
1425 3487 3105 3686 scher Sprache, die heute lehen und schaffen
1416 3540 3145 3815 konstatieren was Du heute konstatierst, dass
1427 3675 3234 3916 sis Dramen schreiben, in deren alles mängelt,
