2984 3704
550 586 2482 775 ne Modistin, eine strumwirkersgattin. In diese
553 764 2490 925 Welt treten allerdings zwei bösser situierte
563 894 2327 1043 jungé leute, studenten und wiederum keine“
555 1002 2567 1180 Nichtstuer, oder wenigstens nicht mehr als man
558 1141 2502 1299 che andere, die et später zu Beruf und Würden
568 1250 2497 1431 gebracht haben. Im „Freiwild“ mit Glükksgü-
563 1374 2505 1575 tern mässiggesegnete Schauspieler,Offiziere
563 1521 2546 1712 undverschiedene junge Menschen, von denen ein-
558 1673 2456 1839 zelne in bessern Verhältnissen leben mögen.
571 1795 2508 1958 Im „Vermächtnis ein Professor der National-
568 1927 2570 2105 ökonomie mit seiner Familie, ein junger aus der
563 2038 2557 2226 ärmlichsten Verhältnissen stammender Arzt,ein
566 2151 2557 2355 Ministerialkonzipist,lauter Menschen,die kaum
568 2280 2552 2497 von ihren Renten leben,und auch die Personal-
568 2451 2508 2593 einkommensteuer, der zurückgelassenen Gelieb-
581 2531 2495 2750 ten dürfte( keine allzu hohe summe erreichen.
573 2683 2554 2846 Im „einsamen Weg“ ein Professor an der Kunst-
571 2807 2580 2996 akademie mit seiner Familie, dann Julian Ficht
560 2887 2469 3127 ner und Sala, dieser letztere vielle icht dis
563 3040 2639 3236 einzige unter meinen exkeblieheren beit Männern,
571 3182 2502 3360 der tatsächlich nicht arbeiten muss,um sein
