2936 3736
791 561 2367 733 Geschmäcklerkunst Beweis dafür, dass
799 679 2520 885 unser trofflicher Bundesbruder in dieem
791 840 2434 1005 Weltkrieg auch einer inneren Reforma-
801 951 2387 1144 tion an Haupt und Gliedern bedarf,um
810 1063 2477 1268 fortan im Geiste einer neuen deutschen
803 1198 2438 1397 Meltkultur ernsthaft bestehen zu kön-
788 1403 1016 1519 nen.
810 1461 2485 1648 Nun bleibt es natürlich jedobann unbe-
818 1590 2404 1774 nommen mich oder Schönherr oder Bahr
823 1723 2404 1907 als Gesammterscheinungen oder irgend
814 1851 2406 2005 welche einzelne Werke abzulehnen, und
836 1984 2460 2164 ss fältt mir gar nicht ein bei dieser
831 2102 2378 2290 Gelegenheit auf etwaige ästhetische
844 2245 2449 2417 Vorzüge des „Querulanten“, des „Heibs-
836 2365 2515 2539 teufels" oder der „K.d.m. einzugehen.
844 2498 2537 2689 Ich nehme der Einfachheit an jodes die
844 2627 2505 2813 ser Werke wäre in gleicher Weise miss-
851 2822 1185 2944 lungen.
