2872 3656
636 373 850 557 Glech
694 503 2354 722 Stoft und Form nieft in die Htusspläre des
699 694 1493 855 Burgtheatere pascte.
1290 808 2585 959 S. Herrn Gdücksmann einskizzen-
687 834 1241 983 Niemals tette
703 920 2461 1099 buch vorgelegt, inpesöndere keines mit Idéen-
710 1053 2478 1260 stenogramnen, da A.S. niemals stehogréphierte.
708 1183 2578 1344 Hiemals- stellte 4.S. Herrn Glücksmann verschie-
713 1316 2494 1453 dene Aerztestofte zur Fahl, insbesondere nicht
713 1425 2555 1607 einen Stoff über den:§ 144,da sich ".S. mit ei-
713 1579 2508 1758 nem solchen niemals auch nur im Entferntesten
720 1728 1306 1893 beschäftigte.
724 1821 2578 2012 Den Stoff des "Bernhardi" hat kein Mensch,nicht
724 1931 2499 2131 einmel die intimeren Freunde des Dichtere, ge-
701 2047 2450 2250 kannt, ehe das Stück mindestens zur Vorjesung
727 2231 1104 2375 reif wir.
731 2340 2047 2517 Sehr wehrscheinlich ht A.S. viel
731 2468 2243 2622 mal, jedenfalts nach der Vorlage des ii4
738 2604 2094 2774 beim Volksthester, mit lerrn Gl. üb-
736 2732 2145 2906 dene der früheren ferztestofte gesp-
745 2867 2331 3006 bei dieser Gelegenheit zuch einige der 1
745 2999 2196 3148 Skizzenblätter, auf die er seine Einfi
750 3114 2441 3286 diktieren pflegt,Herrn ci. vorgewiesen oder
748 3286 1209 3421 vorgelesen.
