3400 4424
2798 1139 2929 1271 13
746 1156 2932 1500 Ebons, dass ieb nachden ich in einen schweren le¬
782 1396 2879 1603 benskampfe meine Ehre rein und fleckenlos erhal-
790 1511 2971 1737 ten habe, mich nun gegen den ältesten und mir einst
785 1659 2985 1857 nächsten Freund zur Mehr setzen muss, der meine Eh-
807 1765 2963 1994 re beflecken will. An jene Unterredung, in der Du-
801 1913 2952 2125 über mich, der ich als Gast. im Hause Deiner Mutter
801 2050 3047 2262 weilte,hergefallen bist,wie über einen charakterlo-
813 2167 3013 2362 sen Lumpen, denke ich zurück mit einer Mischung von
807 2312 2834 2544 Scham, Widerwillen und Empörung; und ich konnte
810 2438 2846 2650 nicht Ruhe finden,ehe ich Dir diesen Brief ge-
829 2555 3002 2756 schrieben,um Deine Anwürfs von mir abzuschütteln,-
829 2695 2913 2913 selbst auf die Gefahr hin,dass dieser Brief den
827 2812 3033 3086 Bruch unserer zwanzigjährigen Freundschaft herbei-
841 3010 1474 3189 führen sollte.
1190 3125 2092 3264 Mit herzlichem Gruss
1338 3248 1530 3421 Dein
1555 3373 2189 3549 Paul Goldmann.
