2920 3528
643 455 2538 653 selbstkritiken anlässlich der Forrektur der
650 660 1443 773 Gesammelten Werke.
660 748 1015 922 1812.5.7
645 846 2589 1015 der Einsame Reg. Im rein dranatischen gewis-
1567 993 1946 1088 von einer
655 1024 2616 1196 se Schwächen.Als Ganzes,wie mir fast scheinen
648 1166 2575 1281 möchte, neuartigen Seelenintensität.Die szene
648 1291 2572 1421 Johanna-Sala im 4.Akt, der Schluss wundersam.
655 1386 2413 1565 Am schwächsten die szenen Vater-Sohn, ins
658 1560 2017 1707 Theatralisch-gteife ausbiegend.
643 1760 2604 1929 7.7. Zwischenspiel. Hübschor als ich gedacht.
655 1910 2579 2076 Am Schluss stimmt es necht, wird theoretisch.
660 2147 2592 2364 11.7. Ruf de Lebens. Ja, trotz Schönheiten ho-
655 2293 2477 2450 hen Rangs, als Ganzes verfehlt..Mir fielen
653 2430 1790 2638 Rettungsmöglichkeiten ein.
636 2665 2232 2834 16.7. Contesse Mizzi. Mirklich gut.
650 2822 2587 2978 16.7. Mederdus, erste Hälfte. Wollen die Leu-
650 2971 1323 3147 to nicht schen?
