<?xml version="1.0" encoding="UTF-8" standalone="yes"?>
<PcGts xmlns="http://schema.primaresearch.org/PAGE/gts/pagecontent/2013-07-15" xmlns:xsi="http://www.w3.org/2001/XMLSchema-instance" xsi:schemaLocation="http://schema.primaresearch.org/PAGE/gts/pagecontent/2013-07-15 http://schema.primaresearch.org/PAGE/gts/pagecontent/2013-07-15/pagecontent.xsd">
    <Metadata>
        <Creator>prov=READ-COOP:name=PyLaia@TranskribusPlatform:version=2.7.0:model_id=50870:lm=none:date=22_01_2024_20:33</Creator>
        <Created>2023-09-27T14:39:43.847+02:00</Created>
        <LastChange>2024-01-22T20:33:00.805+01:00</LastChange>
        <TranskribusMetadata docId="1589058" pageId="60125974" pageNr="74" tsid="145640012" status="IN_PROGRESS" userId="40391" imgUrl="https://files.transkribus.eu/Get?id=IHGKPMALTMCSJASAUBYOEQNK&amp;fileType=view" xmlUrl="https://files.transkribus.eu/Get?id=TPATQCOPMQGWCPJBOVXSUTRG" imageId="48551051"/>
    </Metadata>
    <Page imageFilename="1589058_0074.jpg" imageWidth="3016" imageHeight="3736">
        <ReadingOrder>
            <OrderedGroup id="ro_1711789641590" caption="Regions reading order">
                <RegionRefIndexed index="0" regionRef="tr_1"/>
            </OrderedGroup>
        </ReadingOrder>
        <TextRegion orientation="0.0" id="tr_1" custom="readingOrder {index:0;}">
            <Coords points="534,275 534,2585 2706,2585 2706,275"/>
            <TextLine id="tr_1_tl_1" custom="readingOrder {index:0;}">
                <Coords points="2117,363 2141,355 2167,366 2186,361 2221,369 2274,353 2288,366 2314,361 2317,299 2304,299 2248,267 2218,278 2202,275 2186,291 2138,278 2119,281"/>
                <Baseline points="2130,343 2156,342 2183,340 2210,340 2237,340 2264,340 2291,339 2318,337"/>
                <TextEquiv>
                    <Unicode>1a.</Unicode>
                </TextEquiv>
            </TextLine>
            <TextLine id="tr_1_tl_2" custom="readingOrder {index:1;}">
                <Coords points="583,756 2405,845 2531,772 2667,775 2664,681 2568,700 2475,647 2125,690 1943,633 1499,692 1366,641 580,620"/>
                <Baseline points="596,713 699,717 803,721 907,725 1010,728 1114,731 1218,734 1321,735 1425,745 1529,746 1633,746 1736,746 1840,748 1944,754 2047,755 2151,759 2255,757 2358,763 2462,765 2566,766 2670,772"/>
                <TextEquiv>
                    <Unicode>Diose aphoristisch gehaltenen entstett kritisch-</Unicode>
                </TextEquiv>
            </TextLine>
            <TextLine id="tr_1_tl_3" custom="readingOrder {index:2;}">
                <Coords points="580,885 775,853 2266,914 2384,901 2384,831 1759,791 1179,815 1098,775 903,794 575,743"/>
                <Baseline points="593,844 682,847 772,847 862,853 952,856 1042,859 1132,859 1221,865 1311,865 1401,868 1491,868 1581,874 1671,874 1761,877 1850,880 1940,880 2030,883 2120,883 2210,892 2300,889 2390,892"/>
                <TextEquiv>
                    <Unicode>antikritischen Bemerkungen sind nicht zur</Unicode>
                </TextEquiv>
            </TextLine>
            <TextLine id="tr_1_tl_4" custom="readingOrder {index:3;}">
                <Coords points="577,991 1625,1042 1702,1005 2245,1018 2427,1072 2424,970 2277,946 692,935 575,893"/>
                <Baseline points="593,978 685,978 777,981 869,984 961,986 1053,985 1145,988 1237,993 1329,994 1421,999 1513,999 1605,1003 1697,1006 1789,1008 1881,1010 1973,1008 2065,1014 2157,1017 2249,1017 2341,1017 2434,1020"/>
                <TextEquiv>
                    <Unicode>Herausgabe bestimmt, da es dem Verfasser an</Unicode>
                </TextEquiv>
            </TextLine>
            <TextLine id="tr_1_tl_5" custom="readingOrder {index:4;}">
                <Coords points="567,1128 903,1117 1058,1163 1897,1138 2226,1200 2509,1157 2507,1061 2127,1045 2018,1082 1614,1064 1384,1002 564,1000"/>
                <Baseline points="578,1107 674,1107 771,1110 868,1114 965,1116 1062,1118 1159,1121 1255,1124 1352,1127 1449,1128 1546,1130 1643,1133 1740,1136 1837,1136 1933,1139 2030,1139 2127,1142 2224,1145 2321,1145 2418,1145 2515,1154"/>
                <TextEquiv>
                    <Unicode>Horven und Zeit fehlt sich in Polemiken ein-</Unicode>
                </TextEquiv>
            </TextLine>
            <TextLine id="tr_1_tl_6" custom="readingOrder {index:5;}">
                <Coords points="567,1267 1376,1299 1483,1261 1625,1310 1799,1269 2368,1350 2381,1189 1713,1213 1604,1181 1473,1216 1318,1144 564,1155"/>
                <Baseline points="581,1241 671,1241 761,1244 851,1244 941,1247 1031,1250 1121,1250 1212,1253 1302,1253 1392,1259 1482,1259 1572,1262 1662,1262 1752,1262 1843,1268 1933,1271 2023,1271 2113,1272 2203,1274 2293,1275 2384,1274"/>
                <TextEquiv>
                    <Unicode>zulassen, er doch dem ersten Angreifer, dem</Unicode>
                </TextEquiv>
            </TextLine>
            <TextLine id="tr_1_tl_7" custom="readingOrder {index:6;}">
                <Coords points="564,1400 1676,1398 2047,1459 2197,1411 2413,1446 2499,1416 2496,1347 2443,1326 2170,1344 1799,1267 1630,1323 1451,1269 1323,1310 887,1251 561,1261"/>
                <Baseline points="575,1372 671,1372 768,1372 864,1374 961,1378 1057,1378 1154,1381 1250,1381 1347,1384 1443,1386 1540,1390 1637,1392 1733,1393 1830,1396 1926,1396 2023,1400 2119,1402 2216,1404 2312,1404 2409,1405 2506,1405"/>
                <TextEquiv>
                    <Unicode>sogenannten kritiker, das letzte Wort. gönnen</Unicode>
                </TextEquiv>
            </TextLine>
            <TextLine id="tr_1_tl_8" custom="readingOrder {index:7;}">
                <Coords points="556,1529 775,1510 1037,1558 1203,1521 1366,1558 1697,1526 1809,1566 1887,1529 2031,1569 2103,1531 2237,1590 2387,1587 2699,1569 2697,1478 2531,1507 2435,1457 2224,1502 2143,1446 2034,1473 1804,1419 1702,1465 1427,1411 1203,1448 1021,1395 885,1390 828,1432 553,1411"/>
                <Baseline points="569,1500 675,1501 782,1503 889,1509 996,1509 1103,1509 1210,1512 1316,1515 1423,1518 1530,1518 1637,1521 1744,1522 1851,1526 1958,1530 2064,1531 2171,1533 2278,1533 2385,1533 2492,1536 2599,1535 2706,1536"/>
                <TextEquiv>
                    <Unicode>müsste, und weil er es vorzicht, Neues zu</Unicode>
                </TextEquiv>
            </TextLine>
            <TextLine id="tr_1_tl_9" custom="readingOrder {index:8;}">
                <Coords points="548,1636 599,1652 625,1636 738,1686 836,1638 853,1654 890,1644 935,1678 978,1673 975,1531 943,1521 887,1566 796,1550 727,1571 620,1510 599,1531 545,1526"/>
                <Baseline points="563,1632 589,1630 615,1629 641,1629 668,1630 694,1632 720,1632 747,1632 773,1634 799,1635 826,1635 852,1635 878,1635 905,1635 931,1636 957,1640 984,1644"/>
                <TextEquiv>
                    <Unicode>schaffen.</Unicode>
                </TextEquiv>
            </TextLine>
            <TextLine id="tr_1_tl_10" custom="readingOrder {index:9;}">
                <Coords points="543,1775 1157,1769 1211,1804 1371,1772 1539,1815 1748,1780 1932,1841 2085,1788 2213,1844 2349,1817 2349,1716 2090,1721 1903,1665 1750,1705 540,1665"/>
                <Baseline points="558,1763 652,1760 747,1763 842,1763 936,1766 1031,1766 1126,1766 1220,1768 1315,1769 1410,1772 1504,1775 1599,1777 1694,1778 1788,1779 1883,1778 1978,1783 2072,1784 2167,1787 2262,1787 2357,1787"/>
                <TextEquiv>
                    <Unicode>Auch verräucht der Aerger rasch und durch</Unicode>
                </TextEquiv>
            </TextLine>
            <TextLine id="tr_1_tl_11" custom="readingOrder {index:10;}">
                <Coords points="553,1887 1016,1935 1510,1908 1809,1951 2042,1911 2413,1951 2475,1948 2475,1860 2012,1868 1748,1783 1459,1836 551,1796"/>
                <Baseline points="569,1885 664,1891 760,1891 855,1892 951,1894 1047,1894 1142,1896 1238,1897 1334,1897 1429,1900 1525,1901 1621,1904 1716,1906 1812,1911 1908,1909 2003,1912 2099,1912 2195,1913 2290,1916 2386,1918 2482,1918"/>
                <TextEquiv>
                    <Unicode>Veröffentlichungen von Entgegnungen oder gar-</Unicode>
                </TextEquiv>
            </TextLine>
            <TextLine id="tr_1_tl_12" custom="readingOrder {index:11;}">
                <Coords points="548,2023 893,2063 1323,2028 1590,2082 1710,2039 2477,2058 2477,1946 2111,1914 898,1946 706,1895 548,1930"/>
                <Baseline points="563,2020 659,2017 755,2021 851,2023 947,2022 1043,2023 1139,2026 1235,2026 1331,2029 1427,2027 1524,2029 1620,2032 1716,2034 1812,2038 1908,2038 2004,2038 2100,2041 2196,2041 2292,2044 2388,2047 2485,2050"/>
                <TextEquiv>
                    <Unicode>Einkreten in ein Polenik würde manchen sub-</Unicode>
                </TextEquiv>
            </TextLine>
            <TextLine id="tr_1_tl_13" custom="readingOrder {index:12;}">
                <Coords points="548,2205 724,2162 1024,2207 1344,2167 1400,2205 1505,2162 2384,2205 2384,2103 545,2042"/>
                <Baseline points="563,2160 654,2151 745,2151 837,2148 928,2151 1019,2151 1111,2152 1202,2154 1293,2156 1385,2157 1476,2158 1567,2157 1659,2160 1750,2162 1841,2164 1933,2165 2024,2168 2115,2166 2207,2169 2298,2171 2390,2169"/>
                <TextEquiv>
                    <Unicode>jekten und manchen ihrer Aeusserungen eine</Unicode>
                </TextEquiv>
            </TextLine>
            <TextLine id="tr_1_tl_14" custom="readingOrder {index:13;}">
                <Coords points="532,2301 1195,2288 1593,2373 1692,2338 1775,2368 1975,2293 2376,2354 2373,2240 2293,2224 1558,2210 1499,2253 1277,2191 532,2194"/>
                <Baseline points="546,2276 637,2276 729,2276 821,2279 913,2281 1004,2279 1096,2282 1188,2280 1280,2283 1371,2285 1463,2285 1555,2287 1647,2287 1738,2288 1830,2293 1922,2292 2014,2293 2105,2300 2197,2297 2289,2300 2381,2303"/>
                <TextEquiv>
                    <Unicode>Wichtigkeit verliehen werden,die sie nicht</Unicode>
                </TextEquiv>
            </TextLine>
            <TextLine id="tr_1_tl_15" custom="readingOrder {index:14;}">
                <Coords points="534,2427 1168,2413 1350,2453 1582,2419 1807,2472 2090,2437 2248,2491 2464,2437 2461,2371 2387,2352 2298,2384 2018,2325 1852,2384 1692,2338 1430,2365 1334,2314 1160,2365 534,2330"/>
                <Baseline points="549,2408 645,2408 741,2408 837,2409 933,2409 1029,2409 1125,2408 1221,2411 1317,2414 1413,2413 1509,2414 1605,2417 1701,2419 1797,2423 1893,2423 1989,2424 2085,2426 2181,2426 2277,2428 2373,2431 2470,2431"/>
                <TextEquiv>
                    <Unicode>einmal für den Autor in den Aug nblicken des</Unicode>
                </TextEquiv>
            </TextLine>
            <TextLine id="tr_1_tl_16" custom="readingOrder {index:15;}">
                <Coords points="518,2603 681,2555 946,2627 1005,2587 1323,2616 1569,2555 1924,2560 1924,2467 1857,2451 914,2493 518,2445"/>
                <Baseline points="534,2539 603,2539 673,2542 743,2542 813,2539 883,2537 952,2537 1022,2542 1092,2541 1162,2542 1232,2542 1301,2545 1371,2545 1441,2544 1511,2545 1581,2547 1650,2548 1720,2546 1790,2548 1860,2550 1930,2554"/>
                <TextEquiv>
                    <Unicode>Aergers oder des Ekels besitzen.</Unicode>
                </TextEquiv>
            </TextLine>
            <TextEquiv>
                <Unicode></Unicode>
            </TextEquiv>
        </TextRegion>
    </Page>
</PcGts>
