2984 3704
514 467 861 668 neibe
550 574 2564 798 Earbe (oiges Rezensentenhirns bezeichnet werden
550 738 2643 910 kann; sobel er nich, zu neine Arbeit beren mache
548 976 2544 1158 Gleichfalls zu Beginn meiner Laufbahn ist ein
550 1130 2468 1304 Buch erschiehen,das in siben szenen sieben
550 1265 2413 1435 verschiedene Liebeserlebnisseeines jungen
558 1380 2564 1557 leichtsinnigen Melanchotikers namens, behandelt,
543 1500 2369 1701 dem ich den Namen Anatol gegeben habe. Es
556 1636 2538 1829 gibt auch in meinen späteren Werken unter den
553 1777 2460 1954 Dutzenden Gestalten,die darin auftreten, ei-
550 1857 2541 2092 nige unter den jüngeren Leuten,die dem Anatol
550 2019 2562 2176 sehr ähnlich sehen und manche Züge mit ihm ge-
543 2165 2463 2330 meinsam haben. Ein gewisser Teil der Kritik
955 2288 1143 2377 teil.
556 2275 2525 2470 aber ist(nicht davon abzubringen jede von mir
561 2416 2502 2590 geschaffene Figur, die sich eines geschlecht-
558 2530 2588 2703 lich-normalen Empfindens erfreut, aber orotisch
556 2656 2551 2836 unglücklicherweise so fein differenziert ist.
556 2810 2512 2979 dass sie mit den Vergnügungen im Kaffeehaus-
558 2930 2416 3089 schäkern und Bordellen nicht ihr Auskommen
558 3055 2463 3297 findet,kurz und schlechtweg einen Anatol zu
