3368 4392
835 1315 2982 1565 Von Beatrice wird gesagt, dass sie „ein liebliches
827 1510 2993 1667 Geschöpfist, eine echt Schnitzlerische Mädchenge-
832 1631 2985 1785 stalt, vom poetischem Schimmer umflossen“. Von ei-
827 1741 2963 1942 ner Szene wird gesagt, dass sie „die bedeutendste
829 1895 2999 2068 des Stückes ist und Schnitzlers dramatische Bega-
838 2029 2354 2159 bung- im hellsten Lichte zeigt etc.
1008 2148 2960 2279 Und von dieser Kritik wagst Du zu belaupten,
829 2271 2991 2452 dass sie Dein Werk verreisst,während meine Briefe
843 2392 2952 2573 es gelobt haben? Ich muss noch die Einschränkung
840 2521 3051 2689 mabhen, dass die lobenden Ausdrücke in meinen Frie-
849 2647 3046 2829 fen stärker klingen, als in der Kritik. Einen Grund-
1142 2801 3164 2974 Aas Bstrotsr des Frluddes, mit möglichst
549 2716 1159 2971 aE
2727 2925 2944 3013 ir em-
854 2919 2966 3079 vTei Lob-den Tadel, den er ausspricht, wenige
857 3032 2917 3205 pfindlich zu machen - habe ich schon angeführt.
849 3164 2955 3328 Ein anderer Grund ist der, dass man in einem Pri-
860 3290 2963 3485 vatbrief seine Ausdrücke nicht so vorsichtig ab-
840 3405 3046 3606 wägt, wie man das tut, wenn man in der Ausübung sei-
846 3559 2884 3749 nes kritischen Berufes in dem Bewusstsein, dass
843 3694 2881 3867 man für jedes Wort die volle Verantwortung zu
851 3809 2969 4007 Übernehmen hat, öffentlich sich äussert. Entsteht
