3032 3768
365 352 753 541 Quernt.
2112 424 2309 541 Bl.2
705 529 2538 654 stundnie, ja soger gelegentliche Ueberschätzung
718 621 2766 741 zu danken, deer ich auch/ in Ihrer Schuld bleibe, jpa-
705 718 2380 797 wenn Sie einmal, -wie er möglicherweiee dem
720 764 2454 861 bekanntlich immer empfindlichen Autor dünken
710 807 2610 932 mochte - einem seiner Werke mit geringerer Horz-
723 894 2577 999 lichkeit und innerer Bereitschaft entgegenkenen
2482 950 2641 1050 H
710 968 2176 1083 als er es chen von Ihnen gewohnt war.
988 1065 2607 1185 Und somit einen freundschaftlichen Hände-
720 1149 1785 1285 druck und schunen Gruss von
996 1269 1205 1410 Threm
1001 2536 1139 2633 r.
