2856 3576
534 434 2238 619 Wesenaart des Leutmnt Kanda und seinen
529 597 2408 719 Kameraden dürften auck heute noch in Wien,
524 726 2476 851 Baden und anderen Orten, sogar ausserhalb Oes-
534 865 2389 973 terreichs zu finden soiy;auch wenn sie-vor-
1782 946 1930 1029 in a
524 985 2328 1119 läufig-zum Tragen einer Uniform nicht be-
539 1133 1168 1265 rech tigt sind.
1562 1187 2101 1299 wahrscheinlichen
775 1246 2438 1392 Aber selbst den unglauthaften Fall an-
534 1394 2416 1538 genommen, dass diese ganze Menschensörte un-
531 1509 2318 1648 widerruflich verstorben wäre;- ich glaube
524 1643 2291 1755 nicht, dass es einem Kikpr Autor verwehrt
544 1757 2438 1901 sein dürfte eine Geschichte zu erzählen,die
1887 1845 2569 1955 in oisloreuer fect
544 1892 2389 2082 sich zwisch en solchen Menschen un die Hend
536 2043 2301 2177 des Jahrhunderte zugetragen hat und sich
548 2160 2462 2333 heute unter den gleichen äusseren Umständen
2018 2218 2591 2328 naturlich niebt
553 2303 2513 2413 und in gleicher Art in Oesterreich keineswe
553 2411 2498 2572 mehr begeben könnte. Und ich glaube nicht, dass
561 2540 2384 2708 Irgend ein Menschenschicksal, ein grösseres
563 2681 2452 2866 oder geringeren, schon darum berechtigt wäre,
561 2788 2508 2976 einen höheren Anspruch auf daxxxXxar die Teit
592 2925 2311 3083 nchme der leser zu erleben, weil es sich
