2888 3640
591 536 2424 735 mier Szenenanderswo hinverlegt würden, wo-
418 670 2494 866 rauf ich begteiflicherweise einzugehen nicht in
410 812 2437 985 der Lagef-wär Der Ebersthofmeister befürchtéte
415 954 2308 1129 ferner, lass sich „die Niener" wegen einiger
410 1088 2398 1279 winder symjathischer riguren beleidigt fühlen.
428 1166 2409 1369 dürften.,besiand aber auch in diesemfallokei-
415 1315 2383 1527 nodwegs auf Hilderunverschläten. Zu der Un-
467 1462 2401 1666 laufe der Herzogsfamilie aus Berry in Valois
480 1619 2406 1777 worum man mich aus irgend welchen höfisehen
1955 1674 2274 1766 ohnewei
485 1725 967 1808 Rücksichten
438 1715 2370 1906 Rüxkxxhxcn erauchte, konnte ich nich shuexin
436 1836 2476 2045 ters bereit erklären. Es wirdsie vielleicht in-
431 1952 2458 2184 terössieren, dase Paul Schläther Ider des stück
438 2127 2334 2295 annahmt,die Erstaufführung aber gern seinem
433 2238 2388 2447 Nachfolger 1lfred Berger überliess) in Anbo-
456 2339 2458 2563 tracht der ungewöhnlichenlängé, des Stücks eine
441 2463 2419 2700 Zusiteilung in Ermägung zog, sonlio ja auch die
449 2607 2429 2829 Sascha das stück ursprünglich für zuei Abende
487 2759 931 2852 einrichter
472 2731 2442 2958 bpudrrten lassen wollte.ks ist wir natürlich
441 2899 2468 3100 syupathisch, dass die Handlung des Films in der
505 2978 2540 3252 gewandten Bearbeitung Vajdas ölch von dernaiz
