<?xml version="1.0" encoding="UTF-8" standalone="yes"?>
<PcGts xmlns="http://schema.primaresearch.org/PAGE/gts/pagecontent/2013-07-15" xmlns:xsi="http://www.w3.org/2001/XMLSchema-instance" xsi:schemaLocation="http://schema.primaresearch.org/PAGE/gts/pagecontent/2013-07-15 http://schema.primaresearch.org/PAGE/gts/pagecontent/2013-07-15/pagecontent.xsd">
    <Metadata>
        <Creator>prov=READ-COOP:name=PyLaia@TranskribusPlatform:version=2.7.0:model_id=50870:lm=none:date=22_01_2024_20:32</Creator>
        <Created>2023-09-27T14:39:41.566+02:00</Created>
        <LastChange>2024-01-22T20:32:58.107+01:00</LastChange>
        <TranskribusMetadata docId="1589058" pageId="60125898" pageNr="58" tsid="145639981" status="IN_PROGRESS" userId="40391" imgUrl="https://files.transkribus.eu/Get?id=WMVGEEBOFNVIJEIUMSYGDCWP&amp;fileType=view" xmlUrl="https://files.transkribus.eu/Get?id=UBDNTQOVVABKQLPUXMHTFCRQ" imageId="48550975"/>
    </Metadata>
    <Page imageFilename="1589058_0058.jpg" imageWidth="3032" imageHeight="3800">
        <ReadingOrder>
            <OrderedGroup id="ro_1711789617035" caption="Regions reading order">
                <RegionRefIndexed index="0" regionRef="tr_1"/>
                <RegionRefIndexed index="1" regionRef="tr_2"/>
            </OrderedGroup>
        </ReadingOrder>
        <TextRegion orientation="0.0" id="tr_1" custom="readingOrder {index:0;}">
            <Coords points="274,748 274,1169 588,1169 588,748"/>
            <TextLine id="tr_1_tl_1" custom="readingOrder {index:0;}">
                <Coords points="291,843 336,820 351,835 394,815 426,825 447,805 482,823 557,808 559,725 527,725 479,760 457,763 419,728 374,750 314,730 291,735"/>
                <Baseline points="304,797 330,797 356,797 382,797 408,797 434,797 460,797 486,797 512,797 538,793 564,788"/>
                <TextEquiv>
                    <Unicode>Iudes</Unicode>
                </TextEquiv>
            </TextLine>
            <TextLine id="tr_1_tl_2" custom="readingOrder {index:1;}">
                <Coords points="294,903 336,918 371,911 434,933 469,906 499,921 512,908 532,921 544,908 572,906 569,840 494,861 457,830 406,815 356,833 334,823 291,843"/>
                <Baseline points="304,886 329,884 354,883 379,885 404,887 429,888 454,891 479,894 504,895 529,895 554,893 579,895"/>
                <TextEquiv>
                    <Unicode>Schacfe an</Unicode>
                </TextEquiv>
            </TextLine>
            <TextLine id="tr_1_tl_3" custom="readingOrder {index:2;}">
                <Coords points="261,996 329,993 369,1014 411,986 439,986 472,1011 497,996 519,1016 537,1016 537,941 482,953 447,931 396,923 364,943 339,928 309,933 276,961 261,958"/>
                <Baseline points="274,979 300,981 327,982 354,982 381,981 408,979 435,981 462,982 489,982 516,981 543,979"/>
                <TextEquiv>
                    <Unicode>de kan</Unicode>
                </TextEquiv>
            </TextLine>
            <TextLine id="tr_1_tl_4" custom="readingOrder {index:3;}">
                <Coords points="273,1069 321,1081 384,1071 424,1084 459,1079 482,1094 537,1086 585,1104 585,1024 559,1029 497,996 472,1009 449,991 406,991 381,1009 344,1004 331,1016 273,1004"/>
                <Baseline points="286,1056 311,1059 336,1062 361,1060 386,1059 411,1059 437,1059 462,1059 487,1059 512,1059 537,1061 562,1061 588,1059"/>
                <TextEquiv>
                    <Unicode>die Enfelle</Unicode>
                </TextEquiv>
            </TextLine>
            <TextLine id="tr_1_tl_5" custom="readingOrder {index:4;}">
                <Coords points="273,1164 346,1157 379,1172 401,1157 419,1174 454,1159 472,1177 479,1169 507,1177 564,1162 564,1099 519,1121 474,1116 449,1096 371,1094 354,1106 294,1066 271,1069"/>
                <Baseline points="286,1143 311,1143 337,1143 363,1145 389,1146 415,1146 440,1147 466,1149 492,1149 518,1149 544,1149 570,1146"/>
                <TextEquiv>
                    <Unicode>Nartheen</Unicode>
                </TextEquiv>
            </TextLine>
            <TextEquiv>
                <Unicode></Unicode>
            </TextEquiv>
        </TextRegion>
        <TextRegion orientation="0.0" id="tr_2" custom="readingOrder {index:1;}">
            <Coords points="647,289 647,3383 2665,3383 2665,289"/>
            <TextLine id="tr_2_tl_1" custom="readingOrder {index:0;}">
                <Coords points="2127,401 2153,399 2170,386 2180,394 2200,389 2220,376 2243,391 2255,391 2255,319 2238,321 2210,301 2203,309 2185,306 2175,316 2127,319"/>
                <Baseline points="2140,346 2170,348 2201,348 2231,346 2262,346"/>
                <TextEquiv>
                    <Unicode>e</Unicode>
                </TextEquiv>
            </TextLine>
            <TextLine id="tr_2_tl_2" custom="readingOrder {index:1;}">
                <Coords points="2336,559 2381,554 2411,577 2476,554 2539,575 2592,564 2592,487 2544,477 2489,502 2451,482 2393,494 2336,484"/>
                <Baseline points="2349,546 2376,548 2404,549 2431,549 2459,550 2486,552 2514,552 2541,553 2569,555 2597,549"/>
                <TextEquiv>
                    <Unicode>Rein</Unicode>
                </TextEquiv>
            </TextLine>
            <TextLine id="tr_2_tl_3" custom="readingOrder {index:2;}">
                <Coords points="662,755 883,758 976,805 1159,760 1277,820 1520,768 1859,805 1927,760 2185,808 2594,773 2594,672 2323,650 2112,723 1493,672 1295,712 1174,667 662,687"/>
                <Baseline points="677,743 773,743 869,746 965,746 1061,749 1157,749 1253,746 1350,752 1446,751 1542,753 1638,753 1734,756 1830,757 1926,758 2023,758 2119,758 2215,758 2311,761 2407,760 2503,761 2600,752"/>
                <TextEquiv>
                    <Unicode>schiedenheit behauptet als gerade- anlässlich</Unicode>
                </TextEquiv>
            </TextLine>
            <TextLine id="tr_2_tl_4" custom="readingOrder {index:3;}">
                <Coords points="662,921 1184,878 1475,926 1944,898 2092,946 2629,898 2629,818 2378,850 2220,788 2035,845 1854,813 1776,858 1681,808 1616,835 1465,795 660,798"/>
                <Baseline points="674,874 772,879 870,876 968,877 1066,871 1164,874 1262,875 1360,880 1458,879 1556,883 1654,880 1752,883 1850,884 1948,888 2046,886 2144,886 2242,884 2340,887 2438,889 2536,887 2635,871"/>
                <TextEquiv>
                    <Unicode>der „Reigen"-Aufführungen. Ich meine nur,be-</Unicode>
                </TextEquiv>
            </TextLine>
            <TextLine id="tr_2_tl_5" custom="readingOrder {index:4;}">
                <Coords points="675,1041 933,1051 973,1089 1355,1019 1593,1076 1884,1019 2582,1029 2549,953 2298,981 1646,936 1495,976 1377,913 1034,953 981,913 840,963 675,933"/>
                <Baseline points="689,1002 788,1005 888,1005 988,1008 1088,1008 1188,1011 1288,1010 1388,1008 1488,1011 1588,1011 1688,1012 1788,1012 1888,1014 1988,1011 2088,1009 2188,1011 2288,1014 2388,1014 2488,1004 2588,1002"/>
                <TextEquiv>
                    <Unicode>rühen diese Dogmell auf richtigen vorausse-</Unicode>
                </TextEquiv>
            </TextLine>
            <TextLine id="tr_2_tl_6" custom="readingOrder {index:5;}">
                <Coords points="672,1169 1786,1141 1836,1182 2446,1154 2632,1202 2629,1086 2579,1076 2391,1104 2200,1054 1854,1111 1518,1104 1450,1061 1124,1109 670,1059"/>
                <Baseline points="686,1137 783,1137 881,1137 978,1139 1076,1138 1174,1137 1271,1137 1369,1137 1466,1138 1564,1140 1662,1142 1759,1140 1857,1146 1954,1145 2052,1146 2150,1144 2247,1143 2345,1146 2442,1149 2540,1143 2638,1143"/>
                <TextEquiv>
                    <Unicode>tzungen, so müsste man sie doch wohl im Allge-</Unicode>
                </TextEquiv>
            </TextLine>
            <TextLine id="tr_2_tl_7" custom="readingOrder {index:6;}">
                <Coords points="956,1239 1109,1212 1187,1234 1297,1209 1387,1239 1530,1229 1533,1157 1410,1174 1330,1141 1207,1174 1119,1136 1031,1164 958,1159"/>
                <Baseline points="973,1197 1001,1202 1029,1202 1058,1203 1086,1205 1114,1204 1143,1202 1171,1202 1199,1202 1228,1202 1256,1201 1284,1199 1313,1197 1341,1197 1369,1196 1398,1194 1426,1193 1454,1191 1483,1191 1511,1192 1540,1194"/>
                <TextEquiv>
                    <Unicode>gellen lanne</Unicode>
                </TextEquiv>
            </TextLine>
            <TextLine id="tr_2_tl_8" custom="readingOrder {index:7;}">
                <Coords points="657,1315 1131,1352 1197,1287 1392,1269 1422,1300 2105,1289 2265,1335 2411,1307 2411,1229 2316,1202 1397,1247 657,1207"/>
                <Baseline points="671,1265 758,1268 845,1268 932,1271 1020,1271 1107,1268 1194,1271 1282,1270 1369,1269 1456,1270 1544,1271 1631,1270 1718,1272 1805,1275 1893,1275 1980,1274 2067,1277 2155,1277 2242,1271 2329,1277 2417,1277"/>
                <TextEquiv>
                    <Unicode>meinen fund nicht gerade speziellauf den</Unicode>
                </TextEquiv>
            </TextLine>
            <TextLine id="tr_2_tl_9" custom="readingOrder {index:8;}">
                <Coords points="670,1417 1139,1412 1264,1458 1372,1410 1771,1415 1771,1372 1631,1335 670,1317"/>
                <Baseline points="683,1397 737,1400 792,1400 846,1396 901,1397 956,1400 1010,1398 1065,1398 1120,1399 1174,1402 1229,1400 1284,1401 1338,1402 1393,1402 1448,1400 1502,1402 1557,1401 1612,1400 1666,1402 1721,1405 1776,1408"/>
                <TextEquiv>
                    <Unicode>„Reigen" beziehen dürfen.</Unicode>
                </TextEquiv>
            </TextLine>
            <TextLine id="tr_2_tl_10" custom="readingOrder {index:9;}">
                <Coords points="657,1575 1014,1548 1297,1623 2173,1530 2135,1455 2055,1490 1508,1443 1355,1480 1237,1440 1084,1498 901,1445 657,1495"/>
                <Baseline points="671,1531 746,1537 821,1535 897,1531 972,1531 1048,1529 1123,1531 1198,1534 1274,1532 1349,1532 1425,1534 1500,1534 1575,1532 1651,1534 1726,1529 1802,1531 1877,1530 1952,1531 2028,1533 2103,1533 2179,1528"/>
                <TextEquiv>
                    <Unicode>Geken wir doch einmal logisch vor.:</Unicode>
                </TextEquiv>
            </TextLine>
            <TextLine id="tr_2_tl_11" custom="readingOrder {index:10;}">
                <Coords points="652,1701 1071,1708 1194,1671 1372,1721 1937,1658 2627,1673 2627,1621 2466,1601 2418,1636 1994,1593 1779,1633 1633,1573 1289,1626 652,1575"/>
                <Baseline points="665,1659 763,1663 861,1663 960,1662 1058,1662 1156,1659 1255,1660 1353,1663 1451,1662 1550,1664 1648,1662 1746,1662 1845,1661 1943,1658 2041,1662 2140,1665 2238,1662 2336,1662 2435,1662 2533,1662 2632,1659"/>
                <TextEquiv>
                    <Unicode>Im. Allgemeinen beurteilen wir die Stücke der-</Unicode>
                </TextEquiv>
            </TextLine>
            <TextLine id="tr_2_tl_12" custom="readingOrder {index:11;}">
                <Coords points="645,1806 936,1887 1029,1839 1187,1869 1395,1796 1628,1844 1826,1804 2486,1816 2486,1741 2439,1721 1884,1759 1269,1701 1172,1759 973,1713 883,1754 778,1713 645,1751"/>
                <Baseline points="659,1791 750,1797 842,1797 933,1794 1025,1792 1117,1791 1208,1792 1300,1793 1392,1792 1483,1794 1575,1793 1667,1794 1758,1791 1850,1791 1942,1789 2033,1793 2125,1791 2217,1793 2308,1792 2400,1794 2492,1791"/>
                <TextEquiv>
                    <Unicode>nach, ob sie künstlerisch gut oder schlecht</Unicode>
                </TextEquiv>
            </TextLine>
            <TextLine id="tr_2_tl_13" custom="readingOrder {index:12;}">
                <Coords points="652,1947 921,1974 1091,1934 1152,1979 1345,1929 1779,1927 1879,1982 2411,1937 2381,1849 1912,1877 1746,1826 1683,1879 1510,1826 1332,1877 652,1869"/>
                <Baseline points="665,1922 752,1922 840,1924 927,1922 1015,1922 1103,1919 1190,1920 1278,1920 1365,1920 1453,1919 1541,1919 1628,1915 1716,1919 1803,1921 1891,1915 1979,1919 2066,1916 2154,1919 2241,1919 2329,1922 2417,1922"/>
                <TextEquiv>
                    <Unicode>ob sie aufführbar oder nicht aufführbar,</Unicode>
                </TextEquiv>
            </TextLine>
            <TextLine id="tr_2_tl_14" custom="readingOrder {index:13;}">
                <Coords points="657,2122 1305,2100 1621,2135 1708,2100 1851,2137 1979,2082 2085,2145 2652,2082 2652,1952 2413,2012 2273,1964 2072,2002 1967,1964 1826,2007 1347,1967 1234,2012 657,2007"/>
                <Baseline points="671,2041 770,2053 869,2053 969,2053 1068,2053 1168,2050 1267,2051 1366,2050 1466,2048 1565,2047 1665,2050 1764,2050 1863,2050 1963,2050 2062,2044 2162,2049 2261,2046 2360,2047 2460,2050 2559,2047 2659,2044"/>
                <TextEquiv>
                    <Unicode>ob sie theatralisch wirksam oder unnirksam und</Unicode>
                </TextEquiv>
            </TextLine>
            <TextLine id="tr_2_tl_15" custom="readingOrder {index:14;}">
                <Coords points="640,2245 740,2215 918,2253 1111,2183 1470,2220 1829,2178 2115,2223 2632,2193 2632,2107 2501,2087 2090,2153 2025,2112 1726,2105 1513,2140 1382,2105 640,2127"/>
                <Baseline points="653,2185 752,2185 851,2182 950,2182 1050,2180 1149,2179 1248,2176 1347,2176 1447,2180 1546,2178 1645,2178 1744,2179 1844,2177 1943,2179 2042,2181 2141,2179 2241,2179 2340,2178 2439,2179 2538,2174 2638,2173"/>
                <TextEquiv>
                    <Unicode>lassen wir es dahingestellt sein, ob es rich-</Unicode>
                </TextEquiv>
            </TextLine>
            <TextLine id="tr_2_tl_16" custom="readingOrder {index:15;}">
                <Coords points="657,2353 800,2326 938,2366 1182,2321 1435,2378 1565,2328 2627,2318 2627,2255 2343,2215 2012,2275 1751,2233 657,2260"/>
                <Baseline points="671,2310 769,2312 867,2311 965,2310 1063,2307 1161,2310 1259,2307 1357,2309 1455,2307 1553,2307 1651,2310 1749,2307 1847,2308 1945,2309 2043,2307 2141,2307 2239,2307 2337,2307 2435,2307 2533,2302 2632,2292"/>
                <TextEquiv>
                    <Unicode>tig ist oder nicht)auch darnech,ob sie sitt-</Unicode>
                </TextEquiv>
            </TextLine>
            <TextLine id="tr_2_tl_17" custom="readingOrder {index:16;}">
                <Coords points="655,2484 936,2464 1199,2506 1555,2479 1538,2331 1470,2378 1217,2381 1157,2336 1079,2383 963,2361 883,2398 655,2351"/>
                <Baseline points="668,2441 712,2444 757,2441 801,2441 846,2441 890,2438 935,2441 979,2441 1024,2440 1068,2435 1113,2438 1157,2438 1202,2438 1246,2438 1291,2435 1335,2435 1380,2435 1424,2435 1469,2435 1513,2438 1558,2435"/>
                <TextEquiv>
                    <Unicode>lich sind oder nicht.</Unicode>
                </TextEquiv>
            </TextLine>
            <TextLine id="tr_2_tl_18" custom="readingOrder {index:17;}">
                <Coords points="645,2624 946,2579 1071,2639 1402,2574 1819,2617 1952,2569 2662,2579 2662,2474 2526,2474 2461,2524 1779,2481 1653,2519 1468,2471 848,2534 645,2484"/>
                <Baseline points="659,2567 759,2573 859,2572 959,2570 1060,2567 1160,2570 1260,2567 1361,2562 1461,2567 1561,2565 1662,2567 1762,2565 1862,2570 1962,2564 2063,2564 2163,2564 2263,2564 2364,2564 2464,2564 2564,2564 2665,2555"/>
                <TextEquiv>
                    <Unicode>Dies also wären Fragen,,die jedem Werk gegor-</Unicode>
                </TextEquiv>
            </TextLine>
            <TextLine id="tr_2_tl_19" custom="readingOrder {index:18;}">
                <Coords points="645,2775 991,2702 1347,2699 1458,2757 1703,2704 2223,2742 2524,2712 2524,2639 2456,2614 2185,2669 1633,2617 1553,2662 1420,2624 1242,2657 1131,2614 861,2664 645,2649"/>
                <Baseline points="659,2698 752,2701 846,2701 939,2700 1033,2699 1127,2698 1220,2696 1314,2695 1407,2695 1501,2698 1595,2695 1688,2693 1782,2695 1875,2692 1969,2694 2063,2690 2156,2692 2250,2692 2343,2691 2437,2692 2531,2692"/>
                <TextEquiv>
                    <Unicode>über zu stellen sind,oft auch schon erhoben</Unicode>
                </TextEquiv>
            </TextLine>
            <TextLine id="tr_2_tl_20" custom="readingOrder {index:19;}">
                <Coords points="632,2883 765,2905 886,2847 1167,2830 1372,2832 1443,2878 1731,2822 2617,2873 2599,2737 2371,2780 2147,2750 2107,2787 2055,2755 1696,2777 1593,2722 1385,2790 1131,2757 1081,2787 1006,2745 906,2790 632,2777"/>
                <Baseline points="647,2829 745,2832 844,2829 943,2827 1042,2829 1141,2821 1239,2826 1338,2822 1437,2823 1536,2823 1635,2820 1733,2817 1832,2820 1931,2820 2030,2821 2129,2823 2227,2823 2326,2820 2425,2820 2524,2820 2623,2817"/>
                <TextEquiv>
                    <Unicode>wurden; aber kaum noch je einen se ingrimmigen</Unicode>
                </TextEquiv>
            </TextLine>
            <TextLine id="tr_2_tl_21" custom="readingOrder {index:20;}">
                <Coords points="640,3005 1061,2968 1157,3033 1315,3046 1533,2960 1736,3021 1954,2960 2484,2988 2484,2910 2147,2870 1854,2930 1771,2875 1483,2918 1327,2878 1219,2918 936,2913 845,2870 640,2898"/>
                <Baseline points="653,2964 744,2961 836,2958 928,2958 1020,2959 1112,2958 1203,2956 1295,2957 1387,2956 1479,2955 1571,2952 1662,2949 1754,2952 1846,2952 1938,2954 2030,2954 2121,2955 2213,2955 2305,2952 2397,2952 2489,2949"/>
                <TextEquiv>
                    <Unicode>streit entfesselt haben, wie anlässlich des</Unicode>
                </TextEquiv>
            </TextLine>
            <TextLine id="tr_2_tl_22" custom="readingOrder {index:21;}">
                <Coords points="645,3148 682,3138 697,3153 790,3156 813,3174 886,3133 921,3133 941,3151 981,3138 978,3005 901,3018 848,2990 705,3038 645,3036"/>
                <Baseline points="659,3089 684,3089 709,3089 734,3091 760,3091 785,3090 810,3089 836,3089 861,3091 886,3092 912,3094 937,3094 962,3093 988,3092"/>
                <TextEquiv>
                    <Unicode>Reigen.</Unicode>
                </TextEquiv>
            </TextLine>
            <TextLine id="tr_2_tl_23" custom="readingOrder {index:22;}">
                <Coords points="640,3309 928,3279 1009,3226 1154,3274 1402,3234 1505,3289 1676,3209 1834,3246 2122,3211 2491,3239 2564,3226 2566,3098 2285,3073 2035,3174 1854,3136 1648,3176 1563,3136 1478,3169 642,3148"/>
                <Baseline points="653,3211 748,3217 844,3220 940,3217 1036,3214 1132,3212 1228,3211 1323,3211 1419,3211 1515,3211 1611,3211 1707,3207 1803,3207 1899,3205 1994,3205 2090,3205 2186,3207 2282,3208 2378,3209 2474,3211 2570,3211"/>
                <TextEquiv>
                    <Unicode>Welches sind hiefür die Ursachen und wodureh</Unicode>
                </TextEquiv>
            </TextLine>
            <TextLine id="tr_2_tl_24" custom="readingOrder {index:23;}">
                <Coords points="640,3387 953,3347 1152,3422 1465,3339 1550,3387 1608,3354 1942,3389 2012,3347 2571,3434 2574,3299 2185,3249 2042,3299 1934,3261 1495,3291 1217,3256 640,3309"/>
                <Baseline points="653,3355 749,3352 845,3349 941,3348 1038,3346 1134,3346 1230,3343 1327,3343 1423,3340 1519,3340 1616,3336 1712,3338 1808,3340 1904,3337 2001,3337 2097,3336 2193,3337 2290,3334 2386,3337 2482,3337 2579,3331"/>
                <TextEquiv>
                    <Unicode>unterscheidet sich eigentlich der Reigen von</Unicode>
                </TextEquiv>
            </TextLine>
            <TextEquiv>
                <Unicode></Unicode>
            </TextEquiv>
        </TextRegion>
    </Page>
</PcGts>
