3416 4408
1102 1323 2917 1506 Ich komme jetzt zum zweiten Fall, dem Fall
842 1450 3052 1639 der „Lebendigen Stunden", Hier liegen, leider keine
848 1580 2931 1778 Dokumente vor,keine Briefe von dench Du köpien
848 1718 2891 1919 hättest nehmen können. Hier handelt es sich um
854 1865 2970 2041 mündliche Aeusserungen,die ich getan haben soll.
865 1993 2987 2171 Würden sie im genauen, begläubigten Wortlaut vor-
862 2089 3030 2334 liegen, so würden sich die „Widersprüche zwischen
865 2236 3134 2450 diesen Aeusserungen und meiner später veröffentlich
873 2366 3069 2555 ten Kritik wahrscheinlich ebenso aufklären, wie im
870 2493 3092 2662 Falle der „Beatrico“. Möglicherweise habe ich auch
870 2614 3069 2838 hier Einwendungen formuliert, über die Du hinwegge-
879 2736 3035 2951 hört hast,wie Du über die gegen die „Beatrice“ in
870 2871 3041 3069 meinen Briefen hinweggelesen hast. Ich habe nicht
882 2993 3013 3219 einmal meine Kritik über die „Lebendigen Stunden!
885 3083 3035 3338 zur Hand und kann daher nicht konstatieren, ob sie
885 3259 2999 3468 wirklich so ohne jede Einschränkung tadelnd war,
899 3389 3095 3601 wie Du behauptest. Denn ich habe diese Besprechung
899 3510 3064 3714 In die Sammlungen meiner Kritiken nicht aufgenom-
899 3663 3027 3889 men. Warum nicht? Weill ich mir damals sagte: die
902 3776 3112 3999 Kritik zu schreiben, war meine Pflicht; sie in mein
