2904 3720
322 455 493 638 Nd
800 581 2479 754 Nun muss ich freilich sagen, dass leser
809 695 2479 883 die ihre literarischen Konntnisse aus-
815 849 2382 996 schliesslich aus der Leküre der N.R.
813 967 2407 1129 schöpfen, von der Schätzung, deren ich
815 1102 2450 1255 mich dort erfreue, weniger überzeugfü.
815 1209 2275 1420 sein dürften, als ich.Es fällt mir
821 1352 2370 1521 nicht ein davon zu reden, dass meine
821 1485 2370 1643 Sachen dort Rüchtig oder gar nicht
832 1611 2458 1778 besprochen werden, schon deswegen, weil
828 1714 2517 1921 ich mich über die vollkammene Gleichgül
840 1851 2511 2030 tigkeit dieser Dinge auch in Hinsicht
836 2003 2395 2182 auf das Gdschäftliche, niemals diner
853 2140 1982 2304 Täuschung hingegeben habe.
851 2239 2439 2418 Es handelt sich wirklich in dersache
857 2365 2525 2563 vorzugsweise um eine Taktfrage und da-
847 2515 2498 2692 her kann ich immer wieder nur auf die
857 2629 2496 2818 albern-leichtfertige Art verweisen, in
864 2787 2477 2970 welcher unser Freund Kerr meine drei
870 2898 2551 3058 letzten Stücke „Medardus",„Weites Land
847 3025 2431 3185 und „Bernhardi“ in der N.R. abzutun-
870 3174 2477 3328 für richtig fand.Es ist fern von mir-
