3368 4408
877 1333 1573 1520 herunterreisst.
1048 1464 2875 1646 Das also waren die Dokumentel Ich las die
886 1601 3121 1796 Briefe und fand, dass ich därin mit aller Deutlich-
883 1727 2998 1922 keit starke Bedenken gegen Dein Werk formuliert
886 1869 2833 2042 hatte,- mit aller Deutlichkeit für Jedermann
888 2003 2998 2168 äusser für den durch Grössengefühl und selbstge-
897 2137 2961 2294 fälligkeit jeden Urteils beraubten Autor. Jeder
897 2271 2947 2439 ruhig und objektiv Urteilende wird auch finden,
883 2386 3006 2565 dass meine spätere öffentliche Kritik nichts ist
883 2514 3095 2685 als die Ausführung der in den Briefen bereits kurz
888 2637 2961 2827 formulierten Bedenken. Jeder ruhig und objektiv
891 2760 3101 2925 Urteilende wird weiter finden,dass in diesen Brie-
888 2889 3062 3065 ten ein Freund dem Freunde die Mahrheit sagt, dass
886 3012 2883 3193 der Freund aber gleichzeitig bestrebt ist, dem
886 3157 2925 3322 Freunde nicht wehzutun, und dass er darum, damit
886 3269 3126 3473 der Tadel, den er auszusprechen sich genötigt sieht,
883 3408 3087 3590 nur ja nicht verletzé, das Lob,das er sponden kann,
894 3542 2961 3716 in möglichst starken Ausdrücken formuliert. Die
897 3668 3140 3836 grossenffehler, unter denen, meiner Ansicht nach, Dein
888 3800 3073 3978 stück leidet, sind in meinen Briefen klar gekennzt.
