3000 3704
491 674 2473 909 Jalius Bab über den „Grünen kakedu Iugnauf-
499 835 1948 1000 nahme Berlin 12. Nov. 19,„Worgen).
447 951 2524 1160 „Es ist kein Zufall, dass das in skeptischer Ge-
499 1067 2532 1263 Ausssucht aufgelöste Niener Spielertum niemals
509 1214 2514 1367 wieder etwas so Starkes zustande gebracht hat,
512 1320 2478 1522 wie, in diesem Akt, mit dem ex eine Art selbst-
519 1504 1677 1651 Einrichtung vollzogen hat.
509 1561 2527 1822 Ein Musterbeispiel für den kochtrabenden Blöd-
2421 1654 2584 1772 eyet
530 1718 2566 1935 sinn, den sich Kritik, die ger cht zu sein trach-
532 1837 2589 2049 Iet und eigentlick nur böswillig ist, zu leisten
535 1966 2586 2152 pflegt. Ner ist. das Miener spielertunzDer Dich-
532 2114 2372 2300 terz Morin besteht die selbsthinrichtung?
537 2238 2599 2442 Pristiert das stück nicht mehrz kriettert der
527 2346 2535 2560 Dithter nicht mehr? Hat er seither nichtsenehr
556 2498 2470 2679 geschrieben? Iet in Nien seither nichts mehr
550 2584 2542 2827 geschrieben worden? Hat Nien nach der Fretauf-
548 2741 2519 2945 fühnung des „Kakadu“ aufgehört zu erietieren?
545 2871 2599 3080 und menn es schon aufgelöst war, nieso konnte es
558 3033 1271 3268 rich hinclohten?
