3080 3800
264 489 590 669 22./1913
660 641 2568 845 Nachahmenswerter Entschluss eines bekannten
658 813 1296 1000 WienerAutors.
698 1052 2522 1226 A.S., der Verfasser des „Jungen Medardus“,
707 1171 2652 1364 des „Weiten landes“ und des „Professor Bern-
726 1321 2617 1492 härdi“ hat, wie wir hören die bestimmte Ab-
723 1457 2707 1620 sicht diese seine letzten drei stücke im Sin-
723 1601 2617 1739 ne der Bedenke n-und Einwendungen der Kritik
717 1688 2690 1872 einer Umarbeitung zu unterziehen. A.S. war ei
704 1826 2650 2030 liebenswürdig einem unserer Mitarbeiter ei-
715 1951 2690 2152 nige nähere Aufschlüsse über sein interessan
723 2111 1878 2256 tes Vorhaben zu erteilen.
967 2228 2560 2378 Der dramatischen Historie „Der junge
712 2353 2590 2544 Medatdus“ hat man bekanntlisch vielfach den
728 2476 2685 2639 Vorwurf gemacht, dass zu ihrer Aufführung eine
717 2598 2712 2799 übergrosse Anzahl von Schauspielern,Kostümen.
715 2737 2620 2916 und Dekorätionen notwendig sei und dass sie
726 2862 2620 3030 dadurch gewissermassen in die Kategorie der
715 2992 2579 3158 Ausstattungsstücke rangiere. Ueberdies hat
492 3112 2677 3299 die beträchtliche länge des stückes Anstoss erregt
