2936 3720
2121 473 2411 673 Luhe
1366 688 2596 844 jdte und die Liebelel die Tragö-
1470 804 2604 953 tress-mottu bedaite. Und hier
1042 824 1322 970 10091
780 943 2614 1094 kann man Ikken bis zu einem gewissen Grade fal-
678 1044 1252 1183 nartriut ebe
1604 1074 2643 1215 betonen, dass Sie die genze
1089 1114 1324 1235 1614
1411 1203 2591 1354 ZSN nur auf ihre typischen
1054 1213 1356 1359 enhelts
762 1322 2663 1478 Elemente zurückgeführt haben. Aber was soll
765 1433 2666 1621 man dazu sagen, wenn Sie dann wohl benaupten, dass
2007 1569 2148 1629 Jera
777 1596 2606 1752 Fretwild" und "Vermächtnis“ uehl die nächste
772 1690 2693 1871 Wäne bedeuten, die im Oesterreichtschen Drama dem
777 1836 2671 2000 soztalen Problem gegenüber erreicht worden sei.
785 1948 2480 2126 dass der Verfasser in diesen Prohlenen doch
2497 2037 2730 2146 len
777 2089 2745 2255 ausserhalb seines Elaments sich befinde!Stentesen
785 2205 2529 2383 daven zu erzählen, dass ich dem Duell satyri-
777 2336 2685 2500 sche Setten abgewonnen, dass ich dem Milttartsmus,
785 2460 2643 2611 dem Semttismus und Antisemitismus die Reglerung
780 2589 2641 2745 und die revolutionäre Partei lücherlich gemacht
1359 2720 1646 2807 alsele
780 2745 2611 2916 habe, (Icin habe ste natürlich nicht ilächerlich
777 2846 2765 3037 gemacht, sondern Iie nur geschildert)Und Dte
780 2987 2648 3148 behaupten sahn, dass meine Interessen doch nicht-
780 3123 2534 3282 vorzugswelse politischer oder sozialer Natur
780 3232 2567 3420 seion Erscheint es Ihnen gewägt,wenn ich hier
