3016 3704
2225 243 2377 489 12
400 397 726 585 Qais
542 562 2020 729 Eine Musterkarte von Fälschungen.
2086 564 2473 724 (den Ara1
570 668 2468 845 Der Kritiker verschwigt, dass Anatol etwa 30
577 777 2605 1000 Jahre alt ist.Er tut, als wäre die wiederaufnah-
1139 924 1524 1007 der Cutori
572 924 2567 1106 me irgendwie meine Schuld. Er sagt, das gab es-
587 1050 2559 1230 einmal,als wenn es das jetzt nicht gäbe, wäh-
592 1159 2516 1377 rend doch gerade in ieu letzten Jahren diese
585 1336 2605 1476 Finakter eine Reuaissance erlebt haben. Gerade
592 1438 2602 1640 Verschlamptheit im Fühlerkann man inatel nicht
602 1529 2572 1752 vorwerfen. Es geht den Fritiker nichts an, öb-
597 1686 2615 1871 Auatol einn bürgerlichen Beruf hat oder nicht
608 1820 2324 2030 übrigens sp icht nichts dagegen, dass. er
694 1969 2592 2119 Schriftteller oder auch ronzixient in einer
1230 2078 1412 2172 ake
613 2076 2544 2281 Kanzlei ist. Er gesteht sdlbst zu,dass siet
608 2182 2516 2440 des Publikum (Tächt und freut. Wer soll also
618 2311 2557 2562 verschont werden? Was geht ihn die Moralität
1299 2445 1876 2559 Nach welcten sict
613 2476 2627 2665 de Anstol arf? Wedurch ist der Autor verpflich-
630 2605 2600 2800 tet, nur leute von anständiger lebasführung zu
1164 2731 1491 2843 er Raclit
628 2708 2663 2934 schildern Er lasst irgendwie durchblicken, dass
635 2855 2587 3083 die Menschheit sich gebessert habe, das Kunst.
645 2959 2597 3194 urteil geändert. Mas hätte sonst die Benerkung
656 3101 2640 3329 zu bedeuten,:aldso das gab es einnal? Fr ver-
648 3240 2005 3427 nechselt Sexuslität und Protik.
