3032 3784
533 575 2474 764 Fällen, in denen der Vorhang sich hebt sofort
540 724 2377 910 nach dem im sinneldes Stückés zwischen zwei
540 855 2395 1039 auf der czene befindlichen Personen eine
538 989 2422 1168 Liebesumrmung stattgefunden hatIEs ist die
548 1139 2524 1312 Nachtigall und nicht die Lerche). Entweder ist
546 1257 2437 1414 nun dies verletzend oder es ist nicht ver-
548 1391 2477 1561 letzend. Es ist aber nicht einzusehen, warum
559 1511 2490 1708 es in einem Fall verletzend sein soll- und im
535 1627 2354 1818 andern wieder nicht, ianbesondere aber ist
635 1761 2556 1923 seht zu begreifen, warum es Sinnlichkeit erre-
569 1876 2485 2073 gend oder sittenverderbend wirken soll,„wenn
569 2018 2535 2220 es sich um ein künstlerisch minder wertvolles,
328 2149 514 2267 Ocee
336 2144 2443 2340 uneu als wenu es sich um ein wertvolles händelt.
336 2317 546 2479 Arey.
554 2275 2340 2466 Eher ist das Gegenteil der Fall und kein.
561 2388 2535 2603 Metisch wird leugnen, dass in dazu disponierten
567 2532 2558 2721 leutén der Anblick des von Julia sich losreis-
567 2687 2487 2852 senden Romeo ganz ähnliche Empfindungen aus
569 2789 2461 2996 zulösen imstände ist, als beispielsweise der
572 2920 2532 3099 Moment, in dem der Ehemann im Cabinet particu-
575 3038 2443 3235 lier des Riedhofs vor sich hinmurmelt: Mas
588 3169 2598 3408 ist das eigentlich für eine Personf“ (die eben
