3000 3784
649 637 2464 815 Auge nur die Blösse des üppigen Fraueulei
649 784 2554 940 bes auszulichten vermöge, dass es aber trotz-
663 885 2493 1061 der jeder Kunstfreund auf das Tiefste be-
656 1039 2481 1191 däuern würde, wenn ein solches Gemälde von
651 1165 2532 1329 einem feindlicherSchicksal dazu verurteilt
656 1326 2486 1444 wäre als Wandschmuck in eiuen Lupanar zu
651 1430 2590 1594 dienen". Den Vergleich meiner anspruchslosen
661 1553 2498 1707 szenenreihe mit der Tiziänischen Venusleh
663 1693 2411 1847 ie ich als allzu schmeichelhaft, den des
670 1748 2566 1941 Theaters, in dem der Reigen aufgeführt wird,
767 1881 2544 2009 t einem lupauar als mindestens unzutref-
656 1992 2418 2136 fend ab. Gemälde gehören in eine Caterie
649 2112 2496 2281 oder in eine Ausstellung: Theaterslücke in
668 2247 2397 2402 ein Theater. Die Fizianische Venus hängt
656 2368 2527 2568 nicht in einem Lupanar und der Reigen wurde
668 2493 2423 2715 in in keinem Lupanar aufgeführt. Niemals
1857 2619 2201 2715 Sublike
649 2672 2414 2807 kann durch die qualität der Beschauer ein
661 2754 2421 2927 Theater so wehig wie eine Galerie in ein
663 2896 2592 3072 Lipanar verwandelt werden. Nur Wahrscheinlich
666 3009 2457 3226 nur aus-technischen Gründen ist es bisher
661 3142 2380 3378 nicht geschehen, dass leute, die von den
658 3265 2428 3532 ooslitzten irgend eines Conäldos sich ir
