2952 3736
2410 288 2555 460 14
946 435 2642 600 Abör ich frage, mich-oder wenn sie wol
943 598 2400 712 len-sie, ob es denn wirklich keine
939 721 2603 882 Möglichkeit gibt, in der N.R: die Klug-
939 835 2578 977 heit, den Respekt, das Verständnis auch
931 975 2572 1096 mir gegenüber zu Worte kommen zu las-
935 1109 2633 1244 sen. Ich gebe Ihnen ohneweiters zu,das
939 1249 2578 1391 an kritischen Talenten ein auffallen-
941 1359 2612 1486 der Mangel herrscht.Und ist schon ein-
939 1484 2614 1607 mal eine Begabung da,so liegt die Ver-
943 1624 2438 1734 führung natürlich nahe, Wirkung und
937 1747 2540 1861 Erfolg nicht im Geltenlassen,sondern
937 1878 2622 2029 in Angriff zu sirhen, und wenn ich den-
950 2022 2453 2173 ken müsste, dass nur derjenige sich
952 2131 2584 2275 etwa bereit finden sollte, die positi-
946 2234 2654 2417 ven seiten meines Talentes zu erkennen,
943 2396 2648 2531 dem man eine Direktive dieser Art geben
939 2493 2499 2667 müeste, so hätte ich ja wohl nichts
946 2612 2578 2748 Besseres zu tun,als meine Schreiberei
939 2760 2593 2896 endgültig aufzugeben. Aber so steht es
931 2877 2627 3021 ja nicht.Allerdings mehe ich von Jahr
946 3015 2489 3157 zu Jahr mehr die Erfahrung, dass die
937 3144 2618 3292 Leute, die Kritiker,einen umso richti-
