2856 3768
339 622 2309 837 meiner ganzen Literarischen Versönlichkeit und der
336 772 2476 995 speziell ihm zur Begutachtung übergebenen Werkp meiner
1026 944 1244 1015 et ee,
333 913 2394 1116 Land. Kritik lass ich mir gern gefallen, so unver-
336 1063 2337 1261 ständig und so talentlos sie sein mag.IEs ist mir
348 1193 2422 1368 bicher auch niemals eingefallen irgend einer Zeitung
365 1320 2476 1523 gewissermassen meine Freundschaft aufzukündigen, weil
350 1472 2583 1659 irgend einem Rezensenten irgend eines meiner Werke nicht
1913 1577 2267 1667 Auetun
342 1605 2538 1792 gefallen hätte. Ja ich lebe in bester Freudschaft mit.
370 1710 2544 1925 Leuten, die eigentlich nie ein gutes Haar, an meinen Sa
331 1840 2606 2058 chen lassen. Was mich mit Widerwillen erfüllt ist nur be-
376 2032 1065 2202 musste Falschung.
376 2125 2549 2340 tretlich gibt es eins ganze Anzehl Blätter, insbesondre
348 2255 2464 2476 in iien, die dergleichen Hanktiken gehnerbandesig an
356 2388 2569 2594 mir verüben. Aber von diesen, das muss ich doch zu ihrer
350 2532 2464 2750 Ahre sagen, ist es niemals einem eigefallen mich zur
370 2637 2575 2857 Altarbeiterschaft einzuladen. Nun konnte ich mir sa auch
1147 2835 2555 2959 dass die bsterreichische Rungschau
376 2835 1037 3024 genz gut vorsto
475 2888 2665 3050 am prex zucoltucat oeconlest ate benet
418 2962 2496 3140 prinziptert gewogt  sich gegen meine Leistungen
486 3109 766 3208 eulete
393 3052 2527 3312 uezuseen, dass sie ihrer ganzen Fendenz nach gegen
387 3177 2657 3411 das, was ich unter Kunst verstehe obnzuschreiten sich ge-
