3048 3816
2555 432 2687 624 i
767 517 1448 660 Das meite Land.
776 644 2450 821 Ein Kritiker schreibt über eine Neube-
781 765 2560 949 setzung etwa: Herr S. wird selbst seinen
794 897 2372 1076 Tennisgesprächen nicht einen solchen
785 1038 1855 1219 Enigkeitswort beilegen.
797 1141 2517 1345 Hiedurch soll der Anschein erweckt ner-
801 1260 2358 1454 den;als handle es sich im N.L. aus-
803 1374 2569 1571 schliesslich um Tennispartien, die einer-
821 1515 2569 1698 seits ganz episodisch vorkommen, aber an-
823 1640 2578 1835 dererseits zur Charakteristik der Haupt-
839 1768 2459 1982 personen verundet werden.Ueberdies im
832 1888 2513 2112 dramatischen rerlauf zur Herbeiführung
839 2005 2524 2233 der Katastrophe.Dies kann als Beispiel
846 2141 2560 2329 zu einer ganz bestimmten Technik kriti-
855 2264 2573 2472 scher Fälschungen betrachtet werden. Ir-
861 2387 2537 2625 gend eine im Wesen nebensächlicheg aber
873 2519 2629 2719 der Aufmerksamkeit sich lebhaft aufdrän-
884 2674 2683 2882 gendes2R2tit wird mit absichtlicher Va-
886 2781 2575 2994 nachlässigung der eigent lichen werkmale
882 2920 2647 3108 eines Kunstwerke als das einzig oxistie-
893 3039 2600 3285 rende oder wenigstens richtigstos ange-
891 3253 1184 3428 führt.
