3112 3784
2097 262 2314 362 1a.
337 522 994 741 srallen hent
652 771 2546 914 und Einreihung überhaupt nichts zu besagen.
662 884 2589 1061 Iümer wieder wird es ausschliesslich auf die
662 1018 1972 1186 kunst der Gestaltung ankommen.
909 1136 2579 1313 Damit wird natürlich nicht gesagt, dass
644 1296 2589 1438 es völlig gk ichgültig tst nun ein Autor zum
644 1405 2634 1580 Helden seines Werks zu wählen pflegt.Ausschlag
657 1525 2584 1697 gebend äber wird stets die Intewitätdes In
657 1648 2661 1815 teresses sein, das er selbst an seinem Geschöff
664 1785 2541 1955 nimmt und der Grad des Interesses, den er in
721 1915 936 2004 einem
696 1915 2499 2094 etn Publikum für seinen Helden zu erregen
654 2069 1238 2214 imstande ist.
