2872 3576
2194 273 2327 391 23
554 450 2389 613 Wesensart des Leutmnt Kaeda und seinen 1
554 622 2438 750 Kameraden dürften au heute noch in Wien,
544 723 2509 881 Baden und anderen Orten, sogar ausserhalb des
554 876 2448 1009 terreichs zu finden so iy;auch menn sie -vor-
556 974 2362 1164 läufig- zum Tragen einer Uniform nicht be-
544 1119 1186 1277 rec tigt sind.
1506 1154 2177 1294 unwahrscheinlichen
797 1247 2492 1402 Aber selbst den unglaubhaften Fall an-
541 1387 2445 1547 genommen, dass diese ganze Menschensorte un-
539 1515 2349 1651 widörruflich verstorben wäre;- ich. glaube
539 1624 2300 1791 nicht, dass es einem Kitpr Autor verwehrt
531 1764 2435 1909 sein dürfte eine Geschichte zu erzählen,die
2002 1845 2610 1963 vecslesner zur
556 1916 2423 2052 sich zwisch en solchen Menschen um die Honde
536 2042 2322 2175 das Hhrhunderts zugetragen hat und sich
536 2135 2440 2305 heute unter den gleichen äusseren Umständen
2064 2229 2625 2337 nafesllich nicht
531 2278 2492 2453 und in gleicher Art in Oostorreich keinee
524 2396 2497 2585 mehr begeben könnte. Und ich glaube(nicht, das
539 2563 2384 2704 irgend ein Menschenschicksal, ein grösseres
541 2676 2470 2831 oder geringeres,schon darum berechtigt wäre,
544 2799 2504 2962 einen höheren Anspruch auf inxxEnEer die Teit
583 2918 2315 3082 nahme der leser zu erleben, weil es sich
