2904 3624
773 365 918 459 it
961 352 2531 553 zur Erstaufführung des Medardus-Pi
808 529 2568 633 Aus einem Gespräch mit Arthur Schnitzler
1218 652 2037 784 Milgetteilt in L. R
896 765 2308 934 Filmstücke erfordern bekanntlich
352 891 2415 1074 weit mehr Proben als- Bühnendramen. Sind die Euf-
370 1014 2474 1192 nchmen alle beendigt, ist der Filmzugeschnitten,
370 1143 2480 1320 dann erst beginnt die eigentliche Arbeit- des Re-
352 1291 2378 1444 gisseurs gemein-am mil dem Dramatürgen, an der
1849 1382 2037 1468 etzt
357 1436 2482 1589 auch der Auter zuweilen teilnimmt.Rg erst nardan
368 1546 2472 1720 diaxEiEed der Text, die sogenannten ritel endgül-
1291 1645 1463 1744 Atr
411 1661 2536 1860 tig festgestellt die Aschlüsse bestimmt,derfilm
370 1806 2434 1975 für die Aufführung hergerichtet. Anläsglich der
365 1919 2437 2109 letzten Probevorführung des „Jungen Medardus",
373 2064 2525 2230 einer reueralprobe sozusagen, hatten wir belegen-
368 2182 2517 2362 heit mit Arthur schnitzler zu sprechen. Der Dich-
1312 2287 1651 2378 olgenden.
376 2311 2415 2512 ter äusserte sich mit aaniganNorten zur Verfil-
370 2456 1857 2619 mung seiner dramatischen nistorie.
810 2582 2260 2745 „Ziemlich spät hat den „Medardus
1170 2694 1310 2770 alt
411 2686 2410 2882 das Schicksal ergetekt;das ihm von mäkhen sei-
623 2826 835 2915 gleich
424 2815 2571 3017 len e nach der Bürgthexterpremiere prophezeit
459 2936 2359 3153 worden itt. Schon denals wurdok von Sahckan
467 3084 2587 3293 kritikern der „iledardus (nicht inner in durchaus
