3368 4408
1340 1325 3077 1513 was einem Gedanken auch nur von Fern ähnlich
1345 1495 3023 1656 sieht. Und dass man überall in Deutschland
1343 1609 2891 1777 Ideen finden kann nur nicht. im modernen
1351 1721 3068 1878 deutschen Drama. Sehr möglich, duss Du recht
1349 1829 3071 1988 hast. Jedenfalls steht für mich die Sachese,
1343 1945 3140 2125 dass ich nicht umhin kann mich mit den Dingen,
1343 2073 3010 2237 die ich schreibe zu identifizieren. Es ist
1349 2199 3046 2362 wir selbstverständlich bis heute noch nicht
1392 2308 3088 2497 elurigen sich und meine Melt völlig zum Aus-
1421 2434 3221 2638 druck zu bringen, aber die Arheit der jetzten
1363 2551 3131 2737 Zeit enthalten so viel von mir, dass, der der
1363 2703 3109 2860 sie ablennt von mir als Ganzem sich abweriden
1363 2795 3138 2981 muss. Das hat nichts mit persönlicher Eitel-
1360 2932 3162 3122 keit zu tun. Es. gibt Schriftsterterweide-
1367 3010 3084 3254 nen es möglich ist ihr Schaffen vor ihrem Da-
1378 3160 3064 3382 sein zu trernen. Ich gehöre nicht zu ihren.
1385 3301 3059 3481 Ich vermeide es mich hinter der Legende vor
1428 3398 3039 3570 einer Persörlichkeit zu verstecken, die s
1385 3517 2920 3716 verschmäht oder nicht imstande ist; ihr
1401 3649 3035 3842 bestes, ihr Eigenstes in ihren Werken zum
1392 3772 3129 3971 Ausdruck zu blüzen. Men karn es zum Beispiel
