3096 3816
332 489 683 648 Calalor
734 714 2612 881 freiheltlichen Geuossen zum unentwegten wei-
1476 863 1628 957 der
732 883 2508 1045 teren Kampf gegen Katholizismus und Rali-
739 1025 2579 1162 gion im weiteren Sinne aufgefordert zu ha-
732 1109 2554 1306 benjund während ein Hagel von chrisklich-
742 1261 2582 1410 sozialen Steinen durch das Fenster herein-
742 1410 2438 1557 klirrt,knieen die Freunde an Berhardis
742 1554 2539 1673 Sterbelager nieder und schwören ihm Treue
894 1650 1058 1739 aber
734 1683 1291 1822 bis ans Grab-
1590 1711 2273 1838 zuerst erwähnte
1114 1731 1572 1883 der Autor
944 1782 2552 1906 Sollte aber auf die Frükern, immerhin
729 1898 2645 2081 noch mildere Fassung zurückgreifen, so berei-
742 2050 2554 2207 tet er zum mindesten erheblic he Aenderun-
754 2190 2615 2341 gen für die szenè zwischen Pfarrer und Ard
749 2324 2420 2450 im vierten Akte vor. Dieser Szene wird
2007 2387 2369 2483 nicht dat
747 2433 2549 2587 zum Vorwurf gemacht, dass sie(, was bekannt-
742 2536 2779 2716 lich die Verpflichtung des Dramatikers istfrau
757 2693 2481 2820 den Widerstreit weier Meltanshhauungen
747 2820 2627 2994 endgiltig zu Cunsten der ei nen oder der an-
2283 2893 2589 2977 sprechen
752 2936 2564 3131 deren entscheidef, sondern dass die beiden
757 3068 2549 3230 sazusagen aneinander vorbeireden. Nun ge-
757 3197 2546 3384 denkt der Autor sich für einige Wochen in
