3096 3816
1328 541 1907 740 ledacsti
913 895 1855 1010 Historie und Dichtung.
902 1021 2554 1161 Ein, Vorwurf, den ich anlässlich des Me-
889 1131 2541 1304 dardus oft zu hören bekam, war der, dass
889 1276 2454 1421 ich mir gestattet hatte einen Herzog.
882 1406 2589 1559 von Valois und dessen Familie auftreten
889 1548 2493 1674 zu lassen, obwohl di ese Familie zu der
874 1652 2612 1829 Zeit, da das Stück spielt schon ausgestor-
869 1823 1228 1922 ben war.
1116 1907 2573 2050 Dieseh nicht unerwarteten Vorwurf
859 2044 2489 2217 hättesich auf die leichteste Weise aus
867 2221 2448 2325 dem Wege gehen können,wenn ich statt
865 2303 2394 2457 des Herzogs von. Valois irgend einen
867 2457 2478 2604 französischen Emigranten adeliger Ab-
859 2558 2457 2725 kunft mit erfundenem Namen die Rolle
859 2692 2589 2837 hätte spielen lassen,die jetzt deß Her-
1477 2792 1920 2885 zu getheilt in
2418 2798 2675 2887 neunen
859 2822 2569 2971 zog von Valois spielt, wenn dieser gegen
1083 2926 1224 3010 t
856 2947 2589 3114 wir Marquis. Ribaud, so wie jetzt der Her-
854 3071 2433 3244 zog von Valois, schwach fundierte An-
