3032 3784
2247 578 2501 732 von e
671 644 2577 846 dunkelt wird oder der Vorhang fällt, was be-
666 793 2577 973 kannt lich schon in unzähligen Stücken vorher-
801 902 1323 988 ichermassen
694 935 2617 1064 EIrichfalir der Fall war. Meistens allerdings-
656 1062 2622 1226 fällt der Vorhang auf längere Zeit und erhebt-
1710 1168 2154 1262 si inker
664 1201 2607 1383 sich nicht sofort wieders,sobald der Akt voll-
661 1310 2622 1449 zogen ist und das-ist es. ja wohl,was den meis
661 1449 1981 1596 tn Anstoss erregt haben wird.
631 1584 2443 1695 Wir wissen,dass auf der Bühne sehr häufig
654 1713 2622 1845 e in Kuss,eine Umermürig sozusagen als symboli-
661 1809 2696 1989 scher Ersatz für den tatsächlichen Geschlechts-
661 1966 2526 2133 akt eintritt und wir haben uns gewöhnt dies
661 2100 2493 2222 als durchaus erlaubt und als vereinbar mit
651 2212 2584 2377 unseren künstlerischen und sittlichen Grund-
651 2344 2506 2513 sätzen hinzunehmen. Es wäre unmöglich alle
641 2463 2541 2635 die Sze nen aufzuzählen, in denen der Dichter
661 2615 2655 2769 unter einem Kuss eigentlich etwas anderes ver-
651 2721 2526 2891 steht als den Kuss selbst, es wäre unmöglich
641 2863 2526 3010 alle die jenigen Aktschlüsse aufzuzählen,die
649 2972 2574 3147 auf das, was sich sofort nach gefallenem Vor-
649 3106 2574 3299 häng im Sinine des Stücks zu begeben hat,hin-
651 3238 2425 3443 rassen und ebensö gibt es eine Fülle von
