2904 3560
348 311 763 588 Selbstkicht
565 592 1197 760 Fertha Garlan.
565 805 2464 973 Eine Növelle von hohem Rang trotz-einzelner
568 948 2516 1076 längen und stilistischer Schwerfälligkeiten.
568 1076 2548 1224 Die Gegenüberstellung zweier Frauenschicksale
565 1215 2464 1348 ohne jede Absichtlichkeit,die Beziehung zwi-
563 1323 2538 1508 schen juna und Bertha von erlegener Feinheit,
553 1422 2538 1600 ihre Begegnung auf dem Bahnhof unvergesslich.
548 1568 2516 1738 Die unvordringliche Lebendigkeit der nebenfi-
555 1686 2503 1866 güren besonders zu loben. Die Atmosphäre der
565 1839 2506 2029 kleinen stadt, alles Klinatische und Metereo-
555 1965 1528 2113 lefische eindringlich.
553 2091 2402 2247 Es wäre möglich, dass der Schluss als etwas
555 2219 2491 2410 zu lehrhaft oder gar noralisierend empfunden
546 2365 1185 2563 werden könnte.
