3432 4408
825 1164 3004 1546 gedon soll, dass ich nänlich bedavors, nicht selbst
797 1419 3052 1663 Lsolche Stücke schreiben zu können,nicht mehr brin-
844 1568 3086 1764 nern. Aber ich will niht in Abrede stellen, sie ge-
847 1719 2794 1874 tan zu haben.Warum sollte ich auch nicht von
844 1823 2895 2039 Stücken, die mir gefielen,gesagt haben, dass ich
856 1972 3021 2149 bedäuere, sie nicht, auch schreiben zu können? Wenn
858 2079 2937 2272 aber weiter behauptet wird,ich hätte gesagt, ich
858 2224 2982 2398 möchte mich „erschiessen“, weil ich solches nicht
867 2359 2990 2536 leisten kann,so erkläre ich dies für eine Unwahr-
864 2482 2987 2690 heit. Ich weiss, dass ich das nicht gesagt haben.
870 2631 2948 2791 kann und auch nicht gesagt habe,weil ich weiss,
872 2738 3080 2951 dass ich mich nicht mit weibischem Schwulst auszu-
864 2870 3043 3083 drücken pflege, sondern die Gewohnheit habe, zu re-
870 3046 1795 3195 den, wie ein Mann..
1144 3122 2973 3301 Lieber Freund,Du hast mir auch bei unserm
878 3245 2968 3470 letzten Beisammensein wieder jede Fähigkeit zum
889 3363 2962 3596 Kritiker abgesprochen. Diese Deine Ansicht über
886 3501 3111 3714 mich ist mir seit langen bekannt. Sie ist für micht
900 3630 2968 3874 gewiss nicht belanglos. Denn ich habe nicht die
903 3781 3069 3980 selbstsicherheit, die Du besitzest und die Dich zu
