2904 3736
954 543 2635 705 Es ist nicht meine Sache, und auch kei-
958 697 2545 817 neswegs mein Recht, auch ist, os nicht
964 817 2650 964 nach meinem Geschmack der N.R. oder den
954 964 2522 1065 Verlag Fiecher irgend eine Anweisung
958 1078 2545 1204 zu geben, ob oder inwiefern sie ihren
949 1210 2501 1349 Leserkreis darüber aufklären will,
951 1332 2617 1480 dass ihre Stellung gegenüber A.S. sich
951 1467 2577 1579 nicht mit den geschmacklosen Nitzdei-
943 1577 2587 1713 en ihres Theaterroferenten deckt. Je-
937 1707 2435 1846 denfalls muss ich wiederholen,dass
1057 1819 1492 1903 gedaamen
945 1846 2602 2004 en, der nicht in der glück-
1442 1953 1608 2023 aren
949 1974 2526 2094 lichen lage at brieflich oder sonst
943 2120 2520 2246 irgendwie von Ihren und Bies freund-
939 2223 2631 2393 lichen Gesinnungen für geine Produktio
1951 2337 2172 2408 ellen.
939 2322 2602 2518 konntnis zu erhalten, ober goneist eein
930 2478 2598 2680 d an der Existenz solcher Gefühle
930 2612 1478 2806 zu zmeifeln.
