2904 3720
1928 425 2376 615 chctes 3
1384 647 2508 788 noch wenig bekannt sind, ein.
1537 763 2533 931 iner literärischen Persün-
1315 899 2436 1017 uchen zu sehen, das allerdings
751 1017 2445 1144 vor uialen Jahren auch von inländischen Re-
740 1137 2522 1285 zensmten in ännlicher Weise entworfen werden
751 1269 2559 1421 St. aber nun doch zum mindesten aus den Arbei-
747 1403 2376 1562 ten ernshafter Essayisten vollkommen ver-
744 1553 1310 1703 schwimden ist.
894 1650 2374 1817 Es beliebt Ihnen mich als Dichtar der
742 1759 2561 1932 Halhwelt hinzustellen.Dieser Auffassung gegen-
744 1893 2605 2071 über gübe es eine einfache Antwort: Der Hinigeis
749 2043 2565 2200 auf meine Werke.Aber da ich es unmöglich allen
742 2149 2492 2327 jenen, die Ihre wei Seiten gelesen haben, zu-
740 2297 2480 2448 muten kann zur. Nachprilfung meine mneitausend
744 2399 2489 2579 zu lesen,so muss ich versuchen Ihren Artilel
751 2542 2371 2690 quf andere Weise zu entkrüften. Hter muss
760 2651 2540 2817 ich freilich schon fürchten, dass der Ausdruch
760 2792 2489 2979 entkräften", der ja von Kraft kommt,übel je-
763 2901 2589 3086 wählt erscheint, denn die wohlfeile Art und die
749 3021 2346 3185 schwdchlichen Gründe, mit denen Sie Ihren
742 3164 2422 3416 Standpunkt zu vertreten suchen, ist von der
