2920 3560
1181 499 2484 672 as Graz wird uns geschrieben....t.
674 559 1184 708 argfrleden? A
571 592 2437 772 Harry Walden in Schnitzlerstücken auf.... Hier
571 646 2638 842 hat das nationale-Reinigungswerk einzusetzen... Wenn
584 726 2556 898 ein Walden nach Graz kommt,wird das Haus auch ohne
577 790 2581 952 Schnitzlerstücke ausverkauft sein. In unserer gros-
2010 854 2476 947 vom Burgfri
579 883 1992 1032 een Zeit spricht man viel und gerne
589 909 2563 1089 den", Schonzeit älso für jenes verkappte Gelichter,
589 978 2499 1145 das unter den verschiedensten Masken im sicheren
597 1027 2561 1225 Einterlande sein Unwesen treibtdessen schleichen-
595 1102 2489 1279 des Gift nicht weniger Schaden anstiftet als die
605 1181 2502 1343 vernichtenden Bomben des erklärten Feindes.- Das
597 1230 2489 1410 Kino mit seinen nervenaufpeitschenden Lasterdar-
615 1277 2533 1480 stellungen(zumeist noch immer welsche Filmel) wie
613 1331 2638 1544 nicht minder das moderne Stück (Schnitzler Schülel)
672 1423 2520 1609 egen diese Kunst?-Richtung muss endlich einmal
610 1542 1763 1660 Generalsturm geblasen werden.
1158 2123 2597 2296 Deutsches Tagblatt, ostdeutsche Rund-
1161 2226 2095 2373 schau, Wien,5.März 1916.
