3032 3848
201 532 545 756 17./12.1911.
499 690 1319 825 Zum „Weg ins Freie
512 769 2465 998 Auch dem Georg wurde vorgeworfen,er sei kein
514 904 2365 1097 Held. Nicht bedeutend genug. Sei wohl auch
517 1031 2498 1227 kein grosser Komponist. Ich hätte ohneweiters
535 1199 2325 1344 behaupten dürfen,dass er die herrlichsten
535 1299 2584 1484 Quartette seit Beethoren geschrieben;niemand„
532 1426 2528 1625 hätte das Gègenteil nachweisen können. Wan hät
530 1533 2386 1731 te sich aber und nicht mit Unrecht dagegen
550 1678 2302 1874 gewehrt dergleichen voy einer erfundenen
553 1818 2253 2004 Figur auf Freu und Glauben hinzunehmen.
553 1935 2483 2146 Kein Romanheld ist im Sinn der Kritik bedeu-
558 2040 2383 2243 tend. Der Wilhelm Meister so wenigabe der
553 2203 2485 2399 Grüne Heinrich. Es konmt nicht auf die Leis-
563 2320 2523 2539 tungen an, die einem erfundenen Helden zuzumü-
563 2442 2564 2653 ten sind, oder die der Dichter von ihm erzählt,
578 2569 2541 2783 (sonst wären ja die Marlitt-Helden die Helden
568 2674 2500 2905 par excellence), sondern nur auf die Intensi-
573 2819 2503 3033 tät, mit der er gestaltet ist. Und die findet
581 2956 2556 3170 ihren Ausdruck in der Art, wie der Held gegen-
583 3114 1675 3302 über der Unmelt reagiert.
588 3234 2569 3430 Auch hier wie immer die Verwechslung zwischen
588 3338 2009 3499 Stoff und Form im tiefsten Sinn.
