3048 3832
778 515 2453 681 Ein Beispiel derselben Art. Ein anderer
780 665 2455 822 Kritiker schreibt in einer Besprechung
789 804 2517 946 vom Weg ins Freie: Die Gespräche stehen
787 933 2513 1083 ungefähr auf der geistigen Höhe der Lo-
796 1034 2559 1220 kalzugstudion in der Sonn-und Montagszet
807 1266 1045 1355 tung.
798 1299 2480 1474 Hier wird zum Zwecke der Fälschung der
802 1452 2515 1598 Imstand benützt, dass eine Episodenfigur
818 1565 2542 1726 des Romins, der alte Ehrenberg, im Jargon-
818 1702 2539 1874 zu sprechen pflegt,was von den 590 Sei-
827 1761 2599 1996 ten des pomans etwa li in Anspruch nimmt.
818 1962 2550 2141 Natürlich ist der Jargon gleichfalls in
824 2108 2500 2290 charakteris ierender Absicht verwandet.
