2872 3640
441 410 2554 636 so ist die Verwandtschaft mit Roman und Mörelle.
399 577 2611 764 viel augenfälliger als die mit dem Drama.In-gewis-
402 687 2566 891 sen Sinn und einigermassen oberflächlich ausge-
1163 812 1440 911 Bylück
837 826 1078 911 das.
1154 829 2518 984 im eigentlich nichts anderes-
407 863 1137 1027 drückt, ist darxR
402 970 2611 1137 als ein illustrieiter poman. In je höheremlass das
453 1100 2492 1284 illu-trative. Flement die textkliche Begleitung
419 1219 2571 1380 überwiegt, unso xakxäxhainxxxhaxx cher glaube ich
421 1352 2631 1519 wird es irgend ein dem Film imamentex runstgesetz
461 1465 2594 1660 zu erfüllen in der Lage sein, das. zu forvulieren
467 1627 2413 1785 ich mich allerdings nicht getrauen würde. Im
421 1720 2390 1909 ürigen wollen wir uns doch durch dogwalisch-
464 1878 2461 2031 aeglhelische Frörterungen das Vergnügen anden
470 1986 2600 2172 vielen Interesganten undWertvollen, ja auch künst-
427 2113 2501 2311 lerisch Mertvollen, das uns der spielfiln in den
424 2260 2535 2436 letzen Jahren geb. acht hat, nicht, trüben lassen.
487 2396 2554 2577 Ich glaube in der letzten Zeit auf der Leinwand
487 2535 2472 2704 insbesondere an schausziele rischen jeistungen
464 2645 2549 2795 mindestens so Bedeutendes gegehen zu häben, als
441 2750 2713 2962 auf den lebendigen Thaatar, was freilich wieder uit.
475 2888 2611 3055 den allgemeinen Zeitverhältniesen in nicht inner
444 3027 2687 3273 erfreulicher Reise zusamenhängt, Troteden liegt der
