3080 3800
547 487 866 643 Aidler
847 689 2689 863 eipen unso berechtigteren, als das Publikun
891 834 2696 974 sich durch die ziemlich spannende Handlung
886 953 2494 1134 me ist bis zum Schluss der Vorstellung
886 1077 2602 1272 fosthalten liess. Nun gedenkt der Autor-
882 1215 2599 1387 mit einem kühnen Schnitt sämtliche Sze-
870 1346 2551 1486 nen bis auf die letzte zu eliminieren.
1917 1431 2195 1525 und ne
873 1467 2677 1649 Diese spielt im Kerker(beginnt jpun in der
886 1603 2611 1761 neuen Fassung während Medardus, was nach
886 1741 2622 1883 den Aufregungeh der vorhorgegängen. Tage
886 1830 2666 2021 kein Wunder scheint,noch ind tiefen Schla-
884 1956 2652 2145 fe liegt, dass er durch ein Gespräch zwi-
889 2110 2716 2310 schen Etzelt und dem Ferkermeister erweckt
877 2250 2599 2418 wird. Aus dieser Unterredung erfährt der
879 2379 2478 2549 Zuschauer alles das, was bisher in.16
889 2487 2650 2661 endlosen Bildern dargestellt wurde. Wenn
879 2625 2671 2790 Medardus erwacht, geht die Sene in bekam
884 2746 2565 2896 ter Weise weiter,nur dass General Rapp.
886 2891 2636 3017 nicht in-einer glänzenden auf die schau-
886 2992 2641 3148 lust der Menge spekulierenden Prachtuni-
882 3132 2629 3286 form erscheint,sondern im einfachen Mor-
886 3238 2576 3447 genrock. Die Soldaten, die Wedardus zum
