3048 3832
532 804 1611 944 Antikritik zu „Bernhardi
529 960 2371 1110 „Ich will meine Ruhe haben", sagt Bernhardi
545 1074 2467 1206 im letzten Akt.Der inn kann-natürlich nicht
480 1193 2565 1377 zweifelhaft sein. Er will. seine Ruhe zur Arheit-
532 1310 2513 1510 haben, erwill wieder arbeiten können; und nicht
529 1468 2511 1652 durch die leere Geschäftigkeit der Politik in
534 1577 2493 1772 der Ausübung seines Berufes behindert werden.
527 1735 2459 1860 collte man es für möglich halten, dass manche
524 1847 2456 2015 Rezensenten (nicht nur ldioten oder Fälscher
524 1987 2456 2158 von Geburt) in diesem Ausruf: Ich will meine
514 2132 2539 2259 Ruhe habenl einer Aus Bekenntnis. von Trägheit,
999 2215 1133 2308 71
511 2244 2397 2399 Schlappheit (erkennen vorgeben, ja dass einer
519 2355 2428 2516 sogar so weit gegbangen ist - sein Name soll
1198 2482 1471 2583 werden.
511 2477 2557 2674 nicht vergessen,larco Broziuer - diese Schlapd-
791 2614 934 2703 und
501 2633 2498 2788 häättin rrägheit des Professor Bernhardi (der
514 2757 2576 2941 wieder praktizieren und wissenschaftlich arbei-
516 2887 2544 3058 tätig sein will) damit zu erklären, dass Bern-
511 3006 2480 3190 hardi eigentlich der altgewordene Anatol sei-
508 3159 2389 3304 und die Stimmung des letzten Aktes als eine
555 3273 2596 3470 -Verkaufts mei 6wand,i fahr in Himmel-Stimmurg
