3048 3768
1932 431 2361 551 14.8.1928.
490 429 1469 643 Queinkeimer
699 787 1464 931 Leber Herr Dokior.
1199 933 2575 1091 So oft schon hatte ich Anlase Ihnen
724 1011 2612 1186 meine Freude auszusprechen, wenn Iie sicl anlige-
724 1084 2673 1257 licl meiner Arbeiten öffentlichvernehmen liessen,
724 1165 2634 1313 dase er eine Unankrichtigkeit wäre Ihnen zu ver¬
2154 1216 2480 1313 rherese
733 1230 2124 1398 schwelgen,der Ihr Artikel über die
745 1247 2697 1450 mir nicht ausschltes-lich Verrnügen bereitet het.
758 1347 2570 1510 Zwur gestehe ich Ihnen ohneweitere zu, dase man
750 1413 2492 1576 kaum freundlicher und r:crektvoller über ein
750 1462 2602 1647 Buch zu schreiben vermeg, für das mein künstleri-
750 1549 2590 1703 Eche und menechliche Sympathien nur in beschei-
760 1601 2612 1791 denem Marxe aufzubringen vermochte und auch die
763 1664 2646 1847 Des Ihr letztes Feuilleton (mit welchem Wort na-
775 1742 2546 1903 türlich nur die Stelle bezeichnet werden soll
775 1800 2590 1961 an der ex Inuerhalb des Blatter steht) enthalt
772 1839 2731 2027 Stellen genue, in denen Ihre wehrhaft Freundschaft-
780 1934 2607 2100 liche Gesinnung plar zu Tage trättp- trotzden
858 1998 2543 2173 un sat meinen Eindruck nicht verhehlen, dass
2236 2056 2636 2163 en und vor
784 2076 2215 2236 Die meinen Her  Henzele
2293 2117 2621 2217 gerecht.
789 2149 2202 2295 allem in seiner Totalität nicht voll
789 2171 2692 2370 geworden eind;- Insbesondere Findet das Fir mich
797 2241 2651 2436 in dem Schlueswort Ihrer Kritik seinen Ausdruck
811 2317 2585 2502 leinen so herben, zetr vielleicht nur deskalt.
789 2388 2619 2548 well er eben des Schluerwort iet), daer ich den
809 2453 2587 2621 temen der Therece' nicht geschrieben, sondern
1732 2480 2656 2624 dieser Feeumse bedeutet
811 2565 1669 2687 nur unschrieben Intie.
806 2570 2719 2751 nichts anderes, dass mein Nomenfderser Schwichen
819 2641 2553 2804 in menchen betails, möglcherweise such in der
823 2709 2590 2882 konzeption ich keinesners verkenne) dis Ganzes
828 2775 2563 2953 eines Skizie geblieben ist,ein Erdurtetl, des
831 2824 2738 3006 fretlich in seiner Absointheit ebenso unriderlegs
833 2902 2685 3070 ber ist als es unbeweieber sein darfte und des
828 2967 2595 3150 mir perebnlich doch eine Unterschätzung, wenn.
831 3038 2548 3209 nicht gar ein Hiesverstehen meiner Schronit
836 3087 2775 3291 einer Freuenlebene und seiner technlech-künstle-
