3048 3832
420 513 736 786 tr. L.
491 756 2602 941 Arzt,einen Bankier, den man auch nicht zu den Ar-
499 886 2654 1053 beitslosen rechnen te, einen Hoteldirektor, der
505 1017 2616 1186 zugleich Abgeordneter ist und viel für sein Land
1907 1137 2354 1222 ron ilegete
513 1165 2613 1336 geleistet hat. Auch die beiden hauptrüchliehten
513 1287 2479 1429 Frauengestälten dürften den Vergleich mit den
499 1424 2430 1593 weiblichen Heldinnen anderer stücke nicht zu
488 1536 2520 1740 scheien haben, - (alsowarum lschleudern sie auf
507 1667 2651 1844 alle diese Geschöpfe den Vorwürf der Nichtigkeit?
510 1795 2616 1988 Dass Herr Hofreiter einige Verhältnisse hat, dass
505 1958 2651 2070 Erna sich verführen lässt, das werden sie Hoffent-
2157 2037 2496 2130 kene
1440 2054 1639 2163 qudt
502 2089 2575 2237 Lieh, der ja das lebensein wenig kennt,wieht als
499 2187 2687 2343 Zeichen innerer Wertlösigkeit von vornherein anzu-
507 2329 2681 2485 sehen geneigt sein. Und wenn sie selbst,was Sie j
507 2441 2477 2618 gewiss nicht tun,einen Menschen wig Hofreiter
505 2580 2613 2722 leichtfertig,nicht ernst genug und ein Wesen wie
499 2697 2567 2858 Erna,was Sie selbstverständlich auch nicht tun,
496 2826 2588 3011 als dirnenhaft bezeichnen wollten, würden solbst
499 2940 2493 3126 diese beiden Individuen darum den Vorwurf der
502 3077 2575 3303 Wichtigkeit vordienen? Und, wenn sie diesen Vor-
499 3240 2665 3448 wurk selbst verdienten und alle meine Figuren mit
