2856 3800
147 500 524 702 25/122.
440 689 2378 822 Anlässlich der „Reigen"-Aufführungen sind zu
452 802 2335 982 den üblichen Dözmen der Kritik, über die ich
440 944 2225 1101 an anderer Stelle gesprochen habe, zu den
452 1054 2428 1234 Irrlehren, die einer dem andern nachredet, noch
452 1199 2285 1359 einige neue dazugekommen,(über die wohl ein
445 1321 2383 1501 Wort zu sagen wäre. Das einel-lautet, dass man
1139 1444 1371 1536 nicht
432 1469 2415 1618 ein stück nur detn aufführen lassen dürfe,so-
440 1586 2443 1763 bald der begründete Verdacht vorläge, dass das
450 1708 2363 1883 Publikug oder ein grösserer Teil des Publi--
445 1848 2428 2000 kums die Vorstellungen nicht aus ausschliess-
430 1983 2190 2128 lich künstlerischen Gründen besuche. Das
432 2108 2278 2298 zweite (Dogma aber hautet) dass es sich mit
437 2233 2370 2420 der standesehre nicht verträgt Tantiemen (von
440 2370 2373 2552 einen stück)zu beziehen,wenn diese Tantiemen
430 2483 2223 2662 zum grösseren Teile von Leuten herrühren,
425 2622 2353 2817 dis sieh das Stück nicht aus ausschliesslich
427 2772 2143 2920 künst lerischen Gründen angesehen haben.
430 2892 2403 3079 Man wird fragen: Ein Dogwa? Dergleichen haben
427 3027 1419 3167 wir doch nie behauptet?
417 3132 2303 3304 Ganz richtig. Es wurde tatsächlich noch nie
427 3267 2353 3444 oder zum mindesten noch nie mit solcher Rut
