<?xml version="1.0" encoding="UTF-8" standalone="yes"?>
<PcGts xmlns="http://schema.primaresearch.org/PAGE/gts/pagecontent/2013-07-15" xmlns:xsi="http://www.w3.org/2001/XMLSchema-instance" xsi:schemaLocation="http://schema.primaresearch.org/PAGE/gts/pagecontent/2013-07-15 http://schema.primaresearch.org/PAGE/gts/pagecontent/2013-07-15/pagecontent.xsd">
    <Metadata>
        <Creator>prov=READ-COOP:name=PyLaia@TranskribusPlatform:version=2.7.0:model_id=50870:lm=none:date=22_01_2024_20:33</Creator>
        <Created>2023-09-27T14:39:51.376+02:00</Created>
        <LastChange>2024-01-22T20:33:09.250+01:00</LastChange>
        <TranskribusMetadata docId="1589058" pageId="60126233" pageNr="123" tsid="145640104" status="IN_PROGRESS" userId="40391" imgUrl="https://files.transkribus.eu/Get?id=VMAVBSCHAJEEBMHOCEOISRXO&amp;fileType=view" xmlUrl="https://files.transkribus.eu/Get?id=PIAHPYSWGTKGVVORTCDQNIYN" imageId="48551311"/>
    </Metadata>
    <Page imageFilename="1589058_0123.jpg" imageWidth="3416" imageHeight="4408">
        <ReadingOrder>
            <OrderedGroup id="ro_1711789718814" caption="Regions reading order">
                <RegionRefIndexed index="0" regionRef="tr_1"/>
            </OrderedGroup>
        </ReadingOrder>
        <TextRegion orientation="0.0" id="tr_1" custom="readingOrder {index:0;}">
            <Coords points="842,1372 842,4005 3162,4005 3162,1372"/>
            <TextLine id="tr_1_tl_1" custom="readingOrder {index:0;}">
                <Coords points="826,1533 1177,1490 1299,1535 1877,1470 2091,1501 2282,1453 2977,1476 3000,1370 2857,1325 2578,1390 2493,1359 2202,1404 2065,1367 1929,1422 1598,1379 1527,1424 1308,1322 1245,1353 1037,1194 835,1185"/>
                <Baseline points="842,1493 950,1490 1058,1488 1166,1487 1274,1483 1382,1479 1490,1477 1598,1473 1706,1469 1814,1466 1923,1466 2031,1459 2139,1459 2247,1454 2355,1452 2463,1451 2571,1443 2679,1440 2787,1438 2895,1433 3004,1433"/>
                <TextEquiv>
                    <Unicode>den Aussprach voranlasst, dass ss die gleicheiltig</Unicode>
                </TextEquiv>
            </TextLine>
            <TextLine id="tr_1_tl_2" custom="readingOrder {index:1;}">
                <Coords points="838,1635 1265,1624 1407,1667 1535,1615 2256,1587 2399,1618 2476,1584 2581,1627 2664,1581 3003,1558 3005,1487 2709,1450 2196,1541 1963,1541 1920,1501 1342,1561 1273,1530 1117,1575 840,1553"/>
                <Baseline points="854,1621 961,1619 1069,1616 1177,1615 1285,1612 1393,1612 1500,1605 1608,1600 1716,1593 1824,1591 1932,1594 2039,1587 2147,1585 2255,1585 2363,1579 2471,1573 2578,1570 2686,1568 2794,1560 2902,1555 3010,1561"/>
                <TextEquiv>
                    <Unicode>ist, was „wir Andern" über Dich schreiben. Mir ist</Unicode>
                </TextEquiv>
            </TextLine>
            <TextLine id="tr_1_tl_3" custom="readingOrder {index:2;}">
                <Coords points="843,1792 1083,1763 1251,1803 1384,1749 1624,1800 1695,1755 1780,1783 2102,1723 2188,1758 2327,1718 2515,1746 2632,1704 3068,1692 3071,1629 2829,1649 2735,1578 2470,1635 2259,1598 2082,1675 1934,1678 1894,1638 1621,1638 1422,1692 1330,1649 951,1695 846,1661"/>
                <Baseline points="860,1750 970,1753 1081,1750 1192,1741 1303,1740 1414,1741 1524,1737 1635,1732 1746,1731 1857,1728 1968,1724 2078,1718 2189,1714 2300,1709 2411,1705 2522,1703 2632,1696 2743,1690 2854,1687 2965,1682 3076,1681"/>
                <TextEquiv>
                    <Unicode>es gar nicht gleichgiltig,was die Andern über mich-</Unicode>
                </TextEquiv>
            </TextLine>
            <TextLine id="tr_1_tl_4" custom="readingOrder {index:3;}">
                <Coords points="849,1903 1353,1934 1792,1860 1934,1900 2248,1840 2963,1857 3014,1843 3020,1752 2889,1763 2795,1718 2390,1786 1974,1755 1518,1823 1305,1780 1077,1823 855,1798"/>
                <Baseline points="866,1887 979,1881 1093,1878 1206,1875 1320,1869 1434,1868 1547,1863 1661,1860 1775,1859 1888,1852 2002,1847 2115,1845 2229,1840 2343,1837 2456,1833 2570,1827 2684,1823 2797,1821 2911,1814 3025,1812"/>
                <TextEquiv>
                    <Unicode>schreiben oder sagen. Wohl häbe ich künstlerische</Unicode>
                </TextEquiv>
            </TextLine>
            <TextLine id="tr_1_tl_5" custom="readingOrder {index:4;}">
                <Coords points="849,2023 1219,2051 2003,1977 2162,2031 2450,1966 2672,1997 2752,1954 3005,1966 3008,1889 2857,1889 2778,1832 2541,1909 2065,1872 1974,1929 1909,1880 1709,1943 1641,1912 1319,1954 1174,1897 852,1949"/>
                <Baseline points="866,2018 973,2011 1081,2006 1188,2005 1296,2003 1403,1997 1511,1995 1618,1989 1726,1987 1833,1983 1941,1977 2048,1977 2156,1972 2263,1967 2371,1964 2478,1959 2586,1957 2693,1951 2801,1946 2908,1944 3016,1941"/>
                <TextEquiv>
                    <Unicode>Anschauungen, von deren Richtigkeit ich unerschüt-</Unicode>
                </TextEquiv>
            </TextLine>
            <TextLine id="tr_1_tl_6" custom="readingOrder {index:5;}">
                <Coords points="855,2179 2985,2077 2988,1991 2872,2017 2743,1966 2270,2054 2202,2017 1798,2071 1712,2031 1441,2068 1353,2025 1171,2074 860,2040"/>
                <Baseline points="869,2144 975,2144 1081,2140 1187,2135 1293,2132 1399,2128 1505,2126 1612,2119 1718,2118 1824,2114 1930,2111 2036,2108 2142,2102 2248,2099 2355,2093 2461,2090 2567,2087 2673,2081 2779,2080 2885,2072 2992,2075"/>
                <TextEquiv>
                    <Unicode>tärlich überzeugt bin. Aber ich prüfe jedes noch</Unicode>
                </TextEquiv>
            </TextLine>
            <TextLine id="tr_1_tl_7" custom="readingOrder {index:6;}">
                <Coords points="843,2302 1151,2333 1775,2248 2216,2265 2345,2225 2450,2259 2743,2208 3134,2251 3139,2111 3079,2100 2726,2154 2538,2091 2416,2165 2139,2142 1752,2196 849,2208"/>
                <Baseline points="863,2278 976,2275 1090,2272 1204,2267 1318,2263 1432,2257 1546,2254 1660,2248 1774,2245 1888,2242 2002,2237 2115,2233 2229,2228 2343,2223 2457,2221 2571,2214 2685,2209 2799,2205 2913,2201 3027,2197 3141,2195"/>
                <TextEquiv>
                    <Unicode>so ungünstige Urteil über mich, ob es nicht viellächt</Unicode>
                </TextEquiv>
            </TextLine>
            <TextLine id="tr_1_tl_8" custom="readingOrder {index:7;}">
                <Coords points="863,2419 969,2407 1060,2458 1145,2401 1544,2387 1709,2450 2034,2376 3134,2362 3136,2279 2911,2211 2447,2296 2228,2256 1971,2325 1595,2276 1496,2327 869,2316"/>
                <Baseline points="878,2410 991,2404 1104,2399 1217,2395 1330,2390 1443,2386 1556,2384 1670,2380 1783,2375 1896,2373 2009,2369 2122,2364 2235,2357 2348,2353 2462,2350 2575,2347 2688,2341 2801,2334 2914,2329 3027,2326 3141,2326"/>
                <TextEquiv>
                    <Unicode>doch etwas Wahre senthält, und suche von jedem Andern,</Unicode>
                </TextEquiv>
            </TextLine>
            <TextLine id="tr_1_tl_9" custom="readingOrder {index:8;}">
                <Coords points="843,2544 1060,2581 1202,2530 1447,2527 1778,2570 2111,2493 2379,2521 2872,2464 2946,2498 2951,2350 2578,2367 2421,2433 1914,2413 1632,2464 1379,2430 1268,2470 1216,2439 846,2470"/>
                <Baseline points="860,2541 964,2538 1069,2532 1174,2528 1279,2524 1384,2520 1488,2517 1593,2512 1698,2508 1803,2504 1908,2499 2012,2496 2117,2492 2222,2487 2327,2487 2432,2478 2536,2476 2641,2469 2746,2468 2851,2461 2956,2457"/>
                <TextEquiv>
                    <Unicode>auch vom heftigsten Gegner,etwas zu dernen. Man</Unicode>
                </TextEquiv>
            </TextLine>
            <TextLine id="tr_1_tl_10" custom="readingOrder {index:9;}">
                <Coords points="866,2689 1105,2712 1290,2655 1439,2703 1681,2635 1778,2675 2319,2618 2564,2672 2729,2621 2963,2632 2994,2533 2849,2504 2550,2564 2421,2521 2048,2530 1940,2575 1843,2530 1780,2572 1541,2544 1481,2581 1316,2544 869,2590"/>
                <Baseline points="883,2669 988,2666 1094,2662 1200,2657 1306,2651 1411,2649 1517,2645 1623,2639 1729,2635 1834,2634 1940,2630 2046,2626 2152,2622 2257,2615 2363,2613 2469,2606 2575,2602 2680,2598 2786,2592 2892,2592 2998,2601"/>
                <TextEquiv>
                    <Unicode>muss schon ein mit Erfolg aufgeführter daramati-</Unicode>
                </TextEquiv>
            </TextLine>
            <TextLine id="tr_1_tl_11" custom="readingOrder {index:10;}">
                <Coords points="872,2815 1003,2846 1516,2795 1598,2832 1692,2789 1812,2837 1906,2780 2259,2749 2541,2797 2681,2729 3111,2738 3108,2624 2507,2649 2288,2701 2231,2669 1857,2709 1746,2669 1216,2743 1142,2695 875,2738"/>
                <Baseline points="886,2801 997,2795 1109,2795 1220,2790 1332,2780 1443,2778 1555,2774 1666,2769 1778,2767 1889,2757 2001,2756 2113,2751 2224,2744 2336,2742 2447,2738 2559,2732 2670,2726 2782,2721 2893,2720 3005,2716 3117,2714"/>
                <TextEquiv>
                    <Unicode>scher Autor sein,um das Bewusstsein mit sich herum-</Unicode>
                </TextEquiv>
            </TextLine>
            <TextLine id="tr_1_tl_12" custom="readingOrder {index:11;}">
                <Coords points="877,2946 1083,2931 1234,2988 1404,2920 1837,2951 1977,2891 2427,2923 2615,2866 3045,2891 3048,2815 2971,2780 2692,2817 2592,2775 2390,2812 2307,2778 1832,2854 1749,2806 1607,2852 1441,2820 880,2860"/>
                <Baseline points="892,2932 999,2928 1107,2926 1215,2920 1323,2913 1431,2909 1539,2904 1646,2902 1754,2896 1862,2891 1970,2884 2078,2880 2186,2875 2294,2875 2401,2865 2509,2861 2617,2860 2725,2857 2833,2852 2941,2847 3049,2849"/>
                <TextEquiv>
                    <Unicode>zuträgen, dass man von Anderen nichts mehr zu ler-</Unicode>
                </TextEquiv>
            </TextLine>
            <TextLine id="tr_1_tl_13" custom="readingOrder {index:12;}">
                <Coords points="877,3071 1262,3105 1601,3034 2060,3014 2151,3065 2307,3068 2473,3008 2561,3040 2698,3000 2763,3042 3091,2977 3071,2903 1342,2966 1293,3005 1171,2963 883,2977"/>
                <Baseline points="895,3061 1005,3058 1115,3055 1225,3049 1335,3044 1446,3040 1556,3032 1666,3025 1776,3021 1886,3019 1997,3012 2107,3007 2217,3003 2327,2999 2437,2994 2548,2990 2658,2988 2768,2978 2878,2977 2988,2972 3099,2971"/>
                <TextEquiv>
                    <Unicode>nen habe. Bei ernst strebenden Menschen in anderen</Unicode>
                </TextEquiv>
            </TextLine>
            <TextLine id="tr_1_tl_14" custom="readingOrder {index:13;}">
                <Coords points="877,3208 3037,3125 3040,3054 2923,3017 2609,3065 2413,3017 2313,3068 2071,3042 1974,3088 1444,3065 1359,3117 1316,3085 1151,3134 983,3060 883,3079"/>
                <Baseline points="892,3189 999,3188 1107,3181 1214,3177 1322,3172 1429,3165 1537,3164 1644,3154 1752,3150 1859,3147 1967,3141 2075,3138 2182,3133 2290,3126 2397,3121 2505,3117 2612,3111 2720,3106 2827,3102 2935,3100 3043,3093"/>
                <TextEquiv>
                    <Unicode>Berufsarten wird man dieses Bewusstsein kaum wie-</Unicode>
                </TextEquiv>
            </TextLine>
            <TextLine id="tr_1_tl_15" custom="readingOrder {index:14;}">
                <Coords points="877,3344 954,3330 994,3353 1117,3347 1142,3327 1191,3359 1242,3336 1265,3353 1339,3344 1342,3256 1290,3236 1245,3256 1177,3225 1125,3253 1091,3236 1043,3245 1028,3228 940,3253 883,3236"/>
                <Baseline points="895,3317 920,3320 945,3320 970,3318 995,3317 1021,3317 1046,3317 1071,3317 1096,3315 1122,3311 1147,3310 1172,3308 1197,3308 1222,3307 1248,3304 1273,3304 1298,3306 1323,3308 1349,3311"/>
                <TextEquiv>
                    <Unicode>derfinden.</Unicode>
                </TextEquiv>
            </TextLine>
            <TextLine id="tr_1_tl_16" custom="readingOrder {index:15;}">
                <Coords points="1094,3467 1282,3507 1570,3418 2168,3436 2302,3384 3045,3381 3071,3279 2909,3233 2410,3333 1912,3282 1704,3353 1521,3310 1359,3362 1100,3364"/>
                <Baseline points="1113,3437 1211,3434 1309,3429 1407,3426 1505,3425 1603,3416 1701,3410 1800,3408 1898,3406 1996,3398 2094,3395 2192,3389 2290,3386 2388,3381 2487,3374 2585,3371 2683,3367 2781,3362 2879,3359 2977,3354 3076,3353"/>
                <TextEquiv>
                    <Unicode>Mir ist es nicht gleichgiltig,was die Andern</Unicode>
                </TextEquiv>
            </TextLine>
            <TextLine id="tr_1_tl_17" custom="readingOrder {index:16;}">
                <Coords points="892,3618 2544,3501 2994,3532 3051,3524 3057,3404 2424,3407 2256,3467 1809,3456 1524,3507 1382,3447 1228,3515 1165,3473 897,3513"/>
                <Baseline points="910,3580 1017,3573 1125,3571 1232,3567 1340,3561 1447,3556 1555,3548 1662,3544 1770,3538 1877,3532 1985,3529 2093,3523 2200,3518 2308,3512 2415,3507 2523,3500 2630,3499 2738,3492 2845,3488 2953,3486 3061,3479"/>
                <TextEquiv>
                    <Unicode>von mir sagen, - und ganz gewiss nicht gleichgil-</Unicode>
                </TextEquiv>
            </TextLine>
            <TextLine id="tr_1_tl_18" custom="readingOrder {index:17;}">
                <Coords points="895,3726 1530,3681 1669,3720 1852,3666 2188,3718 2444,3649 3017,3624 3020,3527 2872,3544 2792,3504 2604,3595 2510,3547 2327,3581 2174,3541 1997,3604 1894,3564 1587,3621 1370,3629 1276,3575 1214,3612 900,3609"/>
                <Baseline points="910,3712 1015,3709 1121,3702 1227,3694 1333,3687 1438,3685 1544,3679 1650,3672 1756,3667 1861,3661 1967,3656 2073,3650 2179,3646 2284,3642 2390,3635 2496,3631 2602,3628 2707,3625 2813,3618 2919,3613 3025,3616"/>
                <TextEquiv>
                    <Unicode>tig,was ein alter Freund von mir denkt. Aber mit</Unicode>
                </TextEquiv>
            </TextLine>
            <TextLine id="tr_1_tl_19" custom="readingOrder {index:18;}">
                <Coords points="897,3877 1179,3826 1285,3860 1649,3820 1826,3860 2054,3789 2826,3780 3154,3738 3159,3649 2966,3663 2894,3626 2652,3675 2607,3641 2379,3703 2045,3689 1843,3743 1216,3706 1091,3760 906,3712"/>
                <Baseline points="916,3840 1028,3836 1140,3828 1252,3821 1365,3816 1477,3810 1589,3807 1702,3801 1814,3793 1926,3785 2039,3780 2151,3776 2263,3768 2375,3767 2488,3762 2600,3756 2712,3750 2825,3746 2937,3742 3049,3738 3162,3736"/>
                <TextEquiv>
                    <Unicode>Deiner Misbilligung meiner Wirksamkeit als Kritiker</Unicode>
                </TextEquiv>
            </TextLine>
            <TextLine id="tr_1_tl_20" custom="readingOrder {index:19;}">
                <Coords points="895,3977 1664,3983 1763,3937 2088,3988 2139,3946 2356,3954 2430,3897 3040,3906 3048,3760 2310,3854 2137,3812 1701,3871 1590,3832 1490,3883 1422,3846 900,3874"/>
                <Baseline points="910,3974 1022,3968 1135,3964 1247,3955 1360,3950 1472,3943 1585,3937 1698,3933 1810,3927 1923,3921 2035,3914 2148,3903 2260,3909 2373,3900 2486,3893 2598,3885 2711,3881 2823,3879 2936,3875 3049,3870"/>
                <TextEquiv>
                    <Unicode>habe ich mich längst abgefunden. Ich habe mir ge-</Unicode>
                </TextEquiv>
            </TextLine>
            <TextEquiv>
                <Unicode></Unicode>
            </TextEquiv>
        </TextRegion>
    </Page>
</PcGts>
