3128 3784
2121 263 2328 411 a
2361 571 2664 739 192
508 576 1077 764 Beterbur
689 909 2679 1069 Unter- andern wirft man mir vor,dass ich nicht
694 1009 2534 1177 an die Erneuerung der Welt glaube, als wenn
696 1154 2672 1327 es ein besonderer Vorzug wäre, an dergleichen
696 1284 2584 1447 zu glauben und ein Charaktermangel daran zu
686 1415 2581 1580 zweifeln. Ich Glaube xiaimahr nicht an eine
681 1572 2619 1710 Eraeuerun, sondern an Entwicklung, ich glaube
681 1667 2682 1838 nicht an ein Definitivum, sondern an wechseli
686 1798 2649 1933 de Provisorien, ich glaube an eine Meiterent-
681 1893 2694 2086 wicklung ir feistigen, aber nicht in seelischen
684 2051 2621 2196 Aber ich glaube daran, dess vom Geistigen aus
1517 2158 1693 2256 sich
1788 2163 2031 2246 genug
669 2181 2619 2339 das geelische sich se weit wird beeinflussen
681 2323 2389 2461 lassen, um eine Aufwärtsentwiklung der
676 2476 1825 2594 Menschhe it zu ermöglichen.
