2952 3720
2258 471 2394 583 10
792 560 2375 733 Aber ich frage. Ast es überhaupt vor-
789 707 2529 872 stellbar, dass irgend eine in Oesterreich
776 844 2464 991 erscheinende Zeitschrift irgend welche
798 978 2405 1126 Werke dreier reichsdeutscher Autoren,
796 1117 2444 1251 die sie für misslungen hielte, (und es
809 1225 2477 1381 wären vielleicht Werke reichsdeutscher
798 1371 2312 1503 Autoren. auch aus diesem Kriegejahr
813 1473 2518 1633 aufzufinden, die ob nun geschmäcklorisch
826 1609 2457 1787 oder nicht, ebenso misslungen sind als.
818 1728 2453 1937 die ogben genannten drei) ist es vor-
818 1861 2483 2045 stollbar, frage ich, dass Eine österrei-
824 2000 2403 2158 chische Zeitung sie als Beweis dafür
824 2091 2522 2303 anzuführen wagdi minde, dass Deutschland
828 2245 2501 2420 einer inneren Reformation an Haupt- und
833 2405 2425 2566 Gliedern bedarff,um fortan im Geiste
837 2511 2542 2707 einer neuen deutschen Neltkultur bosta
828 2681 1464 2822 hen zu können?
