2904 3736
800 558 2481 752 Die ganze Dummheit und Frechheit jener
823 700 2479 872 oben von mir gekennzeichneten Spielart
803 830 2393 1007 der norddeutschen Kritik habe ich ja
811 957 2299 1137 eben wie der anläslich der „K.d. A.
809 1078 2393 1254 zu erfahren Gelegenheit gehabt, womit
823 1227 2374 1394 ich keifeswegs sagen will, dass die
815 1350 2309 1515 Osterreichische Kritik um ein Haar
815 1471 2493 1662 besser wäre. Sie ist eben auf ihre Mei-
821 1628 1620 1785 se dimm und frech.
