2984 3704
896 473 1070 636 1o
597 570 2482 744 nennen. Se möchte man fast glauben, dass für
599 702 2458 881 diese Kritiker die ganze Männerwelt nur in
589 833 2639 1015 Anatols und in Homosexuelle zerfällt.Denn das
599 954 2500 1120 selbst der Dümnsto von Ihnen die tiefen He-
605 1088 2479 1267 sensunterschiede Sie nennen den Sala einen.
602 1209 2534 1375 Anatol, den Hofreiter nicht minder, den Medar-
941 1372 1094 1438 mar
597 1364 2545 1535 dus auch (man-beachte die Identität zwischen
597 1480 2608 1648 dem Landwehrmann Medardus und dem Glühlichter-
1496 1593 2408 1685 il su aen recuit
597 1646 2602 1801 fabrikant Hofreiter)jaber man wird doch zuge-
605 1774 2718 1951 ben müssen,dass eine einzige noch immer se freul
599 1864 2600 2037 weit verbreitete Eigenschaft wie die sexuelle
576 2008 2539 2184 -Normalität noch nicht hinreicht, zwischen den
599 2158 2581 2316 Besitzern dieser Eigenschaft eine innere Ver-
607 2271 2513 2426 wandtschaft festzustellen,sonst wäre man ja-
1961 2358 2434 2453 inde tmin
1535 2382 1780 2463 dem
615 2390 2589 2602 am Ende genötigt einen Floesser einen Lessing
610 2524 2681 2694 zu nennen,weil ar auch Theaterkritiken schreibt.
615 2663 2542 2821 Wie verhalten sich aber nun solche Kritiker,
618 2797 2513 2968 gegenüber denjenigen meiner Gestalten,deren
607 2900 2505 3091 Wesensäusserungen innerhalb der in Betracht
599 3039 2647 3225 kommenden Herke sich nirgendwie auf Sexualität
