2936 3720
962 531 1154 667 deit
825 529 2512 787 e tot sohg davon ab, ob man nich als
842 712 2550 898 Oesterreicher, als Wiener, als Juden laub
842 855 2425 1021 das kommt vor) oder einfach als den,
830 985 2425 1139 der ich bin,misszuverstehen beliebt.
832 1109 2544 1269 Es scheint mir überhaupt notwendig.
844 1228 2480 1410 um mich nicht ins Uferlose zu verlie-
844 1375 2431 1544 ren, auf den ganz spezielben Fall zu-
853 1518 2446 1659 rückzukommen, von dem ich ausgegangen
866 1616 2523 1787 bin.Und was ich zu sagen habe, ist Fol-
872 1770 2405 1917 gendes: Wenn es in Deutschland eine
872 1887 2495 2066 Zeltschrift gibt, die dazu geschaffen,
868 2024 2420 2184 nicht verpflichtet, dabei geschaffen
876 2132 2489 2297 wäre, di ese unleidlichen, zum Teil blö-
872 2263 2482 2429 den, zum Teil bösen Missverständniese,
872 2399 2589 2574 die insbesondere draussen im Reich über
879 2536 2553 2719 Oösterreich, über österreichische Lite-
887 2653 2495 2811 ratur, über Wiener Literatur umlaufen,
889 2794 2465 2949 aufzuklären, ich will nicht sagen aus
894 2913 2433 3101 der Melt zu schaffen,dp wäre es die
891 3024 2472 3197 N.R. Denn diese ist es am Ende, resp.
896 3169 2606 3369 Ihr Vorlag ist es, der wohl nieht ander
