3016 3784
719 486 1719 635 andern, se man inochbgleiben
580 570 2615 762 allen übrigen Stücken,die bisher auf die Büh-
625 709 1693 873 ue gebracht worden sind.
580 825 2577 980 Hierauf wird erwidert: 1. Dass im Reigen der-
618 964 2435 1126 Geschlechtsverkehr auf die Bühne gestellt
610 1083 2536 1268 wird,2. dass dies zehnmal hintereinander der
613 1187 2539 1415 Fall sei, analirhrauch, dass dies ohne sicht-
610 1367 2496 1509 liche Entrüstung von Seiten des Autors-ge-
605 1466 2559 1650 schieht dass es sich nicht um die wahre lie-
600 1600 2579 1764 be handelt,d.h. offeubar um die jenige, die die
595 1739 2569 1904 eheliche Erzeugung von Kindern zum Zweck hat,
585 1883 2539 2025 endlich dass die miteinander in Verkehr tre-
592 2000 2524 2154 tenden Personen sich nur flüchtig,gar nicht,
595 2116 2574 2303 ja wie sogar behauptet wird, nicht einmal beim
952 2238 1810 2308 (wer kann der teuvit ina
585 2268 2438 2405 Namen kennen, und tatsächlich nur eine rein-
577 2377 2422 2526 sezuelle Beziehung zwischen ihnen bestehe.
580 2501 2488 2678 vor allem also: Wie steht es mit der Behaup-
564 2643 2476 2807 tung, dass der Geschlechtsverkelr im Reigen
554 2759 1850 2906 auf die Bühne gebacht werde?
554 2893 2544 3073 Diese Behaupturg ist einfach unwahr,was nicht
562 3017 2572 3207 näher zu botttosen werden braucht, da in den be-
554 3156 2496 3346 treffenden somenten entweder die Bühne ver-
