<?xml version="1.0" encoding="UTF-8" standalone="yes"?>
<PcGts xmlns="http://schema.primaresearch.org/PAGE/gts/pagecontent/2013-07-15" xmlns:xsi="http://www.w3.org/2001/XMLSchema-instance" xsi:schemaLocation="http://schema.primaresearch.org/PAGE/gts/pagecontent/2013-07-15 http://schema.primaresearch.org/PAGE/gts/pagecontent/2013-07-15/pagecontent.xsd">
    <Metadata>
        <Creator>prov=READ-COOP:name=PyLaia@TranskribusPlatform:version=2.7.0:model_id=50870:lm=none:date=22_01_2024_20:33</Creator>
        <Created>2023-09-27T14:39:49.192+02:00</Created>
        <LastChange>2024-01-22T20:33:06.371+01:00</LastChange>
        <TranskribusMetadata docId="1589058" pageId="60126133" pageNr="108" tsid="145640079" status="IN_PROGRESS" userId="40391" imgUrl="https://files.transkribus.eu/Get?id=BRRLVCXLAIJQAYHKREWYOSZP&amp;fileType=view" xmlUrl="https://files.transkribus.eu/Get?id=JSHEMCQOUYTBNDJYDYYJCFIW" imageId="48551210"/>
    </Metadata>
    <Page imageFilename="1589058_0108.jpg" imageWidth="3048" imageHeight="3720">
        <ReadingOrder>
            <OrderedGroup id="ro_1711789694418" caption="Regions reading order">
                <RegionRefIndexed index="0" regionRef="tr_1"/>
                <RegionRefIndexed index="1" regionRef="tr_2"/>
            </OrderedGroup>
        </ReadingOrder>
        <TextRegion orientation="0.0" id="tr_1" custom="readingOrder {index:0;}">
            <Coords points="274,404 274,1453 770,1453 770,404"/>
            <TextLine id="tr_1_tl_1" custom="readingOrder {index:0;}">
                <Coords points="261,541 300,547 343,528 364,539 371,532 388,539 399,530 427,530 431,437 412,429 375,433 369,427 340,442 265,442"/>
                <Baseline points="274,513 300,510 326,510 353,509 379,508 405,506 432,504"/>
                <TextEquiv>
                    <Unicode></Unicode>
                </TextEquiv>
            </TextLine>
            <TextLine id="tr_1_tl_2" custom="readingOrder {index:1;}">
                <Coords points="347,741 450,737 491,778 539,739 612,741 659,715 724,739 763,733 761,655 601,675 575,657 534,664 496,638 453,634 397,659 356,642"/>
                <Baseline points="361,728 386,725 412,725 437,725 463,725 488,723 514,723 539,725 565,722 591,719 616,717 642,715 667,712 693,708 718,705 744,700 770,695"/>
                <TextEquiv>
                    <Unicode>E Germann.</Unicode>
                </TextEquiv>
            </TextLine>
            <TextLine id="tr_1_tl_3" custom="readingOrder {index:2;}">
                <Coords points="263,1431 399,1396 470,1407 575,1364 606,1381 659,1368 677,1226 575,1239 405,1140 300,1138"/>
                <Baseline points="280,1403 305,1400 331,1398 357,1396 382,1393 408,1390 434,1388 459,1386 485,1382 511,1380 536,1378 562,1371 588,1365 613,1362 639,1357 665,1352"/>
                <TextEquiv>
                    <Unicode>Rut</Unicode>
                </TextEquiv>
            </TextLine>
            <TextEquiv>
                <Unicode></Unicode>
            </TextEquiv>
        </TextRegion>
        <TextRegion orientation="0.0" id="tr_2" custom="readingOrder {index:1;}">
            <Coords points="910,320 910,3208 2803,3208 2803,320"/>
            <TextLine id="tr_2_tl_1" custom="readingOrder {index:0;}">
                <Coords points="2125,431 2246,416 2258,429 2330,433 2390,459 2394,276 2351,295 2293,297 2269,278 2243,297 2198,293 2183,308 2127,297"/>
                <Baseline points="2137,373 2163,373 2189,372 2215,370 2241,370 2267,370 2293,368 2319,367 2345,367 2371,368 2397,370"/>
                <TextEquiv>
                    <Unicode>N. A</Unicode>
                </TextEquiv>
            </TextLine>
            <TextLine id="tr_2_tl_2" custom="readingOrder {index:1;}">
                <Coords points="1851,612 2108,590 2192,616 2224,595 2302,590 2308,485 2233,515 2164,509 2105,530 2058,504 1929,515 1911,496 1855,500"/>
                <Baseline points="1862,588 1888,586 1914,585 1941,585 1967,585 1993,585 2020,583 2046,582 2072,582 2099,580 2125,577 2151,576 2178,576 2204,572 2230,570 2257,570 2283,572 2310,576"/>
                <TextEquiv>
                    <Unicode>28. I. 907.</Unicode>
                </TextEquiv>
            </TextLine>
            <TextLine id="tr_2_tl_3" custom="readingOrder {index:2;}">
                <Coords points="899,787 1190,750 1280,789 1668,728 1774,771 2043,707 2524,694 2526,618 2435,601 1970,666 1834,623 1500,685 903,692"/>
                <Baseline points="913,743 993,744 1074,741 1155,737 1236,734 1316,734 1397,729 1478,728 1559,721 1639,718 1720,713 1801,711 1882,707 1962,704 2043,701 2124,698 2205,696 2285,693 2366,686 2447,685 2528,683"/>
                <TextEquiv>
                    <Unicode>Auch Schweigen wäre Unaufrichtigkeit.. Ich</Unicode>
                </TextEquiv>
            </TextLine>
            <TextLine id="tr_2_tl_4" custom="readingOrder {index:3;}">
                <Coords points="907,901 2636,817 2638,756 2558,737 2116,743 1937,793 1573,756 1095,828 1004,774 912,782"/>
                <Baseline points="919,871 1005,868 1091,864 1177,860 1263,855 1349,850 1435,850 1522,841 1608,841 1694,838 1780,835 1866,830 1952,827 2038,826 2125,821 2211,817 2297,811 2383,806 2469,803 2555,800 2642,800"/>
                <TextEquiv>
                    <Unicode>muss es, Dir wieder einmal sagen. Seit Jahren</Unicode>
                </TextEquiv>
            </TextLine>
            <TextLine id="tr_2_tl_5" custom="readingOrder {index:4;}">
                <Coords points="1476,976 2427,929 2569,976 2640,963 2644,868 1478,901"/>
                <Baseline points="1489,964 1550,963 1611,961 1672,958 1733,955 1794,952 1855,952 1916,948 1977,946 2038,940 2099,940 2160,934 2221,930 2282,928 2343,925 2404,923 2465,919 2526,916 2587,914 2648,910"/>
                <TextEquiv>
                    <Unicode>verfolge ich Deine Feuilletons</Unicode>
                </TextEquiv>
            </TextLine>
            <TextLine id="tr_2_tl_6" custom="readingOrder {index:5;}">
                <Coords points="2024,998 2036,998 2047,1009 2064,1000 2080,1002 2118,1021 2149,1002 2168,1004 2168,965 2153,963 2133,970 2110,957 2097,953 2088,957 2071,948 2058,948 2034,965 2024,965"/>
                <Baseline points="2036,991 2063,991 2090,992 2118,994 2145,993 2173,991"/>
                <TextEquiv>
                    <Unicode></Unicode>
                </TextEquiv>
            </TextLine>
            <TextLine id="tr_2_tl_7" custom="readingOrder {index:6;}">
                <Coords points="1340,1108 2623,1062 2661,972 1343,1049"/>
                <Baseline points="1352,1095 1417,1090 1482,1084 1548,1081 1613,1079 1679,1073 1744,1068 1809,1068 1875,1065 1940,1065 2006,1061 2071,1056 2136,1052 2202,1048 2267,1047 2333,1045 2398,1044 2463,1041 2529,1038 2594,1034 2660,1030"/>
                <TextEquiv>
                    <Unicode>Edem Wigderstand. Es bräucht nicht-</Unicode>
                </TextEquiv>
            </TextLine>
            <TextLine id="tr_2_tl_8" custom="readingOrder {index:7;}">
                <Coords points="1720,1142 1741,1138 1758,1118 1774,1125 1782,1116 1881,1149 1903,1136 1942,1149 1963,1134 1991,1136 1989,1090 1955,1097 1896,1075 1821,1086 1789,1075 1748,1088 1718,1080"/>
                <Baseline points="1731,1113 1757,1113 1784,1112 1810,1111 1837,1111 1864,1113 1890,1113 1917,1114 1943,1117 1970,1120 1997,1122"/>
                <TextEquiv>
                    <Unicode></Unicode>
                </TextEquiv>
            </TextLine>
            <TextLine id="tr_2_tl_9" custom="readingOrder {index:8;}">
                <Coords points="1271,1226 1918,1235 2013,1185 2558,1164 2530,1088 1276,1151"/>
                <Baseline points="1286,1221 1349,1212 1413,1207 1477,1204 1541,1202 1604,1200 1668,1197 1732,1197 1796,1197 1859,1188 1923,1183 1987,1182 2051,1180 2114,1176 2178,1173 2242,1167 2306,1164 2369,1164 2433,1160 2497,1152 2561,1152"/>
                <TextEquiv>
                    <Unicode>st zu werden, dass auch meinem Ge-</Unicode>
                </TextEquiv>
            </TextLine>
            <TextLine id="tr_2_tl_10" custom="readingOrder {index:9;}">
                <Coords points="899,1287 931,1306 987,1282 993,1291 1047,1297 1080,1103 1039,1110 1011,1125 993,1116 983,1121 981,1114 968,1121 927,1116"/>
                <Baseline points="910,1286 939,1281 969,1277 999,1273 1029,1267 1059,1259"/>
                <TextEquiv>
                    <Unicode>E</Unicode>
                </TextEquiv>
            </TextLine>
            <TextLine id="tr_2_tl_11" custom="readingOrder {index:10;}">
                <Coords points="1287,1392 1498,1384 1638,1325 2349,1291 2500,1325 2493,1205 2028,1228 1916,1274 1291,1280"/>
                <Baseline points="1301,1337 1361,1334 1421,1332 1481,1331 1542,1327 1602,1323 1662,1319 1723,1318 1783,1314 1843,1310 1904,1308 1964,1307 2024,1301 2084,1299 2145,1298 2205,1294 2265,1290 2326,1289 2386,1285 2446,1283 2507,1280"/>
                <TextEquiv>
                    <Unicode>inzelneiten zusager: Dass Du in</Unicode>
                </TextEquiv>
            </TextLine>
            <TextLine id="tr_2_tl_12" custom="readingOrder {index:11;}">
                <Coords points="1321,1515 1442,1461 2185,1452 2317,1409 2575,1448 2580,1362 2291,1332 2200,1377 1812,1355 1629,1405 1327,1377"/>
                <Baseline points="1334,1450 1396,1453 1458,1450 1521,1449 1583,1447 1646,1445 1708,1442 1770,1439 1833,1435 1895,1431 1958,1424 2020,1424 2082,1419 2145,1417 2207,1415 2270,1412 2332,1406 2394,1404 2457,1400 2519,1396 2582,1391"/>
                <TextEquiv>
                    <Unicode>Recht has. Aber als ganzbs ver-</Unicode>
                </TextEquiv>
            </TextLine>
            <TextLine id="tr_2_tl_13" custom="readingOrder {index:12;}">
                <Coords points="1325,1629 2177,1534 2461,1560 2502,1547 2508,1437 2342,1431 2189,1493 1330,1521"/>
                <Baseline points="1340,1579 1398,1575 1456,1570 1515,1570 1573,1567 1631,1566 1690,1562 1748,1558 1806,1554 1865,1552 1923,1549 1981,1545 2040,1543 2098,1540 2156,1534 2215,1536 2273,1532 2331,1525 2390,1527 2448,1525 2507,1528"/>
                <TextEquiv>
                    <Unicode>sie durchaus. Gesinnung und Ton.</Unicode>
                </TextEquiv>
            </TextLine>
            <TextLine id="tr_2_tl_14" custom="readingOrder {index:13;}">
                <Coords points="1284,1789 1636,1690 2552,1657 2524,1577 1655,1649 1571,1610 1293,1623"/>
                <Baseline points="1301,1701 1363,1700 1426,1698 1489,1694 1551,1690 1614,1689 1677,1683 1739,1681 1802,1677 1865,1675 1928,1668 1990,1668 2053,1663 2116,1659 2178,1657 2241,1653 2304,1651 2366,1649 2429,1642 2492,1640 2555,1639"/>
                <TextEquiv>
                    <Unicode>ne nicht mit Dir zu polemisieren</Unicode>
                </TextEquiv>
            </TextLine>
            <TextLine id="tr_2_tl_15" custom="readingOrder {index:14;}">
                <Coords points="1295,1845 2588,1763 2696,1821 2745,1810 2752,1685 2530,1709 2399,1674 2123,1726 1980,1683 1886,1728 1558,1726 1297,1782"/>
                <Baseline points="1307,1830 1379,1823 1451,1818 1523,1815 1596,1811 1668,1807 1740,1802 1812,1797 1885,1794 1957,1787 2029,1785 2101,1784 2174,1782 2246,1775 2318,1772 2390,1767 2463,1762 2535,1758 2607,1753 2679,1749 2752,1740"/>
                <TextEquiv>
                    <Unicode>ich bétone ausdrücklich, dass ich Un-</Unicode>
                </TextEquiv>
            </TextLine>
            <TextLine id="tr_2_tl_16" custom="readingOrder {index:15;}">
                <Coords points="1310,1991 1858,1924 2562,1944 2571,1793 2519,1789 2052,1866 1965,1836 1823,1877 1317,1877"/>
                <Baseline points="1325,1946 1387,1941 1449,1937 1511,1937 1574,1935 1636,1933 1698,1926 1760,1922 1823,1918 1885,1914 1947,1910 2009,1906 2072,1904 2134,1900 2196,1898 2258,1895 2321,1889 2383,1886 2445,1883 2507,1881 2570,1880"/>
                <TextEquiv>
                    <Unicode>en Kant., dass Du sä hlich Recht</Unicode>
                </TextEquiv>
            </TextLine>
            <TextLine id="tr_2_tl_17" custom="readingOrder {index:16;}">
                <Coords points="1312,2090 1696,2101 1763,2056 2327,2013 2560,2039 2564,1944 2429,1931 2032,1937 1927,1998 1317,2000"/>
                <Baseline points="1325,2066 1387,2061 1449,2060 1511,2054 1573,2053 1635,2048 1697,2046 1759,2045 1821,2038 1883,2034 1946,2030 2008,2028 2070,2024 2132,2018 2194,2014 2256,2012 2318,2009 2380,2009 2442,2003 2504,2001 2567,2006"/>
                <TextEquiv>
                    <Unicode>ss Du sogar gut schreihen magst.</Unicode>
                </TextEquiv>
            </TextLine>
            <TextLine id="tr_2_tl_18" custom="readingOrder {index:17;}">
                <Coords points="1353,2230 1440,2187 1825,2209 2032,2149 2099,2192 2575,2118 2754,2159 2761,2056 2685,2034 1825,2125 1711,2093 1504,2127 1364,2080"/>
                <Baseline points="1370,2182 1439,2182 1509,2179 1578,2174 1648,2167 1717,2167 1787,2163 1856,2161 1926,2157 1995,2152 2065,2143 2135,2140 2204,2138 2274,2134 2343,2129 2413,2125 2482,2120 2552,2114 2621,2110 2691,2104 2761,2104"/>
                <TextEquiv>
                    <Unicode>ist möglich. Aber erst in einer fer-</Unicode>
                </TextEquiv>
            </TextLine>
            <TextLine id="tr_2_tl_19" custom="readingOrder {index:18;}">
                <Coords points="1325,2330 1743,2291 2047,2317 2715,2246 2720,2166 1332,2224"/>
                <Baseline points="1340,2310 1409,2308 1478,2300 1547,2296 1616,2291 1685,2289 1754,2284 1823,2280 1892,2273 1961,2272 2031,2269 2100,2263 2169,2261 2238,2256 2307,2254 2376,2248 2445,2246 2514,2244 2583,2239 2652,2236 2722,2236"/>
                <TextEquiv>
                    <Unicode>ft wird das zu entscheiden sein.Und</Unicode>
                </TextEquiv>
            </TextLine>
            <TextLine id="tr_2_tl_20" custom="readingOrder {index:19;}">
                <Coords points="916,2386 935,2383 961,2401 1015,2388 1056,2392 1082,2377 1125,2392 1155,2381 1155,2261 1108,2252 1082,2265 996,2211 957,2213 916,2233"/>
                <Baseline points="928,2319 953,2321 979,2322 1005,2322 1031,2321 1057,2319 1083,2320 1109,2322 1135,2324 1161,2322"/>
                <TextEquiv>
                    <Unicode></Unicode>
                </TextEquiv>
            </TextLine>
            <TextLine id="tr_2_tl_21" custom="readingOrder {index:20;}">
                <Coords points="1603,2360 1664,2345 1756,2358 1782,2345 1871,2351 1871,2325 1806,2323 1782,2308 1771,2321 1726,2310 1685,2325 1603,2297"/>
                <Baseline points="1615,2337 1640,2340 1666,2343 1692,2343 1718,2343 1744,2343 1770,2344 1796,2346 1822,2344 1848,2342 1874,2340"/>
                <TextEquiv>
                    <Unicode>e 2</Unicode>
                </TextEquiv>
            </TextLine>
            <TextLine id="tr_2_tl_22" custom="readingOrder {index:21;}">
                <Coords points="1347,2455 1480,2478 1786,2411 2797,2368 2799,2325 2694,2297 1961,2310 1584,2375 1355,2321"/>
                <Baseline points="1361,2427 1433,2426 1505,2424 1577,2419 1649,2414 1721,2409 1793,2405 1865,2400 1937,2395 2009,2393 2082,2386 2154,2380 2226,2376 2298,2376 2370,2372 2442,2364 2514,2361 2586,2355 2658,2353 2730,2350 2803,2349"/>
                <TextEquiv>
                    <Unicode>keine Zeit das abzuwartenr Bas</Unicode>
                </TextEquiv>
            </TextLine>
            <TextLine id="tr_2_tl_23" custom="readingOrder {index:22;}">
                <Coords points="1028,2616 1347,2627 1532,2552 1950,2569 2179,2513 2345,2545 2470,2493 2646,2517 2687,2431 1875,2444 1508,2498 1254,2452 1101,2521 1034,2500"/>
                <Baseline points="1041,2567 1123,2567 1205,2564 1288,2559 1370,2553 1453,2550 1535,2542 1617,2537 1700,2531 1782,2531 1865,2522 1947,2519 2029,2510 2112,2506 2194,2501 2277,2496 2359,2489 2441,2488 2524,2485 2606,2480 2689,2478"/>
                <TextEquiv>
                    <Unicode>Wesentlichs ist nur, dass Du und ich eo ift</Unicode>
                </TextEquiv>
            </TextLine>
            <TextLine id="tr_2_tl_24" custom="readingOrder {index:23;}">
                <Coords points="1009,2720 1138,2745 1304,2689 1349,2717 1933,2642 2039,2694 2207,2625 2269,2670 2446,2661 2592,2636 2599,2524 2375,2573 1761,2552 1452,2627 1013,2629"/>
                <Baseline points="1021,2695 1104,2693 1187,2688 1270,2683 1353,2675 1436,2669 1519,2666 1602,2658 1685,2654 1768,2650 1852,2644 1935,2639 2018,2636 2101,2630 2184,2625 2267,2621 2350,2614 2433,2609 2516,2606 2600,2600"/>
                <TextEquiv>
                    <Unicode>wie zwei fremde Welter einander gegenüher</Unicode>
                </TextEquiv>
            </TextLine>
            <TextLine id="tr_2_tl_25" custom="readingOrder {index:24;}">
                <Coords points="1011,2862 1627,2780 1758,2821 2144,2748 2605,2761 2612,2661 2177,2666 2114,2705 1776,2668 1649,2726 1278,2761 1019,2717"/>
                <Baseline points="1024,2815 1103,2812 1182,2809 1262,2806 1341,2798 1421,2792 1500,2784 1579,2779 1659,2773 1738,2766 1818,2763 1897,2758 1976,2755 2056,2747 2135,2742 2215,2737 2294,2734 2373,2729 2453,2725 2532,2721 2612,2716"/>
                <TextEquiv>
                    <Unicode>stehen. Dass unser Verhältnis zu dem, m.s</Unicode>
                </TextEquiv>
            </TextLine>
            <TextLine id="tr_2_tl_26" custom="readingOrder {index:25;}">
                <Coords points="1013,2961 2569,2873 2692,2842 2696,2771 2573,2799 2429,2761 2045,2825 1886,2795 1793,2836 1679,2799 1537,2875 1429,2832 1017,2888"/>
                <Baseline points="1024,2937 1107,2933 1191,2927 1275,2921 1358,2916 1442,2910 1526,2905 1609,2899 1693,2894 1777,2890 1861,2885 1944,2883 2028,2869 2112,2866 2195,2860 2279,2855 2363,2849 2446,2847 2530,2842 2614,2839 2698,2833"/>
                <TextEquiv>
                    <Unicode>heute gesagt, gedacht, geschrieben wird, in</Unicode>
                </TextEquiv>
            </TextLine>
            <TextLine id="tr_2_tl_27" custom="readingOrder {index:26;}">
                <Coords points="1006,3082 2461,2998 2631,2976 2638,2879 1657,2980 1521,2944 1312,3000 1013,2972"/>
                <Baseline points="1021,3060 1101,3061 1182,3054 1263,3047 1344,3039 1424,3036 1505,3028 1586,3025 1667,3018 1747,3012 1828,3006 1909,3001 1990,2998 2070,2988 2151,2987 2232,2985 2313,2979 2393,2974 2474,2967 2555,2963 2636,2961"/>
                <TextEquiv>
                    <Unicode>den wesentlichster Purkter völlig von ein-</Unicode>
                </TextEquiv>
            </TextLine>
            <TextLine id="tr_2_tl_28" custom="readingOrder {index:27;}">
                <Coords points="1019,3209 2586,3112 2592,3019 2332,2995 2116,3058 1532,3058 1118,3138 1026,3105"/>
                <Baseline points="1033,3185 1111,3182 1189,3174 1267,3168 1345,3161 1423,3156 1501,3149 1579,3145 1657,3140 1735,3135 1813,3129 1891,3123 1969,3122 2047,3111 2125,3110 2203,3106 2281,3101 2359,3097 2437,3093 2515,3089 2594,3084"/>
                <TextEquiv>
                    <Unicode>ander verschieden ist. Wir sind vor fünf</Unicode>
                </TextEquiv>
            </TextLine>
            <TextEquiv>
                <Unicode></Unicode>
            </TextEquiv>
        </TextRegion>
    </Page>
</PcGts>
