3096 3800
311 497 485 671 Ent
471 444 681 633 Aler
1077 700 2401 872 In der Tragikomödie „Das weite
724 841 2561 1015 Land“ wurde es übel vermerkt,dass die vor-
724 956 2386 1135 kommenden Personen durchaus Nichtstuer
729 1094 2534 1266 seien,ein von dem Autor dadurch verschul-
731 1202 2647 1419 deter. Findruck, dass das Stück im Sommer auf-
733 1369 2551 1536 dem Lände spielt,wo die Leute eben selten
745 1479 2413 1658 dazu kommen ihren Beruf auszuüben. Der
736 1627 2551 1796 Dichter ist nun auf die feine Idee gekom-
748 1739 2589 1923 men seiner Komödie eine Reihe von lebenden
748 1873 2620 2054 Bildern vorauszuschicken, ih denen die wich-
760 1959 2506 2186 tigsten Personen innerhalb ihres Berufest
762 2104 2599 2291 vorgeführt werden. Wir werden den Wüstling
750 2233 2632 2417 Hofreiter in seiner Fabrik sehen,Glühlamper
774 2351 2647 2558 verfertigend, mit Streikenden verhandelnd
760 2484 2484 2666 und einen alten Buchhalter schonungslos
769 2609 2620 2819 zur Türe hinauswerfend. Wir sehenr. Mau-
769 2742 2577 2950 er in seinem Ordinationszömmer auskultie-
774 2881 2647 3048 rend und perkutierend; den Aussarenleutnant
772 3000 2692 3213 stanzides Rekruten abrightbn, den Marineoffi-
786 3124 2601 3337 zier Otto v. Aigner mit einem ynterseeboot
