2920 3768
635 615 2151 804 tellung des Grundtens verwendet werden.
589 784 2514 952 cht aber meinen Sie, das Fritik auch so weit gehn.
257 895 2502 1084 dürke. Dann blälbt noch immer die Frage ungelöst, was den
240 1032 2331 1238 Redakteur einer Zeitschrift, die ihren Legern ein so
220 1141 2517 1344 grotoskgs Lerrbind eines Autors vorsetzt dazu veranlassen.
286 1290 2382 1524 kann diesen selben Autor immer wieder zur Mitarbeiter
295 1487 2434 1667 schaft aufzufordern. Ich weiss wirklich nicht wer sich
289 1570 2465 1805 in einem solchen Fall mehr lücherlich machen würde, der
300 1762 2508 1922 Gast, der immer wieder irgendwo eintritt, wo er vom un-
275 1888 2428 2062 torgeordneten Fersonal so übel empfangen wird, oder der
292 2013 2482 2196 castgeber, der den übel behndelten Gast zum Wiederkommen
277 2139 2474 2322 auffordert. Was ich also wünsche können Sie aus den vor-
306 2242 2377 2468 vergehenden Zellen wohl  ersehn. lassen Sie in
835 2397 1010 2482 dent
303 2405 2543 2600 ihrer Zeitung was inner; das Ülbernste, das Verlogenste,
312 2528 2568 2757 aber behalten sie doch wonigstens den guten Geschnek mich
263 2643 2400 2863 nheht immer wieder zur Mitarbeiterschaft aufzufordern.
