3000 3704
663 606 2372 825 Dase dteges Gesprich im Hause meiner Lutter
444 761 2704 946 stattfand. marauf Du besondered Gericht zu legen scheinst
444 893 2563 1084 ist für meine Auffaasung se Balanglas als es in ierem
449 1030 2468 1213 Fritheren Fall die Weisberger Weidlandschaft gewose.
441 1165 2462 1325 18t. Und enn ich mir die ruhige, fast heraliche Art
449 1289 2499 1451 In Erinnerung zurückrufe, in der wir uns im Vorktrrer
985 1415 1435 1505 poneenanden
441 1412 2577 1603 mneiner mutter verauschledet haben, so scheint mir Deine
444 1541 2574 1690 Betanung des unrletzten Grstrachtes btel einr Suille-
449 1668 2586 1856 tonenpatmfishen Ardgungen iüra Enteteineng du ver-
444 1800 2426 1996 danhen als änentaner Uebgranigung. Jedenfulls cher
441 1940 2538 2128 mdcnle ich nasteinl« bemarhen, dess Jang oben sttierten
438 2052 2586 2243 Verauche die Winarerriche Auacton Namnen privatan und
444 2181 2541 2350 affentlicher Aaug-eringen aufzuhlären von Dir hefrich-
455 2308 2465 2516 ren und nicht van mir und ühirdies hatanan, dass ich
444 2434 2611 2636 salbt den Grunt diaser Wicarapr icho state ulol weniger
446 2600 2549 2760 in etwaigen Aungah Dainae mansnllichen Wesens eia in
452 2695 2499 2883 kelchen Demar kritischen Begabung erblicht habe. Rs
446 2836 2636 3007 ist mit nicht unangenetn, dass ich bescheidenen Aratfeln
444 2951 2476 3116 in diener Rechtung sohon vor vieden Jahren, lang ste-
427 3077 2532 3282 Die zu öffentlichen Kauareringen über mich Gelegerheit
994 3226 1199 3310 eines
427 3212 2580 3448 nattost aus Anlass Detner ersten Hauftmannseutldetene
446 3380 2443 3551 brieflichen Ausdruck gab. Und. so darf mir wohl ge-
