3400 4408
820 1293 3019 1574 aus diesem Grande ein Widerspruch zwischen Privat-
817 1451 3123 1669 briefen des Kritikers und der von ihm veröffentlich-
834 1600 2962 1789 ten Kritik,so trifft die Veratwortung nicht den
832 1720 3108 1936 Kritiker, sondern den, der es versucht, dessen Privat
832 1878 2171 2030 briefe gegen ihn auszuspielen.
1070 1973 2839 2174 Im Vebrigen aber habe ich angesichts, der-
840 2085 3005 2320 Briefkopien und der Kritik, die beide hier vor:mir
843 2208 3011 2466 liegen,mit aller Entschiedenheit zu erklären: Die
866 2366 3108 2555 Briefe loben nicht nur das Stück, sondern sie s pre-
863 2509 3017 2716 chen auch bereits die Einwendungen aus, die, meiner
866 2638 3040 2827 Ansicht nach, dagegen zu erheben sind. Die Kritiki
880 2747 3040 2962 tadelt nicht nur das Stück, sondern lässt ihm auch
1712 2885 3040 3042 ing zuteil werden, die es, meiner
1712 3002 1895 3097 rrdeen
880 2925 1723 3094 alle jene Anerkannu
883 3008 2945 3240 Ansicht nach, verdient. Es besteht höchstens in
883 3134 2971 3358 der Nuance einiger Ausdrücke, aber im Wesen kein
900 3246 3017 3470 Widerspruch zwischen den Briefen und der Kritik.
900 3407 2959 3607 Und den Vorwurf, den Du gegen mich erhoben hast,
898 3530 3100 3731 dass ich als Freund wie als Kritiker meine Pflicht
909 3642 3108 3885 gegen Nich vergessen habe, weise ich mit Entrüstung
909 3848 1417 4032 zurück..
