2904 3528
645 327 1157 502 Seltekichet
520 561 1157 703 28.6. Boatrice,
528 647 2459 820 Zwiespältiger Findruck. Einige partien l. Akt
523 779 2487 949 vieles im 3. ersten Rangs, dann manches Epigä-
518 911 2532 1078 nelezäusserlich Shakespearistörend, auch die
518 1053 2555 1205 Verse ur kich, nach solchen von schönstem Flux
510 1165 2515 1322 stolpernde, Schlegelsierende. Das Grundproblem
2269 1269 2553 1378 1hm.
525 1292 2421 1469 aber von einer Eigenart, die heute kaum noch
523 1439 2494 1599 gespürt wird und die geziehung Herzog-Dichter
533 1558 2499 1698 von starker Nurzel, tiefer Bedeutung. Auch die
535 1685 2499 1845 Boatrivehätte Dauerchance, die Figur,wenn das
523 1840 1292 1987 stück sie hättes
