3016 3784
465 650 2569 872 Ueberdis stimmt der Vorwurf nicht-völlig für den
447 787 2516 1015 „Reigen", wie die Betrachtung der einzelgen Sze-
441 967 864 1078 ne lehrt.
399 1057 2500 1245 103 Dass im „Reigen“ der Liebesakt zehümal hin-
447 1186 2497 1387 tereinander auf die Bühne gebrächt wird, das ist
418 1345 2545 1533 eben das Stück. Die zehmalige Wiederholung macht
439 1445 2093 1636 die Angelegenheit nicht ur ittlicher.:
441 1599 2410 1768 l1. Wenn es der Kunst überhaupt verwehrt sein-
423 1728 2415 1905 sollte auf die Sinne zu wirken,selbst im ganz
433 1834 2534 2045 rein sexuellen Betracht, müsste man einen grossen
425 1987 2458 2132 Teil auch hoher Kunstwerke aus der Welt. schaf-
418 2101 2365 2296 fen oder mindestens der Oeffentlichkeit ent-
418 2243 2019 2405 ziehen. (Auch ctatuen und Bilder).
415 2357 2394 2537 12. Wenn der Staat wirklich verpflichtet ist,
396 2505 2312 2677 die Menschen vor sinnlichen Anfechtungen zu
412 2642 2384 2812 schützen, so versäunt er diese Pflicht hundert
410 2767 2521 2933 taus ende Male, nicht nur dadurch, dass er die Der-
410 2872 2510 3086 stellung von Stücken, insbesondere also des „rei-
378 3049 1089 3168 gen" gestattet.
396 3126 2463 3324 13. Die Aufführungsmöglichkeit des „Reigen" ist
394 3277 2296 3467 eine rein aesthetisch-dramaturgische Fragd.
