3000 3800
444 578 2203 760 schwinden, denen gegenüber die sittliche
455 718 2345 867 Entrüstung, die gerade anläslich des Reigen
465 833 2345 1017 sich so überlaut zu gebärden wusste, blind.
463 1004 1764 1107 taub und stumm geülieben ist.
841 1075 1617 1146 Erbleiben etr ein nirt
1385 1125 1648 1183 ciulen
804 1096 2300 1278 Die Gründe,warum geräde der Reigen
468 1233 2345 1391 zu den lächerlichsten Aufführu Aufregungen
2324 1243 2702 1422 einaut
1924 1328 2279 1422 gne kan
457 1370 2568 1564 und Skandalen inlass gegeben hat stiegt, wie te &
179 1488 2171 1685 dihegn odermann weiss, zum geringsten Teil auf
471 1606 2363 1790 künsllerischem, zu einem sehrkleinen Teil im
465 1732 2361 1903 sittlichen, zum grössken Teil auf sozusagen
478 1864 2447 2045 politischem Gebiete. Morfauet die OtafteP
452 2003 2366 2198 testen Geguer werden am Iude zugestehen müs-
447 2140 2413 2305 sen, dass am Ende nicht fehr geschehei konnte,
463 2255 2358 2411 ab dass man allerortef Gerichte und Behör-
460 2379 2219 2581 den um die angdk endgitige Klarstellung
463 2524 2392 2708 des Sachverhaltes befüht-hat. Und da es stch
460 2650 2284 2839 erwies, dass überall/ wo man der ingelegen-
465 2765 2355 2968 heit mit Ruhe und fachlichkeit zu behandeln
471 2878 2353 3097 verstand, die sittfichg Ungefährlichkeit des
463 3041 2326 3215 Reigen bestätigt fwurde, so glaube ich wohl
1464 3386 2482 3588 u iie mit solcher Rut-
