3000 3800
538 606 2497 837 rüber die Meinungen geteilt sind, allzu billig
505 751 2409 922 wäre es sich auf das Urteil von sogenannten
533 882 2530 1085 Fachmännern, zu berufen, das positiv ausgefallen
520 1023 2430 1209 ist, und die utachten von Sachverständigen
515 1151 2384 1327 bingen uns um keinen Schritt weiter, ob sie
518 1284 1766 1442 günstig ausfallen oder nicht.
492 1397 2512 1603 Es Iet kein Zweifel,dass es auch unter den er-
482 1538 2364 1736 bitterten Cegnern der „Reigen“-Aufführungen
472 1653 2324 1842 durcheus ehrliche und gutgläubige gibt und
470 1804 1038 1967 wir kommt es.
1055 1799 2344 1992 ja eben daräuf an,gerade diese
467 1940 2462 2108 zu überzeugen, dass sie, verwirrt durch allerlei
460 2035 2387 2271 Schlagworte, die Frage unrichtig gestellt und
462 2181 1942 2374 darum unrichtig. beantwortet haben.
