3368 4360
2624 1113 2863 1300 protit
1092 1176 1318 1402 In 102
1951 1262 2957 1412 ucht der Leutnant/all dem
1775 1250 1915 1473 30.
1199 1392 1527 1527 aszüneich
1885 1364 2720 1532 es gelingt ihm nicht:
2103 1455 2916 1654 schliesst wie folgt:
1206 1511 1565 1659 junstrio
1755 1509 2009 1641 Schönh.
1359 1633 1681 1775 ach zehn
1953 1610 2911 1770 spielt er ( der Leutnant
1727 1610 1928 1781 anrer
1600 1760 1819 1872 einem
1854 1717 3005 1892 Frenlufttheater mit und seine
1641 1854 1814 1974 16
1714 1803 3012 2017 es die Situation in der Dichtung
1115 1946 3048 2184 gehietet genau d. der Stellung und in der Berücke
1115 2062 3157 2301 auf, wis er sie vor Jahren schon sah. Es überwältigt
1118 2228 2619 2398 ihm und der Schrecker hat ihn getötet.
1115 2324 3066 2543 Jedes. Wort ist falsch. Der Leutnant selbst, wird,
1130 2421 3073 2677 wie es die Situation der Dichtung vorschreibt auf
1138 2573 3010 2771 einer Fahre als Sterhendehereingetragen und die
2522 2677 3028 2840 sinkt at der
1138 2677 2499 2921 Gräfin Saima, die seinerfrau spielt
1146 2809 3000 3025 Seite des G wordeten wieder. Der Mätenspieler
1146 2936 2979 3145 des Orchesters, der der Leutnant auch in jenem
1153 3058 3066 3279 Spiegelbild vor hehn Jahrei gesehen, stürzt sei-
1158 3162 3139 3388 ner davonfliegerden Ferücke nach aufs Theater, der
1163 3294 3005 3508 Loutrant stürzt vielleicht aus Schrecken, dann
1181 3432 2614 3635 erst kommt seine Frau auf die Bühne.
