3000 3768
584 631 2591 803 mit dem Werk als solchen nichts mehr zu tun ha-
586 769 2638 943 ben: (Sriel,Kleidung,Verschiedenes in der Insze-
579 907 2677 1061 nierung),sewie von der Disposition des Publikums-
586 1014 2406 1194 6. Wenn das rhema des: „Reigen", das sexudle
592 1152 2515 1342 Problem, an sich verletzend wirkt, so ist das
592 1316 2497 1441 schon hunderte Male vorher geschehen, auch in
594 1444 1394 1551 schlimmèrer Weise.
2228 1457 2494 1577 wollen
599 1553 2515 1710 7. Wenn man nur jene Stücke aufführen würde,
589 1658 2559 1832 welche das Publikum ausschliesslich aus künst
605 1783 2593 1960 leri chen Cründen besucht, müsste man nicht nur
605 1942 2575 2101 wörtlose, sondern auch wertvolle Stücke vom Re-
610 2098 1355 2234 pertoir absetzen.
599 2163 2591 2369 8. Menn es tadelnswert ist;von Stücken Tantie-
599 2307 2622 2502 men zu beziehen,die das Publikum auch aus ander
607 2452 2695 2638 ren als aus rein künstlerischen Gründen besucht,
602 2554 2666 2770 so müssten die Autoren meistens auf ihre Tantie-
607 2734 1272 2877 ien verzihten.
607 2823 2533 3039 9. Dass im „Reigen“ die rein sinnliche liebe
594 2982 2624 3156 oder überhaupt nicht die eigentliche liebe,dar-
623 3052 2627 3281 gestellt wird, ist ein Vorwurf, der tausende von
607 3240 2145 3425 anderen stücken gfeichfalls trifft.
