3064 3816
354 505 664 758 t. L.
2427 598 2742 813 2
2210 730 2413 843 dest
1576 730 1908 840 erichent
406 758 2586 958 der Figuren uktl gelungen vorkommt, oder indem ich
409 911 2487 1079 mich selbst insbesondere von der Gestaltung der
414 1051 2446 1216 Hauptfiguren durchaus befriedigt erkläre, damit
2284 1147 2770 1254 will iit annd
1515 1153 1872 1238 beeeren
442 1158 2528 1307 ist natürlich gar nichts gesagt. Immerhin glaube
1227 1290 1452 1370 cecin
445 1309 582 1381 m
439 1298 2580 1460 ieh, dass auch sie die Vorzüge der Chärakterschil-
1567 1408 2064 1521 genigt und
727 1414 1372 1526 in meierFlich pie
428 1430 2610 1628 derung durekaus anerkennen,wie könnte es bei einen
404 1567 2578 1716 Delbstschaffenden auch anders sein,dass sich also
434 1672 2369 1875 Ihr Missvergnügen auf den-ethischen und rein
442 1814 2440 1993 menschlichen Gehalt der Figuren beziehen kann.
428 1946 2468 2130 Und hier muss ich mich fragen,ob Sie nicht von
436 2072 2605 2248 einer gänz seltsamen und vorgefassten Meinung aus-
439 2191 2580 2399 gehen. (Sehen wir uns doch einmal die Leute an;die
434 2309 2610 2512 ich schildere und blickey wir dann im Kreis herum
431 2460 2619 2632 wo im modernen deutschen Drama die Figuren zu fin-
434 2575 2638 2772 den sind, die an innerem Gehalt der von mir geschil-
431 2715 2624 2904 dorten gesellschaft so sehr den Rang ablaufen,das
439 2841 2473 3058 gerade meine Figuren als besonders nichtig und
428 2954 2572 3157 wertlos hingestellt werden dürften.). Ich habe im
428 3066 2506 3305 Mittolpunkt meines Stücks einen Fabrikanten, der
447 3231 2525 3434 gewiss kein Nichtstuer ist, einen vortrefflichen
