2872 3464
621 396 2375 594 Deue Piroler Stimmen, Innsbruck, 30. März 1915.
592 612 1150 727 Stadttheater.
631 663 2534 859 Gyges und sein Ring in fünf Axten von Fr. Hebbel.
631 795 2471 964 Es sähe fast so aus, als wollte unsere Theater-
629 925 2500 1125 leitung den moralischen Faustschlag, den sie mit
631 1045 2471 1255 der Aufführung des MMatol ausgeteilt hat,durch
643 1172 2444 1394 Gyges und seinen Ring wieder gut machen, wenn
641 1304 2495 1514 nicht auf den Ankündigungen auf den Theaterket-
638 1456 2534 1673 teln zu ergehen wäre, dass sie eine Wiederholung
643 1548 2610 1776 des Faustschlages vor hat, während erst abzuwarten
651 1707 2373 1915 ist, ob auch Gyges und sein King wiederholt
658 1869 2480 2030 werden wird. Aber geselzt den Fall, dass man
648 1967 2615 2126 Hebbels Tragödie, wie zu hoften ist,nicht schlech-
663 2104 2539 2285 ter behandalt, als Schnitzlere Pornographie, muss
665 2231 2424 2427 auf die Eigentümlichkeit des Verfahrens hin-
675 2356 2468 2547 gewiesen werden, das da eingeschlagen wird. Es
683 2485 2478 2674 geht doch nicht an, dass man einem heute schön-
675 2591 2586 2816 tut, um ihm morgen eine Ohrfeige geßen zu können.
1037 2752 1194 2833 man
670 2735 2595 2923 oder dass sihm nach jeder Ohrfeige schön tut, de-
683 2847 2610 3077 mit er sich nicht beklage. Auf unsern Fall über-
685 2975 2649 3195 tragen heiset des. Das Schweigey über die Schnach
