2968 3592
759 533 2432 735 . er (lder Feutlletonist der Neuen FrefenP
1798 645 2509 754 des der neue mutig
575 685 1801 807 se 1)x befürchtet, ist, d
567 701 2621 882 Mann des Burgtheater ((Millenkorich)) es wagen könn-
583 775 2501 946 te sich nicht mehr dem Diktat der gewissen Wiener
583 836 2642 1020 Journalistenclique zu beugen und das Purgtheater von
597 908 2648 1068 der Vorherrschaft der Herren Hügo Wittmann und Felin
589 967 2507 1124 Salten, des Herrn Arthur Schnitzler und Raoul Auer
586 1034 2608 1199 heimer, des Herrn Hans Müller und seiner Freunde und
597 1097 2469 1252 Gesinnungsgenossen zu befreien?:.....Natürlich
589 1159 2485 1337 wird Hofrat v. Millenkorich Könner wie A.S, nicht
602 1191 2658 1401 ausschliessen wollen,er wird aber vielleicht nur den
639 1303 2597 1460 Jungen Medardus“ und den "Grünen Kakadu annehmen
1825 1359 2573 1446 "Weite Land“, des-
599 1390 1811 1518 und ein Ehebruchsstück wie das
607 1382 2752 1588 sen Haupttiguren ausnahmslose aus der Gegend des Franz
602 1537 2046 1699 Josefs-Qual stanmen, nicht einlassen.
1103 1977 2816 2152 Die "iberale" Hetze gegen Hofrat Millenko-
1103 2070 2517 2243 vich, Ostdeutsche Rundschau,8.5.1917
