3016 3784
2077 255 2232 416 13
494 650 2285 838 Teil ausserhalb des Werkes selbst liegen:
447 763 2554 980 21. Was die mögliche Schädigung der materiellen
2457 913 2757 1019 n
483 916 2712 1088 Gesundheit anbelängt, so kann sich dieser Vorwurf
491 1077 2590 1249 nur darauf beziehen, dass bei gewissen Zuschauern
472 1205 2429 1366 durch Beiwohnen einer Aufführung des „Reigen!
475 1310 2463 1510 der sexuelle Drang zur Betätigung gräzt wird.
472 1441 2476 1635 Diese Betätigung an sich kann auch von staats-
461 1574 2354 1755 wegen nicht als unsittlich angesche werden,
461 1702 2488 1888 aus Gründen, die nicht erst näher betont werden
439 1863 788 1996 müssen.
469 1960 2349 2146 22.Es könnte geschehen,dass jemand nach der
458 2124 2524 2288 Besichtigung der Titianischen Venus. im direkten
464 2229 2501 2371 Zusammenhang damit sich eine schwere unheilbare
461 2363 2471 2524 Krankhe it: zuzieht, und es könnte der Fall sein,
461 2479 2515 2651 dass nach einem Besuch des „Reigen" ein Ehepäar-
450 2618 2476 2807 ganz legitim den zukünftigen Coethe, vielleicht
672 2721 1091 2812 chen inttichtige
453 2779 1508 2921 sogar/Ludendorf erzeugt.
441 2879 2582 3043 23. sämmtliche Einwürfe, die gegen die Aufführung
439 2990 2507 3184 des „Reigen" erhoben werden, selbst wenn sie als
436 3132 2543 3295 solche berechtigt wären, müssten gegen eine ganze
436 3257 1893 3456 Fülle von anderen erhoben werden.
