3032 3768
2137 225 2322 360 a.
2402 468 2533 591 1
601 796 2533 988 dass ich vertlose Menschen, wie manche Kriti-
576 943 2505 1154 ker behaupten, in meinen Schriften mit beson
618 1099 2472 1296 derer Vorliebe bkhandls, dass übehaupt per-
618 1194 2487 1411 zentuell die Zahl der nötlosen Merischen in
631 1359 2535 1539 meinen Herkengrösser sei als in den Merken
621 1474 2585 1667 anderer zeitgenössischer Autoren, ist unrich-
633 1609 2640 1792 tig,aber die Frage selbst ist vorerst auf ihre
638 1729 2528 1924 Berechtigung hin zu untersuchen. Man einige
656 1869 2645 2060 sich zuerst über den Begriff: vertloser Mensch
648 1992 2580 2182 ke gibt sezial vertlose und ethisch vertlose
646 2132 2593 2332 Menschen. Dass der wertvolle Mensch a priori.
651 2255 2593 2467 ein würdigeres Objekt des Kunstwerks sol als
633 2380 2452 2595 der vertlose wird sich nicht ohne weiters
661 2518 2540 2730 behaupten lassen. Kein Mensch wird leugnen,
658 2638 2515 2848 dass beispielsweise ein steuerbeanter oder
666 2775 2598 2975 irgend ein beliebiger Arbeiter ein vertrolle
628 2898 2475 3126 res Exemplar für das soriale betriebe vor-
678 3021 2590 3228 stellt, als beispielsweise ein Indiriduun wie
666 3151 2563 3383 Felstaff oder vielleicht auch Casanoke. Ist
666 3248 2683 3491 deshalb der baavere Steuerbeante ein würdigen
