3000 3704
552 644 2601 832 nung isüsses Mädel" ihr Castrecht in der deut
590 769 2512 952 schen Sprache gewonnen hat), unter dessen Fi-
603 911 2527 1079 guren nicht sofort wieder mit einer Art von
606 1028 2522 1222 Freudengeheul dassüssqädel agnosziert wird.
590 1181 2563 1362 Für diess Agnoszierung genügt vollkommen, dass
588 1308 2568 1474 das betreffende Wesen unverheiratet ist. Ihre
598 1433 2586 1608 sonstigen Eigenschaften und Schäcksale kommen.
601 1552 2604 1751 nicht im geringsten in Betracht. Und nicht nur
601 1698 2632 1873 die Schlager-Mizi,die ja ein wohlakreditierte
606 1820 2504 2000 Recht auf diesen Kose-oder Spotthamen bean-
603 1927 2593 2107 spruchen mag, auch die Johanna Wegrad,im „Ein-
608 2074 2601 2257 samen Weg“, die Anna Rosner im „Weg ins Freie“,
624 2201 2474 2395 ja, man möchte es nicht für möglich halten,
608 2306 2611 2532 auch die Prinzessin Helene im „Jungen Medardis
611 2446 2484 2670 sind fron joser Fritikals süsse Mädeln be-
639 2591 2621 2774 grüsst worden. Wie also die Männerwelt in Ana-
636 2700 2581 2901 tols und Homosexuelle,so zerfällt die weibli-
616 2845 2560 3034 che in süsse Mädeln und verheiratete Frauen,
636 2995 2601 3171 selbstverständlich nur bei Betrachtung meiner
621 3082 2637 3319 Merke; und wären manche von ihnen unterkseude
