3368 4392
846 1213 2914 1539 zeichnet. Du hast darüber hinneggelesen, und von
841 1457 2813 1651 meinen Briefen nur behalten, dass ich Dich mit
846 1594 2991 1758 Grillparzer verglichen habe. Das ist bezeichnend-
846 1728 2481 1914 aber nicht für mich,sondern für Dich.
1030 1857 2865 2021 In meinen Briefen habe ich Dich gelobt.Und
860 1988 2922 2177 in meiner Kritik? In meinen Briefen steht:„Seit-
857 2092 2906 2276 GriIlparzer hat man auf dem Wiener Theater sol-
863 2243 2878 2427 che Verse nicht gehört“. In meiner Kritik: „In
857 2372 3007 2544 der Form wenigstens zeigt Schnitzler sich als ein
860 2498 3054 2678 würdiger Schüler der Meister (der Klassiker), denen
865 2624 2846 2802 er nacheifert.Dass Schnitzler diese Form sich
863 2752 3002 2944 anzueignen vermochte, deutet auf eine künstleri-
2451 2851 3133 3026 den deufschen-
860 2892 2490 3056 sche selbsterziehung hin,die man bei
863 3013 2950 3191 Autoren der Gegenwart selten findet; es ist ein
865 3136 2867 3319 weiter, nühevolterehrenvoller Neg vom „Anätol!
871 3248 3018 3454 bis zum „Schleier der Beatrice“, das Drama spricht
863 3377 3065 3582 namentlich in seinen Versen - wohllautenden Versen
871 3522 2977 3714 von wienerischer Neichheit - eine vornehme Spra-
868 3651 3035 3826 che.“ An einer anderen stelle wird von „prächti-
871 3777 2922 4020 gen Versen gesprochen, die dann ritiert werden.
