2952 3720
2363 456 2496 621 12
841 558 2467 762 kann als sich mit ihr zu identifizie.
837 751 2399 891 ren, die N.R. Ist es, in deren Verlag
841 855 2525 1028 eine Anzahl mehr oder minder repräsen-
841 992 2431 1122 tativer österreichische Dichter ihre
846 1127 2521 1289 Werke veröffehtlich haben. Es wäre na-
841 1280 2350 1410 türlich geschmacklos, wenn die N.R.
967 1367 1653 1462 rieit antanidie Beel
832 1374 2523 1545 darum für die Betreffenden Dichter Re-
843 1516 2388 1660 klame machen würde. Und man kann es-
823 1626 2469 1783 sogar als ein Zeichen besonderer Vor-
837 1768 2514 1916 nehmheit und Objektivität ansehen, dass
841 1871 2647 2037 gorade einer, ich darf es wohl sagen, der
843 2024 2525 2197 repräsentatirsten daterreichischen Au-
843 2177 2399 2318 toren niehtwar ohne jede Rücksicht-
834 2291 2559 2453 auf seine Zugehörigkeit zum Verlag,een
1280 2417 2395 2582 petene ven de mstorten
843 2453 1286 2604 dis
837 2539 2390 2672 Thortorititer) mit ganz besonderer
843 2683 2453 2845 Rücksichtslosigkeit und Respektlosig-
843 2804 2519 2937 keit behandelt wird. Ja, da er sich die-
2260 2894 2442 2984 letite
834 2935 2431 3056 ser Kritiker,,wie ich aus seinentRe-
1102 3038 1502 3139 über die R. v. 1
837 3067 2478 3209 feraten im „rag“ entnehme, ohneweiners
837 3175 2559 3371 den Nlachköpfen zugesollt hat, die plgb.
