3032 3768
336 445 716 632 20./1211911.
602 594 2412 796 Kleinigkeiten,vielle icht Kleinlichkeiten?
604 741 2578 945 ohne die wird's nicht abgehen. Im Ganzen wird
594 875 2387 1072 es aber doch nichts Kleines gewesen sein.
602 1004 2446 1206 Die winzigen Gemeinheiten,de fast nur der
584 1144 2461 1338 Einggeweihte merkt und die der, der sie voll-
589 1270 2521 1477 führt, abzuleugnen imstande ist. (wodurch sie
577 1395 1494 1556 nicht kleiner werden)
572 1499 2031 1696 Vielk icht ist das Wort zu stark.
567 1656 2364 1827 Spitzbübereien, Schäbigkeiten, zuweilen nur
562 1760 2491 1947 Nachlä sigkeiten,die aber. immer ohne Müte zu
557 1912 2561 2101 vermeiden waren und vermieden wörden wären.
549 2039 1668 2245 menn Gefahr gedroht hätte
