3000 3768
2118 300 2280 369 .
974 600 1401 724 steie nun
558 665 2397 834 kuns twerk(hohen oder niederen Ranges) nicht
569 810 2402 963 ausschliesslich aus künstlerischen Gründen
567 924 2404 1086 interessiert, obder Halr oder Autor dann
1484 1034 1613 1110 irt
419 1044 746 1122 mordict
567 1067 2380 1217 een verpflichtet wäre se in Werk zurück
569 1201 2440 1348 zuziehen. Entschliesst mans ich diese Frage
1058 1282 2099 1389 erkleit von iu pleit, des
569 1329 2387 1484 mit einem Ja zu beantworten, so) mürsten die
569 1453 2306 1615 meisten Theater und die meisten Galärien
1939 1489 2554 1627 muntei, de 8
562 1580 2402 1749 unverzüglich geschlossen werden,dem stets
574 1713 2361 1875 ietes nur, ein verschwindend kleiner Teil
569 1813 2359 1982 desPublikung, der den Darbietungen ein an
572 1982 2478 2120 deres als,ein rein stoffliches Interesse ent
1229 2068 1575 2161 Bestünde.
577 2104 2337 2275 gegenbringt. Besteht aber die lleinung zu
572 2220 2349 2402 re cht, dass Merke, ob künsllerisch wertvoll
565 2342 2282 2506 oder nicht, die ihrer Natur nach auf die
574 2475 2316 2656 grosse Meuge sinnlich erregend zu wirken
572 2597 2402 2771 Imstände sind, von de öffentlicher gesichti
579 2740 2459 2909 gung auszuschliessen oder öffentlicher Dar-
572 2871 2378 3031 stellung zu entziehen sind, so müsste, wie-
574 3000 2447 3173 kaum erst näher auszuführen werden braucht,
572 3119 2382 3288 mit den Reigen rusteich aus den spielplan
579 3245 2492 3431 eine beträchtliche Anzahl anderer stücke ver
