3048 3816
1011 468 1650 650 treitestand
1851 525 2371 750 19.10.1911.
1036 780 1672 938 Lieber Freund.
750 916 2496 1120 Ihre beiden Feuilletons sind sehr schön,
446 1074 2504 1305 nur scheinen sie mir beide in ein und demselben
440 1188 2553 1436 Punkt ein erhebliches Misverständnis zu enthal-
457 1321 2640 1522 ten, das allerdings zu tief geht,um eine Diskussio
459 1463 2520 1707 darüber als aussichtsvoll erscheinen zu lassen.
457 1607 2496 1811 So will ich denn einfach meinen Standpunkt dem
468 1762 1707 1903 Ihren gegenüber, feststellen.
761 1816 2634 2085 sie behaupten, dass Ihnen die Leute, die ich
470 1966 2654 2199 in meinem neuen, Stück geschildert habe, allzu wert
465 2107 2629 2371 los und nihtig erscheinen. Ich fräge nun vor al-
478 2227 2417 2488 lem, ob es sich hier um eine ästhetische oder
487 2365 2580 2591 ethische Wartung handelt. Fassen sie die Wertung
487 2466 2632 2746 im ästhetischen sinne, so können sie damitnur mei-
484 2610 2602 2882 nen, dass meine Figuren nicht genügend gestaltet.
495 2760 2556 2953 nicht lebendig geworden sind; und diesen Vorwurf
492 2866 2596 3113 müsste ich, da ich der nichter,also Partei in der
492 2985 2607 3254 Sache bin, ohne Widerspruch hinnehmen.Denn damit,
489 3129 2607 3390 dass ich andere leute zitiere, denen die Mehrzihl
