2920 3736
758 524 2357 730 Nichts charakterist, ischer(für alles
764 661 2395 867 mögliche) als folgende Notiz der Köl-
758 786 2419 987 nischen Zeitung lnicht der Kölnischen
788 927 2281 1101 Volkszeitung, sondern der sozusagen
794 1056 2376 1230 freisinnigen kölnischen Zeitung), die
788 1172 2412 1378 sich zugleich mit Schönherr, Bahr und
796 1320 2384 1470 mir befasst,undrd die in der letzten
798 1449 2457 1616 Zoit durch viele Blätter geht,mit Ver-
794 1582 2251 1788 gnügensauch von solchen abgedrukt
807 1702 2348 1878 wird, die sich gebärden, als wenn sie
807 1816 2395 1998 eigentlich anderer Ansicht wären, und
811 1932 2518 2146 deren Schlusssätze ich statt jedes nei
818 2082 2451 2254 teren kommentars wörtlich hiehersetzen
818 2206 2372 2393 möchtes„ Glaubt jemand ernstlich in
828 2322 2554 2528 Deutschland heute noch an die Ueberlegd
831 2462 2524 2668 heit jener sogenannten österreichischen
837 2593 2545 2779 kultur, sei es nun Theater oder Kunstga
833 2719 2387 2927 werbe? Oder sind nichtl gerade jene
848 2855 2511 3007 letzten Dokumente eines Wiener Litera-
854 2960 2470 3172 tentums (Schönhörrs Heibsteufel)Dokn-
850 3078 2524 3277 ment des Wiener Literatentums) und je-
841 3232 2543 3428 ner viol zu sehr gezächteten Geekbäck
