3416 4408
1016 1237 2954 1433 Deine Urteile über meine kritische Tätigkeit
810 1371 2938 1583 häben mich also nie von Dir abgestossen; und ich
810 1527 2943 1701 war fest entschlossen,trotz alledem eine Freund-
818 1645 2980 1877 schaft zu erhalten, die nun schon mehr als zwanzig
829 1765 2985 1988 Jahre alt ist und von der, so sehr mir auch inner-
841 1899 3086 2125 lich entfremdet sind,doch ein warmes- und herzliches
824 2047 2781 2214 Gefühl für Dich bei mir zurückgeblieben ist.
1047 2156 2999 2379 Nun aber hast Du in unserer letzten Unterre-
832 2273 2929 2508 dung im Hause Deiner Mutter in Deinen Angriffen-
838 2407 3013 2647 gegen mich eine Grenze überschritten, die Du nicht-
855 2547 3058 2720 überschreiten dürftest. Von meinen Fähigkeiten als
849 2678 3013 2899 Krütiker darfst Du sagen,was Du willst. In dieser
849 2787 3063 3030 Unterr dung aber hast Du es versucht,meineEhre an-
857 2941 3063 3164 zutasten. Und diesen Versuch muss ich mit der äus-
857 3061 3091 3264 sersten Schärfen zurückweisen. Selbst eine zwanzig-
885 3214 3024 3418 jährige Freundschaft gibt Dir nicht das Recht zu
863 3304 3024 3558 einer Sprache, die Du in jener Unterredung Dir he-
863 3446 2999 3686 rausgenommen hast,gegeh mich zu führen. Das kann
868 3586 3002 3787 und werde ich nicht dulden) Und es ist unerhört,
871 3686 3038 3935 es ist eine der bittersten Erfahrungen meines le-
