2904 3768
2191 525 2570 721 och lern
1766 552 2055 726 Huber
2357 693 2529 844 10.
1197 733 1486 897 Dukos.
1669 857 2353 1042 die Hüene de
1352 1005 2466 1135 alt mir Ihfen Arttkal aus, The
1301 1139 2466 1276 e Hand, in dem Ihr Artikel über
906 1230 2348 1352 h enthalten ist.Es ist imAllgemeinen
883 1345 2510 1514 cht meine Gewohnliait auf Abhandlungen oder
966 1486 2651 1643 iken zu antiorten, die sich mit meiner Person
2110 1574 2281 1653 ever
1068 1574 1472 1657 irdo tha
774 1632 2582 1770 befassen.Deilte man es inmer jun, wenn nen Ar-
1558 1745 2619 1847 sich gegen falsche Auffas-
772 1752 1532 1914 lass zu haben glauk.
1433 1874 2459 2034 der Oberflächlichkeiten zu
779 1861 1239 2039 sungen, Irrti
2404 1962 2575 2045 mit
1262 2015 1482 2126 me man
1518 2025 2547 2168 bald zu nichts anderens und
763 2006 975 2147 wehre
763 2129 2621 2295 benialte am Ende doch immer Unrecht,weil man ja
763 2240 2621 2425 doct don Krittker oder Gegner das letzte Wort
763 2392 2531 2542 überlassen müsste, dessen Beruf es M. ist feh-
760 2505 2519 2669 ler anzustreichen und Einsendungen zu machen.
1613 2596 2297 2679 außer in temte
751 2646 2533 2815 während unsereiner doch nock etwe anderes i
763 2764 2517 2924 un mtnämlich seine Werke zu schreiben.Wern
763 2875 2459 3062 ich dissmal von einer Gewohnheit obgehe, die
765 3012 2526 3183 ich fast schon als Frinzip begeteinen könnte.
767 3136 2561 3319 so liegt der Grund darin, dass es mir ärgerlich
763 3261 2531 3467 ist nach länger Leit in einem fremien Land, in
