3432 4408
821 1208 2983 1544 Buch aufzunehmen, bin ich nicht verpflichtet; und
852 1456 2989 1629 ich habe sie nicht aufgenommen, aus: Rükksicht auf-
844 1555 3110 1736 den rreund, über dessen Werk sie ungünstig urteilte.
855 1691 3077 1877 In einem eigentümlichen Lichte erscheint mir heute-
841 1815 3060 2007 diese Rücksicht auf den Freund,der Briefe von mir,
864 1939 3130 2159 in denen ich vielleicht bestrebt war,ein herzliches
864 2083 3003 2266 freundschaftliches Empfinden mit der Wahrheit in
867 2210 2859 2408 Einklang zu bringen,heranzieht,um damit meine
864 2354 2238 2532 Charakterlosigkeit zu beweisent
1219 2456 3048 2659 Es fehlen mir also für den Fall der „Le-
883 2605 3048 2789 bendigen Stunden“ alle Dokumente und ich bin auf
867 2735 2865 2930 me in Gedächtnis angewiesen. Dieses Gedächtnis
889 2865 3082 3077 sagt mir, dass ich mich, nach der Vorlesung im Walde
886 2969 3091 3161 zu Welsberg, über die Stücke lobend geäussert habe.
883 3088 3093 3322 Als ich sie uaur auf der Bühne sah und ihre Schwä-
889 3215 3057 3429 chen klar erkannte, habe ich dem Ausdruck gegeben.
889 3359 3026 3576 Me in kritisches Gewissen fühlt sich durch diesen
895 3506 2997 3697 „Widerspruch“ nicht im mindesten belästet. Denn.
892 3633 3110 3819 Stücke sind nicht dazu da, im Walde vorgelesen, son-
898 3740 3057 3997 dern aufgeführt zu werden; und jedes vor der Auf-
