3096 3800
403 466 601 619 aber
754 669 2766 824 manövrierend, seine Mutter, die Schauspielerin,
769 784 2610 944 sich in der Gärderobe zur Maria Stuart an-
759 894 2550 1105 kleidend, den Bankier. Natter auf der Börse
754 1047 2593 1210 Aufträgeerteilend und in Empfang nehmend;
769 1160 2485 1313 sogar Erna Wahtsehen wir im Begriffe
764 1310 2508 1488 eine Klavierlektion zu nehmen, natürlich
772 1438 2643 1576 bei einem jungen Meister, den das. verderbte.
777 1556 2445 1751 junge Geschöpf in ihre Netze zu ziehen.
772 1759 1110 1854 sucht.
1280 1766 1430 1921 ferer
1050 1811 2630 1971 Da übendies die Erklärung des Hote-
769 1931 2653 2139 liers Aigner die Seele sei ein weites Land
772 2059 2545 2252 so aufgefasst wurde, als leugne der Autor-
774 2182 2635 2370 das Bestehen jeder Kausalität im Weltlauf,
774 2337 2588 2487 um sich von der leidigen Pflicht dramati-
777 2435 2465 2630 scher Mötivierung zu entlasten;wird in
784 2588 2548 2776 der Pause zu vom dritten zum vierten Akt
777 2713 2633 2931 der Regissaar in einem lichtvollen Vortrag
779 2846 2638 3051 auseinandersetzen,dass der Hotelier Aigner
782 2988 2628 3166 hit seinem leichten-geistreichelnden Apho-
789 3109 2643 3309 risma nichts anderes gemeint hat,als dass
794 3269 2608 3437 die Menscher im Allgemeinen nicht gewohnt
