3032 3720
435 515 1864 802 /5.191. Als Beispiel für Fälschung.
682 755 2564 947 Iven Kruse in den Hamburger Nachrichtéh an-
672 880 2429 1074 lässlich. „Anatol"; Sieht inen Beweis der
665 1029 2546 1199 geringen Gestaltungskraft des Autorsdarin,
1259 1124 1627 1219 derailige
652 1137 2581 1319 dass er immer eee kleine Szenen schreibt:
652 1272 2504 1444 Zitiert, Anatol" und, Reigen, erwähnt noch die
640 1387 2631 1587 Existenz von Liebelei, alles übrige wird glatt
640 1532 1277 1682 unterschlagen.
635 1647 2439 1852 Und hätte doch ohne grosse Mühe alles er-
627 1807 2566 1984 wähnen und einfach als mislungen bezeichnen
627 1939 2634 2079 können, da wäre der Dolus niht so leicht nach
625 2044 977 2179 weisbar.
