2904 3720
919 756 2454 909 Was mein Verhältnis zur N.R. anbe-
969 921 2508 1031 langt,so wünschte ich sehr, dass Sie
971 1047 2020 1190 es nicht missverstünden.
959 1188 2418 1318 An der Schätzung, die Sie und Bie-
957 1290 2424 1412 mir entgegenbringen, (muss ich das
953 1449 2558 1575 erst sagen) zu zweifelh,wäre lächer-
959 1565 2544 1675 lich, dazu müssten Sie nicht erst als
955 1663 2502 1828 Bewels anführen, dass ich immer-wie-
951 1818 2498 1944 der zur Mitarbeiterschaft aufgefor-
959 1962 2492 2099 dert werde;denn da ich zu den phid-
951 2052 2490 2213 lich bekannten Autoren gehöre, werde
953 2189 2498 2343 ich immer wieder auch von Redakteu-
963 2315 2458 2476 ren und Verlegern zur Mitarbeiter-
957 2446 2424 2588 schaft eingeladen, die mich sicher
965 2584 2420 2727 viel weniger schätzen als Sie und
955 2727 1453 2867 Bie es tun.
