3032 3704
339 2632 543 2777 Und
596 633 2534 837 allerldt nir Nichtigeres, enthielt, nichts Ge-
601 770 2497 956 naueres berichten konnte, an der Universität
604 908 2528 1104 inscribiert ist, wenn er nicht gar schon Kon-
604 1051 2531 1210 zipient oder Sékundararzt ist. Soll ich noch
606 1189 2478 1356 von den Gestalten in meinen Einaktern spre-
604 1311 2497 1472 chen? Dem armen Journalisten Rademacher, dem
590 1440 2486 1604 Bohemien Eilbert, den Komödianten und Halun-
606 1573 2489 1739 ken aus der Schenke im „Grünen kakadu“ (die
606 1713 2581 1882 dort der nichtstuerischen Aristokratie gegen-
598 1866 2441 1970 übergestellt sind), dem wohl auch nicht mit
585 1946 2716 2123 Glücksgütern gesegneten Puppenspieler Werklin„
604 2089 2528 2240 Oder sieht man schon ohnedies, dass sehen ein
1988 2168 2716 2303 vortroster Asuil
601 2192 2396 2377 verdammt guter Wille dazu gehört, um jenes
604 2343 2579 2507 letzten Schlagworts nur für etwas leichtfertig.
606 2457 2571 2610 aber doch wehigstens guten Willens zu halten?
604 2602 2534 2783 sieht man niekt, dass genau das gegenteil von
590 2724 2497 2899 dem wahr ist, was jenes Schlagwort unter die
598 2843 2454 3037 leute zu bringen sucht? und dass esshiesse
596 2989 2544 3177 nuf ein gefälschtes Weltbild vom Dichter zu.
601 3132 2616 3301 verlangen, wenn man ihm untersagte unter seinen
