2904 3624
423 438 2426 691 wohlwollen en sinne(als Kinostück bezeichnet.
634 605 1051 712 ofler ihr
428 660 2439 827 Bereite einige ate sollte der „Medardus" ver-
430 790 2499 950 fölml werden, aber erst die vorjährigen Verhand-
410 921 2489 1096 lungen mit der Sache brachten den Plan zur Rei-
412 1033 2434 1242 fe und zur Ausführung. Ich habe damals mehreroin
399 1182 2366 1354 kefiobesprechungen beigewohnt und auf die In-
399 1304 2384 1490 wandlung meiner dramätischen listorie ineinen
402 1458 2377 1597 Film einen, wenn auch begcheidenen, Einfluss ge-
391 1552 2457 1758 nommen. Den Aufnalmen wohnie ich nicht bei, doch
1224 1667 1393 1764 Walg
391 1693 1004 1839 besicht,te i
1179 1696 2431 1834 las alte Wien, das die Archi-
394 1826 2418 1980 lekten der Sascha. auf, dem Taerberg in so künst
386 1954 2408 2129 voller heise wieder habensorstehen lässen. Der
381 2079 2379 2259 Rexissour kerteszhat mir schonbei andérentele-
383 2212 2416 2382 genheiten, insbesondere durch seine Boherrschung
423 2332 2358 2512 der Masgen, seine Unermüdlichkeit und Energie
370 2473 2345 2656 nicht wenig imponiert.kan führt mir heute den
360 2583 2304 2794 Filr nicht zum ersten Malmie -ie wissen, ich
350 2737 2444 2911 habe ihn auch schon in früheren stadien geschen,
402 2870 2340 3034 doch schiene es mir unangenessen, da ich doch
360 2974 2304 3128 ein gewisses Recht habe nich als Mitautor zu
352 3120 2327 3297 fühlen, mich in posilivär oder negativer Heise
