3016 3784
2074 283 2274 379 n
2074 399 2599 631 Auf 1922
665 468 1441 653 (Euder K. F. O.
1146 574 1858 712 niht abgero
448 655 2348 823 Mit Vergnügen lag ich die geitreihen und
461 783 2437 941 so weit sie meine Porson betreffen allzu lie-
559 894 2318 1067 lbenswürdigen Bemerkungen, die Sie an die
579 1018 2382 1222 eyentuelle Wiederaufnahme des Reigen be-
581 1175 2407 1343 züglicha Brief knüpfen. Ich möchte nur in
579 1306 2338 1439 aller Bescheidenheit ein oder das andere
586 1424 2284 1606 klärie Mi sverständnis aufhellen, zu der
579 1540 2491 1717 mäin Brief an nir. Bernau leider Anlass gege-
579 1685 1564 1840 ben zu haben scheint.
594 1801 2466 1988 Vor allem lag es mir ganz forue nachdem die
589 1959 2390 2139 Behörde das Aufführungsverbot aufgehoben,
594 2084 2469 2254 aus eigener Machtvollkommenhät, wie Sie, sehr
594 2240 2378 2402 geehrter Herr Redakteur annehmen, ein Auf
581 2331 2422 2520 führungsverbot erlassen zu wollen, vielmehr
579 2493 2476 2656 habe ich nur meine Einwilligung zur Wieder-
579 2604 2309 2772 auf nahme der Reigen-Vorstellungen davon
577 2735 2392 2927 abhängig gemacht, dass die Behörde dek von
594 2863 2390 3043 ihr durch Aufhebung des Verbots de facto
586 2979 2402 3163 erbassenen Aufführungsbewilligung den nö-
594 3119 2434 3306 tigen Respokt zu verschaffen wisse und ich
581 3245 2506 3430 habs meinerseits einenviel zu grossen Res-
