2840 3576
517 449 2410 587 erst nach dem Jahre 1914 oder gar erst nach
524 563 2321 741 1918 abgof iolt hätte. Im Allgemeinen sind
522 724 2367 881 ja nicht gerade die jenigen Werke vor allen
502 850 2439 978 anderen lebendig geblieben, die zurf Zeit ih-
517 985 2458 1104 rer Entstehung oddr ihres Erscheinens aktuell
1724 1092 1920 1154 seiner
517 1118 2417 1256 gewesen sind, und nicht von ier augenblick-
1983 1220 2355 1297 einem Werke
514 1253 2427 1406 lichen Aktualität hängt es ab,ob esrbestimmt
510 1377 2393 1517 AIAxiEx ist, das Herko sich eine kürzere
514 1509 2415 1657 oder längere Zeit über ihr Entstehen hinaus,
558 1630 2410 1797 jung erhalten.Und unterallen Einwendungen,
497 1761 2379 1918 die man,wie ich nicht zweifle, inxmeiner ge-
500 1903 2340 2058 gen meine Geschichte von dem unbedeutenden
505 2033 2253 2183 Infante rieleutnant Kasda wird vorbringen.
490 2159 2338 2304 können; - den Verwurf, dass sie sich vor dem
500 2282 2289 2437 Krieg, ja Cam die men de unseresJahrhunderts
493 2415 2330 2582 und sogar vor Einführung der Kronenwährung
1930 2509 2207 2594 keinem
497 2541 2367 2690 ich zugetragen hat, werde ich in fedem Fall
633 2635 1579 2717 einen kunstlerischen Vener
485 2669 1963 2838 als den giptlicheten empfinden.
