3064 3816
283 493 800 690 Mict u Licht
477 638 660 816 l
978 540 1693 762 Tochler der Hersp
889 716 2573 856 der/Helen- von Valois oder-des Marquis-
875 837 2605 1020 deRibaud gelingen lassen,so hätte ich
884 992 2526 1144 mich wtich gegen den Geist der Ge-
898 1118 2594 1265 schichte versündigt und hätte die jenige
882 1237 2601 1406 crenze t überschritten, die der Phan-
889 1378 2636 1506 tasie des Dichters bei Behandlung histe
900 1473 2535 1663 rischer Stoffe gesetzt ist. (In diesem
884 1630 2605 1784 Falle hätte auch der Vergleich des fran-
884 1747 2547 1911 zösischen Kritikersdeine Abrechtigten,
802 1892 2484 2014 Spitze besessen. Das aber,was ich im
1955 1990 2201 2074 falq iet
884 2035 2542 2187 Medardus gewagt habe, verstosst in kei-
877 2152 2547 2301 ner Weise gggeft die Atmosphäre der da-
870 2283 2463 2428 maligen Zeit und gegen den Geist der-
868 2397 2425 2514 Geschichte. Es gab damals Attentate
858 2545 2467 2692 und Verschwörungen und zwar mehr von
872 2647 2538 2816 beiden als selbst bis zum heutigen Tag
863 2788 2617 2952 in die offiziellen Geschichtsbücher über.
870 2912 2570 3092 gegangen ist. Ja, ich wage zu behaupten,
858 3045 2540 3185 dass das segamente kistorische Gefühl
655 3181 2535 3387 nid spadher Zünktler Durch das Bekanntner-
1116 3321 2226 3539 in ihren teoloigefult
