2952 3736
834 626 2593 802 Hier muss ich vielleicht ins Allgemeine-
856 766 2543 913 re gehen.Es ist Ihnen gewiss nicht un-
858 887 2372 1062 bekannt, dass ein gewisser Teil der
856 1012 2564 1183 norddeutschen Presse seit jeher gegen-
848 1134 2529 1316 über der österreichischen, insbesondere
848 1277 2494 1441 der Niener Prodaktion,einen anmassli-
863 1386 2573 1568 chen überheblichen Ton anzuschlagen be-
872 1531 2560 1702 liebt, der zum Teil im Wegen der Kritik,
865 1629 2518 1835 zum andern aber in einem gern geübten
861 1783 2547 1949 Missverstehen des östörreichischen und
865 1888 2466 2105 Miener Wosen nach § der Rlchtung hin
858 2037 2501 2218 begründetsist. Daran sind zum rotl ge-
1145 2166 1288 2271 Mar
863 2183 2431 2345 wiss die Wiener Korrespondenten und
865 2319 2464 2435 Kritiker selbst daren schuld, die ihr
872 2420 2518 2613 eigenes Nest zu bespucken lieben, Sub-
878 2545 2639 2748 jekte, die selbst nichts können, Renegaten
883 2742 1329 2871 von Beruf.
