3000 3784
2270 439 2406 620 11
439 599 2387 804 14. Dass keine absolute Notwendigkeit für die
434 748 2403 974 Aufführung des „Reigenbesteht ist kein ernst
439 873 2369 1072 zu nehmaler Vorwurf,es werden täglich in der
460 974 2547 1216 fanzen Melt hunderte Stücke aufgeführt, für deren
458 1120 2366 1347 Darstellung keinerlei künstlerische Notwendi
460 1341 1054 1493 keit besteht.
474 1347 2459 1621 15. Dass der Autor selbst das Stück früher für
482 1525 2430 1746 anEEAXX nicht aufführbar gehalten hat, spricht
484 1663 2552 1882 ke ineswegs gegen die Aufführungsmöglichkeit Hun-
474 1767 2616 2001 derte Malewurden Stücke für aufführbar gehalten,
487 1892 2451 2129 die sich später als nicht aufführbar im Sinne
495 2017 2581 2254 von nicht wirksam, peinlich oder sogar arfreizend
503 2150 2510 2427 erwiesen haben.Andererseits erweitert sich be-
514 2283 2496 2515 la nutlich der Kreis der aufführbaren Stücke, je
516 2411 2448 2677 nach der Ppoche, dem stand der theatralischen
532 2544 2571 2816 Mögli chte iten, den Interesse des Regisseurs u.s.
543 2802 2499 3031 16. Es ist zweifellos, dass in Uebergangszeiten
535 2903 2595 3188 Experineute gemagt werden dürfen, die zu anderen
532 3058 2031 3335 Zeiten bedenklich scheinen können.
