3368 4408
1354 1325 2977 1515 Bei Lothar trennen, was er ist und was er-
1367 1464 3015 1646 schreibt, kann es vielleicht in anderm Sin
1367 1574 3060 1749 bei Hofmannsthal, wieder in anderm bei Ful-
1369 1699 3154 1875 da, gerade bei mir kann man es nicht: Ich hin,
1367 1814 3067 1991 was wieder die Zukunft zu entscheiden haben.
1369 1937 3177 2122 wira, vielleicht ein niederträchtiger Dichter,
1378 2052 3114 2247 aber ich bin eir Dichter-und kein Litexrrat.
1383 2166 3022 2386 Und übernehme die Verantwortung so gut für
1387 2288 3121 2499 den Reigen, wie für den einsamen Weg,“ für
1385 2416 3159 2656 den blinden Geronimo, wie für die Ferta Far-
1396 2550 3107 2748 lan u. s. w. Natürlich weigs ich sehr gut,
1396 2667 3105 2880 dass mir Kormal einiges mehr, aderes minder
1345 2813 3134 2995 gelungen ist und verstehe ohne weiters, dass
2429 2907 3210 2972 e   eih  aedan senhe
1405 2950 3134 3132 auch jemand der mich schätzt, das eine oder
1410 3051 3152 3262 das andre meiner Werke zuwider ist. Aber ich
1417 3179 3179 3368 pssreite es, dass irgend ein Mensch, der pei-
1430 3284 3044 3475 nah zu keinem dieser Merke ein Verhältnis
1439 3424 3051 3599 zu finden imstande ist (urdfihren Gehalt
1444 3507 3150 3727 nicht sprer heisst für michikein Verhältnis
1455 3648 3231 3857 zu ihren finden/ zu mir persönlich in irgend
1502 3792 3253 4003 einem wirklichen Verndinis zu stehen imstande
