3080 3848
2126 508 2558 701 Auf 192
711 500 1506 701 (Ordu. K. T. O.
1221 584 1923 787 mit abgero
488 714 2347 895 Mit Vergnügen lab ich die gei treihen und
505 831 2475 1052 so weit sie meine Persen-betreffen allzu lie-
1189 974 2352 1150 : Ekungen, die Sie an die
1376 1109 2433 1248 Faufnahme des Reigen be-
1368 1273 2421 1410 üpfen. Ich möchte nur in
1373 1383 2369 1540 git ein oder das andere
1373 1498 2315 1668 lnis aufhellen, zu die
1371 1626 2514 1805 Bernau leider Anlass gege-
1378 1761 1599 1893 nt.
1491 1852 2472 2067 genz forne nachden die
1381 2023 2403 2200 rungsverbot aufgehoben,
1378 2158 2470 2330 Aikommenhät,wie Sie, sehr
1376 2266 2335 2472 kteur annehmen, ein Auf
1376 2406 2423 2578 assen zu wollen, vielmehr
576 2509 2462 2720 habe ich nur meine Einwilligung zur Mieder-
571 2673 2298 2847 aufnahme der Reigen-Vorstellungen davon
569 2818 2381 2965 abhängig gegacht, dass die Behörde ded von
571 2933 2367 3088 ihr durch Aufhebung des Verbots de facto
569 3041 2376 3232 erlassenen Aufführungsbewilligung den nö-
554 3171 2403 3353 tigen Respekt zu verschaffen wisse, und ich
562 3299 2443 3512 habs weiderseits eingnviel zu grossen Res-
