2856 3576
299 652 450 749 iher
845 598 2375 744 Es hükfe mir nichts, wenn ich es zu
556 744 2434 882 vershwaigen suchte: Diese Geschichte spielt
544 855 2385 1028 in der Vorkriegszeit, in d einer Vorkriegs-
531 991 2432 1119 welt, in einem gesterreich, das heute in sei-
539 1105 2493 1243 ner politischen und gesellschaftlichen Struk-
536 1241 2424 1433 tur kaum mehr oder doch behr erheblich ver-
526 1369 2390 1549 andort exigtiert. Es gibt kein 99iger Regi
521 1480 2409 1663 ment wehrs gibt keine österreichische Of-
539 1651 2330 1794 fiziersgesellschaft, die im Caféhaus einer
526 1740 2513 1925 Sommerf rische Karten spielt.Konsuln,Theater-
524 1881 2395 2021 sekretäre, Schauspieler,alternde Sonderlinge
521 2029 2447 2182 und Blugenmädchen sind allerdings noch nicht
531 2155 2311 2291 vok Erdboden verschwunden und do meit sie
512 2293 2286 2439 noch vorhanden sind dürften sie in ihrem
507 2414 2281 2575 lebensgefühl und ihren lebensäusserungen
514 2536 2456 2701 sich von den vonsuln; Theatersekretären, Schau
494 2671 2464 2835 spielern,alten sonder ingen und Blümenmädchen
497 2795 2308 2975 von 1914 oder 1900 nicht erheblich unter-
477 2946 2338 3119 scheiden; und auch junge leute, ganz von der
