3080 3800
385 471 731 626 Gataber
812 712 2692 881 Tode führen, werden nicht sichtbar, die Frie-
772 858 2695 1003 densglocken nicht hörbar und die Exekution
846 991 2551 1151 findet in solcher Entfernung stätt, dass
810 1099 2671 1280 auch auf den ordinären Effekt der Gewehrs-
834 1245 2556 1407 salveverzichtet wird. Man kann nun den
841 1383 2573 1546 Einakter auch als Einleitungsszene-zum-
848 1510 2613 1663 „Anatol" geben, umso eher als: die Kritik-
855 1610 2623 1811 ja. stets " hervorghoben hat, dass Medardus
836 1775 2592 1897 eigentlich niena nd anderer, ist als jener
1870 1858 2429 1952 keines heuisten
829 1921 2554 2064 bekannté Lebemann, und wieranden wird es
846 2016 2683 2179 Wunder nehmen,wenn in dieser neuen Fassung-
843 2128 2635 2296 „Medardus", der ja ohnehin ein Schwächlung
841 2269 2587 2437 ist, die Begnadigung von Mapoleon dankbar
829 2453 1448 2582 entgegennimmt.
