3080 3832
615 509 829 619 Jich
349 522 589 727 Mirt:
483 613 727 808 led
836 608 2548 834 beeinflusst hätte, dass der dreissigjäh-
1295 697 2412 853 einen aude tiglors jeuemie hollet.
860 749 2550 955 rige Krieg anders ausgefalten wäre. Hat
868 890 2529 1093 es jemals einen Marquis Posa gegebern,
866 992 2531 1232 der den Köhig Philipp um Gedankenfrei¬
881 1130 2492 1370 heit gebeten und ist könig Phflipf de
890 1251 2505 1461 einen zugehblick schwankend geworden?
892 1414 2485 1606 von der vollkommen lègendären Art, in
903 1511 2641 1730 die Erhebung der Schweiz in Milheln tell
916 1645 2630 1877 dargestellt ist, will ich hier gar nicht
929 1780 2555 2000 reden, weil diese Epoche schon zu weit.
929 1890 2672 2137 hinter uns Tiegtsobzwar in einen höherni
946 2016 2641 2241 Sinne nicht einzusehen ist, dass das ki-
950 2165 2568 2379 stoptsche Gefühl durch erkundene Tat-
963 2262 2691 2498 sachen des Jahres 1809 schwerer verletdt
968 2403 2464 2630 werden sollte als durch solche des
974 2626 1578 2771 Jahres 1500.
