3112 3768
2110 266 2326 429 1a.
504 539 1162 745 Watlen bende
581 777 1353 919 Ob jekt der Kunst?
588 874 2470 1085 Und nehmen wir au, der produktive Mensch, der
598 1033 2507 1174 bedeutende enoch sei an sich eigewürdigeres
583 1142 2358 1333 Ob jekt als der nicht produzierende; - nie
596 1259 2540 1455 leicht hat es der Futor irgendeine seiner
601 1393 2445 1569 Figüren als einen produktiven Menschen äus-
1291 1532 1559 1614 facliort
598 1519 2569 1725 zugeben, einfachsdass er es von ihm behauptet.
956 1656 2530 1847 Zweihllos ist ethisch wertvoller für
603 1765 2599 1979 die Allgemeinheit ein tüchtiger Arzt,eventuell
598 1916 2547 2100 auch ein Pastor, ein Mohltäter als irgend ein
616 2038 2378 2232 Individuum, das Eigenschaften einer Franz
621 2160 2438 2348 Moor oder eines Richard lll. zeigt.Trotz-
611 2326 2517 2485 dem wird niand leugnen, dass künstlörisch be-
606 2430 2572 2626 sehen Franz Moor eine wertvolere Persönlich
618 2567 2423 2721 kei derstellt, als irgend ein Doktor X,von
1234 2696 1472 2778 Bilgers
621 2696 2599 2875 dem in einem Roman behauptet wird, dass er mit
623 2815 2470 2996 Aukopfrung seiner Gesundheit Hinderten das
631 3006 1472 3180 leben gerettet hat.
921 3086 2574 3264 MoralanWerturteile und soriale Einrel-
628 3180 2463 3413 hungen, die der Fritäker auszusprechen be-
643 3324 2631 3575 liebt, haben also als künstlorische Nokturtoik
