3096 3800
2492 411 2653 572 190.
774 656 2648 840 In einer Besprechung meines Novellethes Dänmer-
784 792 2679 968 seelen gehauptet der Kunstrichter Schönhof meine
774 930 2704 1111 Novel le die Weissagung nachzuerzählen und besorgt
761 1052 2316 1210 dies auf folgendesWeise. Er berichtet.
810 1165 2600 1331 Ein beleidigter polnischer Jude und Taschen-
787 1292 2638 1476 spieler hat sich an angetrünkenen Offizieren in
774 1433 2546 1583 einer galizischen Garnisonsstadt bitterlichst
774 1532 2784 1716 gerächt. Vor den üherhitzten jungen Leuten lässt er
774 1668 2549 1839 in phantastischen Spielgelhildern die Zukunft
776 1800 2638 1966 erscheinen. Einen nervösen Leutnant bewegt die
766 1943 2046 2066 Prophezeihung besonders lebhaft.
771 2035 2602 2212 Folgendermassen verhält sich die Sache in Wirk.
771 2178 1147 2324 lichkeit.
799 2263 2853 2444 Der polnische Jude ist nicht beleidigt worden, denkt
761 2408 2664 2587 nicht daran sich zu rächen, sondern wird von ei-
771 2508 2584 2704 nem Frinzen, der dem Regimente angehört einge-
771 2646 2595 2781 laden seine Taschenspieler künste im Kasino zu
756 2748 2671 2939 zeigen. Er lässt keine Spiegekwilder erscheinen.
774 2878 2671 3054 sondern macht Kartenkunststücke, hypnotische Ex-
776 2998 2600 3169 perimente und weissagt aus der Stand. Nur einem
771 3133 2610 3317 Leutnant, (der übrigens nicht nervüs ist) und der
