3016 3704
997 548 2065 704 zu Kritkk und Fälschung.
475 714 2455 910 Wax lesser im Neien Nr. Tagklatt, Januar 1922.
472 834 2362 1028 Ueber die Aufführung von Anatol in den Kam-
480 987 1427 1158 merspielen in Berlin:
497 1025 2440 1274 Ein Abend des Verdrusses. Man möge uns gefäl-
500 1178 2347 1374 liest für immer mit dem Iatöl verschonen.
492 1304 2512 1528 Also das gab e s. einmal, dass mau dies Getue- und
497 1420 2306 1653 Gehabe mit der widerlichen Nachsteigerung
513 1563 2397 1759 eines drohnenhaften iebejünglings als Kunst
535 1709 2337 1894 genoss. Was. ist das für eine nichtsnutzge-
525 1809 2480 2035 Verschauptheit im Fühlen und Handeln. Wer ist
523 1980 2271 2166 dieser Herr inatol? Hat er was gelernt?
538 2093 2447 2317 gechfertigt er seinen anspruch auf eine ge-
548 2201 2563 2432 orduete und eingeordnete Eristenz durch irgend
558 2324 2528 2570 einen bürgerlichen neruf oder, da er doch wohl
555 2475 2573 2693 das glückliche Unglück der Unabhäugigkeit hat,
560 2603 2447 2801 durchenständige lebensführung? u.s.N. U.S.M.
533 2721 2412 2980 Geschninktes Parasitentum! Eine Ferkelei?
570 2832 2540 3083 das liebe Publikuy aber lacht und freut sich.
585 2955 2515 3264 wan kann es verstehen, wein geistige Menschen
623 3138 1580 3362 das Thoater ablehnen.
