2936 3768
315 1754 828 1971 tieber ab fürt.
286 1947 715 2062 de tel nos¬
310 2038 784 2182 osih deserer
290 2142 742 2284 aun in die
284 2239 709 2399 Nev" Stach
299 2359 673 2481 aai tuot
2206 614 2552 817 80
888 700 2275 828 behauptet: die Stimmung werde herver
879 806 2419 981 durch jene billigsten Assoelationen die
875 957 2383 1110 ein italte isoher Ortsname me metwegen
877 1063 2419 1227 Cadenabbia bei allen gutmütigen bereit.
877 1201 2425 1362 willigen doch allzu wohlfell auslöst, -
877 1320 2461 1473 es ist nicht Dummheit sondern Fülschung.
862 1451 2569 1601 ven Herr S. I behauptet: die Fragik eines
870 1590 2618 1721 mit einem Kinde solwangern Vaters werde etwa
877 1706 2567 1856 durch die Betrachtung mit dem fahlen Schein
879 1834 2452 2002 des Schlcksals unnorttert, dass sohen, das
868 1960 2552 2122 Haus stehe, wo dieses Kd zur Welt kommen
877 2106 2499 2233 wird. Es ist nicht Dumnhelt, sondern be-
877 2199 2561 2350 wusste Fulsohung, wenn der ganze Intaltsal
875 2372 2558 2512 nes Romanes unterschlagen, willkürlich ein
868 2499 2607 2640 satz, ja em betläufiges Wort herausgerissen
868 2607 2576 2789 wira, un bat dem leser falsche Begriffe von
877 2751 2594 2908 dem Buch und dessen Verfasser hervorzurufen.
877 2882 2332 3026 und es ist am Schluss der Eipfelpunkt
862 3017 2505 3167 der Dumnhalt und Fülschung zugleich, wenn
868 3114 2536 3278 Herr S. behauptet, dass der Erlebntsgehalt
875 3258 2651 3429 elter Worke von A. S. derjentge sel, dass ein
