2840 3576
533 594 2267 787 Regengart den Leutmnt Kanda und seinen
540 775 2423 914 kamarnden dürftengyet heuta noch in Nien,
531 880 2489 1042 Baden und anderen Orten,aogar ausserhalt Oes-
533 1002 2438 1181 terreiche zu finden sely;auch wen sie-ver-
526 1134 2386 1308 läufig-zum Tragen einer Onifore nicht be-
531 1252 1161 1430 red tigt sind.
1579 1328 2100 1450 Wehrscheinliter
763 1394 2452 1570 Aber selbst den ungten Fall an-
518 1528 2411 1670 genommen, dasa diese ganze Hauschenaorlé un-
521 1660 2323 1819 Alderruflich veretorben wäre; - ich glaube
518 1792 2279 1966 nicht, dess eo einem FEhxx Autor vefnehrt
518 1917 2401 2086 sein dürfte eine Geschichte zu erzählen,die
1851 2005 2401 2098 inouflenne sen
521 2042 2389 2227 sich zwiech en solchen Kenschen un die Hende
509 2188 2286 2342 den Jahuntortg zugetragen hat und sich
521 2311 2413 2482 heute unter den gleichen äusseren Unständen
1995 2391 2462 2484 natürlich nicht
513 2433 2472 2611 und in dleicher Art In. Oesterreich kdeneg
513 2570 2450 2734 wehr begeben könnte. Und ich glaube nicht, das
523 2675 2350 2851 Irgend ein Venschenschicksal,ein grösaeres
509 2829 2440 2990 oder geringeresschon darum berechtigt-wäre,
506 2922 2467 3081 einen höheren Inspruch auf daxxxXEar dde Teit
538 3056 2276 3267 nahme der leserizu erlebenimeil es sich
