3096 3800
502 430 760 609 der
824 678 2663 834 nicht aus den Gerichtssaal tretend von ei-
817 824 2613 998 nem christlich-sozialen Abgeordneten er-
819 922 1500 1070 schossen würde.
1204 1068 2575 1206 Die andere. Fassung wünscht auch
805 1178 2537 1299 dem begründeten Einwand eines führenden
829 1302 2546 1483 christlich-sozialen Blattes Rechnung zu
812 1421 2661 1598 tragen, das eine besondere Perfidie des Au-
1070 1557 1202 1634 der
812 1565 2525 1734 tors(darin zu finden glaubt, dass er den
819 1698 2573 1856 Priester als einen vornehm. denkenden und
760 1832 2680 1978 „eins ichtigen Mann dargestellt.habe- Nun soll
803 1942 2611 2097 dieser Priester als ein Fanatiker grossen
791 2061 2606 2212 Stils auftreten: Die jussage der hysteri-
795 2217 2637 2358 schen Frankenschwester eutfällt.Der Pries-
805 2336 2609 2499 ter selbst ist es,der den Meineid schwört
800 2448 2654 2620 und sich überdies durch einen jesuitischen
800 2609 2716 2754 Arzt eine durch dem Stoss verschuldete trai-
795 2730 2556 2890 matische Neurose bescheinigen lässt. Der
798 2874 2663 3031 Professor selbst wird während der Gerichts-
800 2984 2441 3148 verhandlung vom Schlag getroffen, nach
784 3096 2609 3304 Haus gebracht und stirbt nicht ohne seine
