3336 4424
1024 1368 2741 1532 könnte, für das Puhlthum nur wanig Intäresse
1022 1501 2764 1675 böte und in der der Kritikor doch das letzte
1311 1616 1470 1711 hat
1012 1660 2805 1829 Wort haben msste.fb es ja sein Beruf,ia fest
1027 1770 2851 1939 seine Standesehre erfordert das letzte Wort zu
1027 1875 2884 2064 behalten, während es wieder der Beruf des Autore
1022 2041 2922 2203 ist neue Werke zu schreiben. An dieser vortreff-
1027 2146 2925 2326 lichen Einteilung sollte meines Erachtens nichts
1024 2295 1680 2436 geändert werden.
1022 2400 2892 2582 Noch begreiflicher ist der Kitzel ungenaue oder
1040 2510 2956 2725 falsche Darstellungen zu berichtsn. Doch auch hie-
1024 2671 2779 2828 von hält sich der Diehter besser zurüch. Denn
1035 2784 2858 2956 Unpahrhelten auch auf diesem Gebigte haben ein
1870 2892 2374 2976 kann je en
1035 2915 2958 3097 so kürzes Leben, dass-keit unverdienter kinstlori-
1035 3033 2951 3212 scher und hain matorieller. Schaden zu befürchter
1050 3163 3009 3312 ist. Und wenn man von den settenen Fällen absiekt.
1665 3260 2262 3358 aindler siciti
1042 3294 1286 3373 deren
1045 3268 3099 3455 un der Dichter wtrttch etwas seues erführe oder gen
1076 3394 2267 3483 int ieemkiort etuas suisilus tes
1035 3406 3097 3583 Kinottoxsech zu fernen vernug, so geht die Wihtungens
1273 3529 1608 3624 kulit
1040 3552 2897 3724 der Rerenstenen im allgemeinen nicht weiter eie
2554 3629 3122 3742 desre huten
1045 3688 2940 3867 bis an die Herven des Autors.Und auch dtae wird
2052 3770 2390 3875 der Aule
1037 3778 2874 4003 unso Geringer sein ie mehr ar von der Mahrkeit
1048 3942 2902 4134 des Spetdeltschen Satzes durehdrungen ist: Dass
