<?xml version="1.0" encoding="UTF-8" standalone="yes"?>
<PcGts xmlns="http://schema.primaresearch.org/PAGE/gts/pagecontent/2013-07-15" xmlns:xsi="http://www.w3.org/2001/XMLSchema-instance" xsi:schemaLocation="http://schema.primaresearch.org/PAGE/gts/pagecontent/2013-07-15 http://schema.primaresearch.org/PAGE/gts/pagecontent/2013-07-15/pagecontent.xsd">
    <Metadata>
        <Creator>prov=READ-COOP:name=PyLaia@TranskribusPlatform:version=2.7.0:model_id=50870:lm=none:date=22_01_2024_20:33</Creator>
        <Created>2023-09-27T14:39:53.381+02:00</Created>
        <LastChange>2024-01-22T20:33:11.519+01:00</LastChange>
        <TranskribusMetadata docId="1589058" pageId="60126319" pageNr="136" tsid="145640118" status="IN_PROGRESS" userId="40391" imgUrl="https://files.transkribus.eu/Get?id=TBRLQLPPICCKOJTHHGGCFKHK&amp;fileType=view" xmlUrl="https://files.transkribus.eu/Get?id=EWYXWTPZHRJJSSOIBHFSRUWX" imageId="48551396"/>
    </Metadata>
    <Page imageFilename="1589058_0136.jpg" imageWidth="3016" imageHeight="3752">
        <ReadingOrder>
            <OrderedGroup id="ro_1711789738467" caption="Regions reading order">
                <RegionRefIndexed index="0" regionRef="tr_1"/>
            </OrderedGroup>
        </ReadingOrder>
        <TextRegion orientation="0.0" id="tr_1" custom="readingOrder {index:0;}">
            <Coords points="402,655 402,3483 2817,3483 2817,655"/>
            <TextLine id="tr_1_tl_1" custom="readingOrder {index:0;}">
                <Coords points="2142,639 2174,636 2359,750 2470,732 2473,548 2417,557 2306,492 2274,492 2212,536 2145,513"/>
                <Baseline points="2158,686 2184,686 2211,686 2237,688 2264,688 2290,687 2317,685 2344,683 2370,685 2397,686 2423,686 2450,684 2477,680"/>
                <TextEquiv>
                    <Unicode>10 1051</Unicode>
                </TextEquiv>
            </TextLine>
            <TextLine id="tr_1_tl_2" custom="readingOrder {index:1;}">
                <Coords points="1307,730 1339,724 1351,732 1380,712 1427,735 1459,703 1488,694 1486,618 1447,624 1424,645 1415,636 1383,650 1333,627 1318,645 1304,645"/>
                <Baseline points="1322,740 1350,742 1379,743 1408,743 1437,745 1466,745 1495,743"/>
                <TextEquiv>
                    <Unicode></Unicode>
                </TextEquiv>
            </TextLine>
            <TextLine id="tr_1_tl_3" custom="readingOrder {index:2;}">
                <Coords points="384,850 1134,856 1573,779 1764,817 2241,747 2244,683 2183,659 2107,697 1852,621 1433,744 1166,724 976,774 768,715 615,776 390,768"/>
                <Baseline points="402,835 494,833 586,829 679,826 771,820 864,814 956,808 1048,805 1141,800 1233,797 1326,790 1418,788 1510,779 1603,773 1695,768 1788,765 1880,761 1972,753 2065,749 2157,738 2250,734"/>
                <TextEquiv>
                    <Unicode>damtt sind die Granzm Deines Einflusses auf-M</Unicode>
                </TextEquiv>
            </TextLine>
            <TextLine id="tr_1_tl_4" custom="readingOrder {index:3;}">
                <Coords points="2285,902 2309,905 2332,891 2344,897 2367,888 2391,905 2432,908 2429,794 2379,794 2365,782 2338,788 2326,779 2309,791 2297,782 2282,782"/>
                <Baseline points="2298,811 2325,813 2352,815 2380,817 2407,816 2435,811"/>
                <TextEquiv>
                    <Unicode>nrer</Unicode>
                </TextEquiv>
            </TextLine>
            <TextLine id="tr_1_tl_5" custom="readingOrder {index:4;}">
                <Coords points="393,973 686,999 1166,955 1289,993 1541,917 1981,891 1984,820 1415,864 1307,809 1055,870 823,823 398,876"/>
                <Baseline points="408,967 491,964 574,961 657,958 740,954 823,946 906,943 989,937 1072,932 1155,930 1239,924 1322,921 1405,913 1488,907 1571,904 1654,899 1737,894 1820,890 1903,883 1987,880"/>
                <TextEquiv>
                    <Unicode>umr lesen. Unbeirrt gaht die der trcle. Lit</Unicode>
                </TextEquiv>
            </TextLine>
            <TextLine id="tr_1_tl_6" custom="readingOrder {index:5;}">
                <Coords points="1872,979 1913,984 1969,1052 2098,1002 2159,1046 2300,1002 2373,1034 2488,1020 2496,908 2441,897 2344,920 2259,888 2162,920 2113,905 2089,929 1875,943"/>
                <Baseline points="1889,979 1919,979 1950,979 1980,979 2011,979 2042,977 2072,973 2103,970 2133,968 2164,963 2195,958 2225,958 2256,956 2286,954 2317,950 2348,946 2378,943 2409,943 2439,943 2470,943 2501,943"/>
                <TextEquiv>
                    <Unicode>Masste walten</Unicode>
                </TextEquiv>
            </TextLine>
            <TextLine id="tr_1_tl_7" custom="readingOrder {index:6;}">
                <Coords points="393,1122 946,1110 1023,1069 1286,1116 1406,1064 1635,1099 1711,1055 1896,1058 1899,976 1855,952 1412,1014 1128,958 917,1017 823,976 557,1034 401,993"/>
                <Baseline points="411,1098 485,1100 560,1095 635,1092 710,1085 785,1080 859,1077 934,1074 1009,1071 1084,1066 1159,1061 1233,1059 1308,1052 1383,1046 1458,1041 1533,1033 1607,1029 1682,1029 1757,1024 1832,1019 1907,1017"/>
                <TextEquiv>
                    <Unicode>Weg, die Dichter schreiben nech wie var</Unicode>
                </TextEquiv>
            </TextLine>
            <TextLine id="tr_1_tl_8" custom="readingOrder {index:7;}">
                <Coords points="1978,1163 2098,1178 2127,1160 2192,1184 2288,1154 2470,1160 2488,1181 2555,1166 2561,1040 2508,1046 2479,1020 2350,1023 2271,1067 2174,1034 2127,1075 1984,1069"/>
                <Baseline points="1999,1098 2027,1101 2055,1101 2084,1101 2112,1101 2141,1100 2169,1097 2197,1094 2226,1091 2254,1089 2283,1087 2311,1083 2339,1078 2368,1075 2396,1075 2425,1077 2453,1076 2481,1074 2510,1074 2538,1074 2567,1074"/>
                <TextEquiv>
                    <Unicode>oraua-Tagen</Unicode>
                </TextEquiv>
            </TextLine>
            <TextLine id="tr_1_tl_9" custom="readingOrder {index:8;}">
                <Coords points="384,1234 489,1275 902,1222 1072,1222 1122,1263 1330,1210 1538,1234 1696,1175 1913,1195 1919,1102 1717,1058 1193,1122 1034,1084 650,1110 387,1187"/>
                <Baseline points="402,1229 478,1230 554,1228 630,1226 706,1221 782,1219 858,1211 935,1208 1011,1203 1087,1197 1163,1193 1239,1186 1315,1182 1391,1179 1468,1174 1544,1172 1620,1166 1696,1161 1772,1157 1848,1151 1925,1146"/>
                <TextEquiv>
                    <Unicode>und necht uas Der neneal belieht ihn</Unicode>
                </TextEquiv>
            </TextLine>
            <TextLine id="tr_1_tl_10" custom="readingOrder {index:9;}">
                <Coords points="2115,1231 2165,1234 2233,1280 2309,1269 2335,1295 2432,1277 2493,1304 2587,1257 2628,1272 2634,1157 2488,1181 2417,1151 2353,1175 2288,1154 2192,1184 2121,1160"/>
                <Baseline points="2131,1220 2156,1220 2181,1220 2207,1220 2232,1220 2257,1216 2283,1211 2308,1207 2333,1204 2359,1200 2384,1199 2409,1199 2435,1199 2460,1199 2485,1199 2511,1199 2536,1197 2561,1197 2587,1199 2612,1199 2638,1199"/>
                <TextEquiv>
                    <Unicode>paat Dr n1o-</Unicode>
                </TextEquiv>
            </TextLine>
            <TextLine id="tr_1_tl_11" custom="readingOrder {index:10;}">
                <Coords points="398,1374 923,1386 1154,1342 1248,1383 1553,1310 1641,1342 2198,1280 2200,1234 2101,1204 2025,1234 1688,1178 1532,1236 1330,1210 1122,1263 1049,1222 551,1327 401,1318"/>
                <Baseline points="414,1373 503,1367 593,1361 682,1352 772,1346 861,1340 951,1340 1040,1334 1130,1328 1219,1322 1309,1319 1399,1316 1488,1301 1578,1301 1667,1295 1757,1289 1846,1283 1936,1280 2025,1274 2115,1265 2205,1259"/>
                <TextEquiv>
                    <Unicode>An den Urtäilen gelhständig dankander Leute h</Unicode>
                </TextEquiv>
            </TextLine>
            <TextLine id="tr_1_tl_12" custom="readingOrder {index:11;}">
                <Coords points="2303,1339 2323,1339 2394,1406 2417,1389 2438,1401 2490,1386 2511,1392 2517,1301 2493,1304 2473,1283 2444,1292 2429,1275 2388,1286 2370,1272 2326,1307 2306,1304"/>
                <Baseline points="2319,1337 2344,1337 2369,1335 2395,1333 2420,1332 2445,1331 2471,1331 2496,1328 2522,1325"/>
                <TextEquiv>
                    <Unicode>120</Unicode>
                </TextEquiv>
            </TextLine>
            <TextLine id="tr_1_tl_13" custom="readingOrder {index:12;}">
                <Coords points="416,1500 984,1480 1046,1518 1157,1459 1342,1480 1550,1433 1603,1468 1922,1412 2101,1474 2195,1398 2329,1424 2335,1336 2203,1283 1981,1362 1415,1354 1146,1418 967,1368 419,1450"/>
                <Baseline points="432,1495 527,1490 622,1482 718,1478 813,1471 909,1462 1004,1458 1099,1453 1195,1447 1290,1444 1386,1437 1481,1427 1576,1420 1672,1414 1767,1410 1863,1407 1958,1404 2053,1394 2149,1388 2244,1374 2340,1373"/>
                <TextEquiv>
                    <Unicode>mds das Gnringeta iu Anderr vermacht: - fen Dr</Unicode>
                </TextEquiv>
            </TextLine>
            <TextLine id="tr_1_tl_14" custom="readingOrder {index:13;}">
                <Coords points="422,1647 1151,1597 1210,1626 1339,1573 1447,1603 1696,1553 2461,1559 2441,1409 2379,1453 2174,1436 1960,1486 1480,1480 1401,1527 1275,1474 976,1538 844,1486 577,1547 431,1512"/>
                <Baseline points="441,1632 542,1627 644,1616 745,1608 847,1600 948,1590 1050,1587 1151,1580 1253,1577 1354,1567 1456,1563 1557,1555 1659,1552 1760,1543 1862,1536 1963,1529 2065,1519 2166,1518 2268,1506 2369,1500 2471,1495"/>
                <TextEquiv>
                    <Unicode>auch ein oüer das indera lrl im Einsalnen das Ticht-</Unicode>
                </TextEquiv>
            </TextLine>
            <TextLine id="tr_1_tl_15" custom="readingOrder {index:14;}">
                <Coords points="440,1793 1172,1737 1236,1770 1603,1691 2473,1699 2479,1579 2376,1547 2221,1609 2060,1585 1890,1635 1254,1600 1149,1650 949,1609 876,1653 448,1655"/>
                <Baseline points="459,1764 560,1758 661,1749 762,1743 863,1738 965,1731 1066,1721 1167,1715 1268,1707 1369,1701 1471,1697 1572,1687 1673,1680 1774,1674 1875,1671 1977,1660 2078,1653 2179,1650 2280,1643 2381,1639 2483,1632"/>
                <TextEquiv>
                    <Unicode>zu xesfen, Eftar nach Errtimliche und erein a</Unicode>
                </TextEquiv>
            </TextLine>
            <TextLine id="tr_1_tl_16" custom="readingOrder {index:15;}">
                <Coords points="445,1913 829,1878 949,1907 1277,1837 1626,1858 1776,1814 1887,1849 2236,1802 2511,1840 2505,1679 1904,1708 1647,1773 1541,1740 1480,1779 1157,1749 454,1787"/>
                <Baseline points="465,1889 568,1885 671,1876 774,1868 877,1860 980,1850 1083,1845 1186,1841 1289,1833 1392,1827 1495,1823 1598,1814 1701,1806 1804,1802 1907,1795 2010,1788 2113,1778 2216,1773 2319,1768 2422,1756 2525,1755"/>
                <TextEquiv>
                    <Unicode>stehten mit Urts und Geselichlchhel iur Faltur- zu</Unicode>
                </TextEquiv>
            </TextLine>
            <TextLine id="tr_1_tl_17" custom="readingOrder {index:16;}">
                <Coords points="454,2036 996,2028 1116,1984 1398,2019 1550,1969 2206,1931 2397,1960 2508,1913 2511,1840 2470,1822 2241,1799 1954,1881 1591,1849 1368,1919 1005,1881 791,1951 463,1907"/>
                <Baseline points="474,2011 576,2011 678,2005 780,1999 883,1992 985,1985 1087,1981 1189,1972 1292,1965 1394,1958 1496,1952 1598,1942 1701,1935 1803,1928 1905,1922 2007,1916 2110,1905 2212,1904 2314,1895 2416,1887 2519,1877"/>
                <TextEquiv>
                    <Unicode>bringen Instinde mrat DeE Gesentwirhen hal bieter</Unicode>
                </TextEquiv>
            </TextLine>
            <TextLine id="tr_1_tl_18" custom="readingOrder {index:17;}">
                <Coords points="434,2186 800,2139 1193,2151 1275,2110 1553,2133 1658,2089 1790,2145 1963,2060 2605,2051 2614,1919 2549,1899 2403,1957 1989,1957 1849,2025 1486,1975 1187,2033 445,2036"/>
                <Baseline points="453,2149 561,2143 669,2138 777,2131 885,2122 993,2117 1101,2112 1209,2100 1317,2095 1425,2091 1533,2083 1641,2073 1749,2058 1857,2056 1965,2052 2073,2044 2181,2037 2289,2030 2397,2016 2505,2008 2614,2005"/>
                <TextEquiv>
                    <Unicode>nismarten Aduarnd geschadst gl: Wir. sellet, dassen Rild</Unicode>
                </TextEquiv>
            </TextLine>
            <TextLine id="tr_1_tl_19" custom="readingOrder {index:18;}">
                <Coords points="457,2315 938,2256 1061,2309 1172,2244 1568,2280 2063,2189 2567,2192 2807,2156 2813,2054 2154,2054 2019,2130 1872,2098 1676,2159 1348,2113 1093,2186 973,2136 463,2186"/>
                <Baseline points="474,2277 591,2273 708,2263 825,2257 942,2247 1059,2244 1176,2231 1294,2223 1411,2217 1528,2208 1645,2203 1762,2193 1879,2187 1996,2175 2114,2172 2231,2167 2348,2155 2465,2143 2582,2138 2699,2128 2817,2125"/>
                <TextEquiv>
                    <Unicode>schon heuta eines Ehreindtess in der Frlerie iener berühm-</Unicode>
                </TextEquiv>
            </TextLine>
            <TextLine id="tr_1_tl_20" custom="readingOrder {index:19;}">
                <Coords points="481,2432 879,2394 1078,2426 1468,2350 1743,2379 2101,2309 2555,2315 2707,2294 2719,2159 2455,2244 2200,2183 1969,2271 1591,2256 1471,2318 1339,2253 1190,2315 853,2294 782,2359 489,2300"/>
                <Baseline points="498,2411 609,2405 720,2398 831,2387 942,2380 1053,2376 1164,2366 1275,2359 1386,2351 1497,2343 1608,2338 1719,2329 1830,2322 1941,2320 2052,2306 2163,2299 2274,2297 2385,2280 2496,2271 2607,2271 2719,2265"/>
                <TextEquiv>
                    <Unicode>ten Missuersteher gemist ist, die zu. Jerar Lait 51 Schaf-</Unicode>
                </TextEquiv>
            </TextLine>
            <TextLine id="tr_1_tl_21" custom="readingOrder {index:20;}">
                <Coords points="2086,2388 2482,2359 2605,2391 2675,2367 2725,2406 2804,2382 2804,2335 2669,2323 2616,2288 2429,2323 2318,2300 2186,2332 2086,2309"/>
                <Baseline points="2101,2369 2136,2372 2172,2370 2207,2369 2243,2368 2278,2367 2314,2364 2349,2364 2385,2361 2420,2357 2456,2355 2491,2355 2527,2357 2562,2359 2598,2361 2633,2361 2669,2363 2704,2366 2740,2367 2775,2366 2811,2364"/>
                <TextEquiv>
                    <Unicode>mehte i abumgi</Unicode>
                </TextEquiv>
            </TextLine>
            <TextLine id="tr_1_tl_22" custom="readingOrder {index:21;}">
                <Coords points="2309,2464 2335,2455 2356,2461 2385,2438 2438,2449 2482,2429 2508,2435 2505,2367 2458,2370 2438,2359 2414,2373 2365,2365 2350,2376 2326,2365 2303,2367"/>
                <Baseline points="2322,2396 2349,2396 2376,2397 2403,2398 2431,2399 2458,2399 2485,2403 2513,2405"/>
                <TextEquiv>
                    <Unicode>d</Unicode>
                </TextEquiv>
            </TextLine>
            <TextLine id="tr_1_tl_23" custom="readingOrder {index:22;}">
                <Coords points="478,2581 1184,2493 2113,2461 2118,2391 1600,2367 1330,2447 1087,2420 1005,2464 732,2408 486,2426"/>
                <Baseline points="498,2543 579,2538 660,2533 741,2525 822,2519 904,2514 985,2510 1066,2500 1147,2494 1228,2489 1310,2483 1391,2480 1472,2477 1553,2472 1634,2462 1716,2456 1797,2451 1878,2444 1959,2440 2040,2434 2122,2432"/>
                <TextEquiv>
                    <Unicode>fensfreude gerade der Bestemmit ilrem i</Unicode>
                </TextEquiv>
            </TextLine>
            <TextLine id="tr_1_tl_24" custom="readingOrder {index:23;}">
                <Coords points="1251,2652 1603,2605 1869,2669 2130,2578 2581,2567 2587,2499 2203,2438 1992,2514 1799,2490 1623,2549 1257,2540"/>
                <Baseline points="1271,2611 1337,2608 1403,2607 1469,2608 1535,2604 1601,2599 1667,2595 1733,2588 1799,2582 1865,2578 1932,2577 1998,2573 2064,2571 2130,2567 2196,2561 2262,2559 2328,2555 2394,2552 2460,2546 2526,2543 2593,2531"/>
                <TextEquiv>
                    <Unicode>Beslsitet tyen. Sohade. Dom</Unicode>
                </TextEquiv>
            </TextLine>
            <TextLine id="tr_1_tl_25" custom="readingOrder {index:24;}">
                <Coords points="571,2616 1207,2587 1239,2581 1245,2499 1078,2508 1011,2546 917,2514 820,2552 782,2526 712,2558 642,2534 574,2555"/>
                <Baseline points="591,2590 625,2596 660,2598 695,2597 729,2596 764,2596 799,2593 833,2593 868,2590 903,2587 937,2587 972,2582 1007,2578 1041,2575 1076,2575 1111,2572 1145,2570 1180,2568 1215,2567 1250,2567"/>
                <TextEquiv>
                    <Unicode>lorem sesebuate</Unicode>
                </TextEquiv>
            </TextLine>
            <TextLine id="tr_1_tl_26" custom="readingOrder {index:25;}">
                <Coords points="483,2760 501,2763 519,2751 539,2754 539,2760 601,2719 615,2719 624,2622 609,2622 598,2631 586,2616 563,2616 536,2596 516,2611 495,2605"/>
                <Baseline points="507,2674 536,2671 566,2669 596,2667 626,2665"/>
                <TextEquiv>
                    <Unicode>E</Unicode>
                </TextEquiv>
            </TextLine>
            <TextLine id="tr_1_tl_27" custom="readingOrder {index:26;}">
                <Coords points="489,2810 1231,2769 1310,2816 1673,2725 1822,2769 1928,2719 2593,2690 2599,2614 1866,2669 1670,2605 1389,2634 1040,2740 492,2757"/>
                <Baseline points="504,2802 608,2797 713,2790 818,2783 923,2775 1027,2766 1132,2761 1237,2755 1342,2744 1446,2739 1551,2729 1656,2725 1761,2717 1865,2708 1970,2704 2075,2700 2180,2692 2284,2686 2389,2682 2494,2677 2599,2662"/>
                <TextEquiv>
                    <Unicode>einmal sah es aus,wie kenn Du im Geistesb len unserer</Unicode>
                </TextEquiv>
            </TextLine>
            <TextLine id="tr_1_tl_28" custom="readingOrder {index:27;}">
                <Coords points="1805,2795 1858,2795 1863,2789 1878,2795 1919,2781 1940,2781 1954,2795 1992,2792 1995,2745 1972,2742 1925,2719 1910,2734 1896,2725 1881,2740 1852,2745 1831,2763 1808,2760"/>
                <Baseline points="1820,2781 1845,2781 1871,2781 1896,2779 1922,2778 1947,2778 1973,2777 1999,2775"/>
                <TextEquiv>
                    <Unicode>dazu</Unicode>
                </TextEquiv>
            </TextLine>
            <TextLine id="tr_1_tl_29" custom="readingOrder {index:28;}">
                <Coords points="495,2953 1661,2857 2435,2857 2643,2822 2655,2669 2239,2722 2127,2781 1515,2786 1433,2833 1231,2769 826,2871 498,2886"/>
                <Baseline points="510,2928 617,2928 724,2919 831,2909 938,2902 1045,2892 1152,2884 1259,2877 1366,2871 1473,2864 1580,2859 1687,2852 1794,2841 1901,2834 2008,2825 2115,2820 2222,2813 2329,2808 2436,2804 2543,2797 2650,2793"/>
                <TextEquiv>
                    <Unicode>zeit zu anderen barufen uürest,als der Kunst mit iener</Unicode>
                </TextEquiv>
            </TextLine>
            <TextLine id="tr_1_tl_30" custom="readingOrder {index:29;}">
                <Coords points="501,3082 2725,2942 2731,2868 2678,2851 2614,2874 2534,2827 2455,2874 2376,2830 2171,2830 2025,2848 1896,2927 1023,2904 955,2953 806,2924 683,2997 507,3015"/>
                <Baseline points="519,3059 629,3056 740,3046 851,3041 962,3034 1072,3023 1183,3012 1294,3008 1405,3000 1515,2988 1626,2983 1737,2976 1848,2968 1958,2963 2069,2955 2180,2949 2291,2946 2401,2941 2512,2931 2623,2923 2734,2913"/>
                <TextEquiv>
                    <Unicode>krancuert, ja mit jenem halb unbeauestai Grollignjerüher-</Unicode>
                </TextEquiv>
            </TextLine>
            <TextLine id="tr_1_tl_31" custom="readingOrder {index:30;}">
                <Coords points="507,3200 1072,3197 1743,3109 2095,3147 2282,3082 2728,3074 2772,2983 2080,2956 1843,3012 516,3079"/>
                <Baseline points="522,3187 634,3183 747,3176 859,3168 972,3156 1085,3148 1197,3141 1310,3131 1423,3120 1535,3115 1648,3108 1761,3100 1873,3092 1986,3086 2099,3080 2211,3073 2324,3065 2437,3061 2549,3053 2662,3047 2775,3035"/>
                <TextEquiv>
                    <Unicode>zustohen, zu dan der ungraduntena Mansch lnicht der Kreti-</Unicode>
                </TextEquiv>
            </TextLine>
            <TextLine id="tr_1_tl_32" custom="readingOrder {index:31;}">
                <Coords points="519,3337 1529,3258 1614,3302 1705,3261 2019,3276 2215,3208 2672,3226 2678,3129 2508,3097 1676,3191 1532,3126 1345,3223 1248,3179 1146,3232 873,3258 803,3214 724,3244 527,3211"/>
                <Baseline points="537,3316 644,3315 751,3307 858,3297 966,3290 1073,3283 1180,3273 1288,3265 1395,3258 1502,3251 1610,3241 1717,3232 1824,3226 1931,3222 2039,3212 2146,3208 2253,3205 2361,3199 2468,3192 2575,3187 2683,3175"/>
                <TextEquiv>
                    <Unicode>ner sage ich, denn es gibt auch preduktive Kreithl, dem</Unicode>
                </TextEquiv>
            </TextLine>
            <TextLine id="tr_1_tl_33" custom="readingOrder {index:32;}">
                <Coords points="527,3495 753,3469 806,3501 888,3449 1105,3428 1301,3454 1362,3413 1632,3452 1808,3372 1957,3428 2239,3355 2634,3408 2649,3220 2616,3208 2397,3217 2247,3282 2136,3255 1966,3317 1541,3258 1439,3299 1011,3296 820,3390 533,3422"/>
                <Baseline points="546,3462 651,3453 756,3445 861,3440 966,3431 1071,3421 1176,3414 1281,3408 1386,3397 1491,3389 1596,3381 1701,3373 1806,3365 1911,3358 2016,3352 2121,3346 2226,3340 2331,3334 2436,3327 2541,3320 2647,3307"/>
                <TextEquiv>
                    <Unicode>praachtenen Menschen gegenüher nun sinmal verdennt zu</Unicode>
                </TextEquiv>
            </TextLine>
            <TextEquiv>
                <Unicode></Unicode>
            </TextEquiv>
        </TextRegion>
    </Page>
</PcGts>
