3048 3832
486 503 818 686 Wr. L.
374 688 2504 899 ihnen, ist damit etwas zegen den Dichter gesagt,
1627 835 1759 939 pat
427 857 2504 1037 der diese Figuren gestaltet)wenn es ihm nur ge-
438 986 652 1082 löng
444 989 2582 1194 H sie mit Kraft zu gestalten? Sehen Sie nicht
444 1121 2504 1298 ein, dass Sie von einem solchen Standpunkt aus,-
427 1242 2591 1430 der ja gar nicht der Ihre ist, den Hjalmar aus der
450 1352 2557 1557 Literatur ebenso wegwünschen müssten, wie Ihn al-
444 1501 2549 1694 terndes Ballettmädchen aus den „Schönen seelen“:!
444 1638 2422 1829 den Apotheker Hommard wie den Konsul Bernick,
447 1751 2566 1981 kurzum, daes gerade die Gestaftung deejenigen Ty-
972 1871 1652 1964 Regoraaculanden
444 1888 2636 2088 pen,die dax Pitd unserer Kultur auf einem gewissen
1214 2001 1798 2096 gebeer minen.
441 2018 2431 2223 mittleren Niveau verstoften, verbieten würden.
452 2147 2608 2346 Wenn sie den Hofreiter und den Mauer zu den Nich-
464 2293 2521 2470 tigen rechnen in dem Sinne, dass sie etwa nicht;
455 2408 2574 2585 wert seien in den Komplex eines Dramas hineinge-
458 2557 2445 2731 stellt zu werden,dann nennen sie mir doch ge-
458 2664 2490 2886 fälligst die jenigen Figuren aus den Drämen der
478 2776 2661 2965 Lebenden, welcher Ihrer Ins cht nch als wertvoller
475 2908 1284 3035 betratlet unde eluis
475 2925 2630 3147 getenkönnten. bewiss, Sie werden mir welche, neu-
466 3024 2650 3268 nen und eine Diskussion wird, wie ich schon anfänge
478 3164 2698 3378 gesagt habe, natürlich nicht möglich sein. RAestheti-
458 3302 2720 3529 sche und ethische Betrachtungsweise wird ineinander
