2856 3768
238 2665 726 2826 lechen eine
273 2795 686 2934 sein e
251 2880 690 3023 vacc cnd
300 2994 719 3149 inser gu
847 637 2400 762 Es ist nicht Dummhett, wenigstens nicht
840 773 2544 939 Dumnhelt allein, sondern bewusste Fülschung
825 885 2441 1033 wenn Herr S. behauptet, der Romm spiele
861 1004 2441 1170 in dem etgentümllohen Milleu des reichen
849 1132 2546 1309 Wiener Judentums, das sein im Grunde ediges
845 1266 2589 1408 Ghetto für die Welt zu halten und auszugeben
1506 1390 1692 1452 eene
858 1385 2528 1546 geneigt ist, und damit die Tatenche unter-
861 1515 2530 1690 schlägt, dass mehr ais die Hülfte der han-
865 1627 2560 1813 deinden Personen durchaus nicht zu den ret.
867 1775 2495 1923 chen Wiener Juden gehören und eine ebenso
865 1905 2468 2057 grosse Anzahl überhaupt keine Juden sind.
847 2013 2394 2203 Es ist nicht Dunnheit, sondern bewusste
849 2158 2654 2320 Fuischung, wenn Herr S. Uto bestalten der sieh
858 2286 2389 2443 selbst als geselschaftsfrand bezelohnet
926 2400 1970 2474 mein syim mult et ceteonatie
867 2432 2519 2557 keine bestalten, sondern nur gelungene, in
856 2535 2642 2701 desen Kreisen übliche Stifkopten gelten lusst
2311 2633 2524 2714 welt
849 2690 2421 2837 Ee ist nicht Jumnhett, sondern bauusste
847 2790 2450 2941 rulschung wenn der Dialog des Romans mit
870 2907 2530 3120 den Lohelzugsstudten aus der Sonn- und Von
867 3041 2589 3221 tagezeltung verglichen wirdfund wen Herr s.
