2952 3704
238 415 386 579 M
324 592 606 790 ln Heren
2094 286 2396 422 n. A.
1847 492 2319 615 28. T. 907:
1379 572 1584 792 on mi
1575 585 2527 758 re Unaufrichtigkeit: Ich
1230 731 2661 914 Dir wieder einmal sagen: Seit Jahren
960 805 1193 937 iss es
1447 862 2634 991 verfolge ich Deine Feuilletons
901 932 1325 1041 Du. weisst«
2099 946 2269 1021 en
901 966 2634 1139 mit wachsendem Wipderstand. Es braucht nicht
1636 1075 1810 1166 en
901 1084 2614 1286 erst gesagt zu werden, dass auch meinem Ge-
905 1212 2507 1391 schmack einzelneiten zusagen. Dass Du in
919 1343 2575 1516 einzelnen Recht has.. Aber als ganzes ver-
926 1454 2518 1633 werf ich sie durchaus.Gesinnung und Ton.
921 1554 2555 1774 Ich wünsche nicht mit Dir zu polemisieren
928 1672 2752 1897 vielmehr ich betons ausdrücklich, dass ich Un-
946 1792 2614 2035 recht haber. kent., dass Du sählich Recht
953 1951 2577 2151 haben, dass Du sogar gut. schreihen magst.
951 2042 2772 2271 Alles das ist möglich: Aber erst in einer Fer-
1032 2144 2718 2353 er Zukunft wird das zu entscheiden sein,Und
966 2296 2643 2507 wir haben keine Zeit das abzuwarten. Das
1014 2382 2686 2620 Wesentliche ist nur, dass Du und ich eo vf
985 2525 2605 2747 wie zwei fremde Welten einander gegenüher
994 2639 2623 2895 stehen. Dass unser Verhältnis zu dem, mes
996 2754 2709 2979 heute gesagt, gedacht, geschrieben wird, in
1007 2890 2709 3106 derimesentlichster Purkter völlig von ein-
1016 3004 2598 3235 ander verschieden ist. Wir sind vor fürf
