3016 3752
417 523 548 691 to
2425 528 2691 714 1821
716 734 2555 932 hinunterführen; und keine lreue Herus meint
724 872 2739 1063 mehr um ihre verlorene Mutterschaft? Was redkt
711 1018 2651 1173 Ihr von versunkenen welten? Weil sich Vermö-
706 1148 2641 1319 gensverhältnisse verschoben haben, mehr leb-
706 1266 2603 1427 stähle und Lumpereien begangen werden,änige
698 1399 2633 1568 Greuzen verrückt wurden, Königreiche gestürzt
706 1538 2623 1693 und Republiken ausgerufen wukden, meint lur,
688 1658 2573 1817 die- Mienschheit habe sich verändert? Ihr, die
693 1759 2578 1952 Gle ichen, die seuerst von der grossen Zeit ge-
693 1907 2447 2063 fabelt und die ein paar Jahre darauf die
696 2025 2610 2221 Phräso von der grossen Zeit verspottet wöktt
693 2186 2616 2344 Ihr nicht, dass Ihr söeben wie der daran seid,
691 2304 2686 2477 diesen vergangenen Jahren die Ehre anzutun,die
681 2412 2613 2595 Ihr ihr eben noch abspracht? Me iut. Ihr wirk-
681 2558 2575 2726 lich, die probleme der Winister, der Abgeord-
673 2678 2661 2822 neten, der dannalisten, der Bankiers, der Deli-
663 2811 2515 2987 katessenhändler, das seien die Grossen,die
658 2927 2661 3098 der Kunst würdigen Probleme und mit den meini-
666 3058 2455 3249 gen sei es vorbei? Ihr irrt oder Ihr sagt
663 3201 2545 3359 leichtfertig,was Ihr nicht vertreten könnt.
651 3327 2507 3518 Nas lhr Problene nennt, das sind Themen für
