2856 3640
1648 317 2060 544 Sollen
817 554 2303 714 Eine Erklarung Dr. Arthur Schnitzlers.
1957 676 2483 815 Wien, 12. Juni.
549 750 2378 882 Vom Schriftsteller Dr. Arthur Schnitzlef werden
554 848 2303 985 wir um die Veröffentlichung folgender Zeilen.
552 941 887 1052 ersucht:
1227 1132 2494 1279 sommt mir die gestrige Nummer der
1434 1233 2411 1318 " zu Gesicht, aus der ich
1227 1246 1447 1349 hitung
1230 1318 2458 1416 fd. an den bayrischen Minister-
1240 1362 2496 1454 angeblich auch von mir unterfer-
1243 1447 2496 1519 gegangen sei, in der aufs scharf-
1235 1478 2558 1586 fendung ungesetzlicher,standrecht-
1238 1560 2540 1653 besondere aber gegen die drohende
1261 1619 2460 1735 Inrichtung Tollers protextiert.
1246 1710 2499 1849 edauern bin ich genötigt festzu-
1248 1836 2427 1916 solches Telegramm mir zur Ein-
1248 1872 2504 1978 Er zur Unterschrift niemals vor-
1251 1942 2439 2037 ih bis zu dieser Stunde dessen
1251 2017 2362 2112 Ene, und dass ich nicht weiss
1269 2066 2496 2164 he Zustimmung, ja ohne den recht-
1269 2133 2507 2220 keine Zustimmung zu erhalten,be-
1264 2205 2476 2300 meinen Namen unter einen-Pro-
1310 2267 2476 2344 mir, soweit mir der Inhalt aus
1269 2334 2478 2419 Angsnotiz bekannt geworden,zwar
1289 2393 2561 2481 Es gerechten und - in Anbetracht
596 2460 2517 2561 uei unverzeichneren Namen - weiter nicht erstaun-
591 2512 2571 2633 lichen edeln Gesinnung getragen, aber keineswegs so
591 2584 2605 2705 weit gefasst erscheint,als es der Anlase ermöglicht
596 2669 2486 2754 und für meinen persönlichen,parteipolitisch völ-
593 2713 2597 2824 lig unberührten Geschmack dringend erfordert hätte.
856 2782 2576 2868 Denn ich für meinen Teil schliesse mich dem
603 2847 2550 2945 an den bayriechen Ministerpräsidenten gerichteten
596 2919 2452 3007 Protest nicht nur mit aller Entschiedenheit an,
601 2984 2416 3069 sondern ich dehne ihn hiemit aus auf sämtliche
603 3053 2463 3149 übrigen politischen Morde und sonstigen politi-
601 3107 2669 3221 schen Morde und sonstigen politischen und xx pseudo-
603 3187 2463 3316 politischen Gewaltakte und Bübereien, in welchem
