3000 3784
259 1618 469 1839 ie
278 1813 441 1909 aber
259 1875 521 1987 sorand
262 1963 454 2067 wrt
2062 254 2212 454 2
560 534 1852 778 me ine geliebte geworden ist).
560 703 2581 890 Man wird derauf einwenden, in welche Blasphemie
563 853 2583 1009 das keusche Liebesdrame Shakespeärés. mit jeuer
563 967 2596 1141 künstlerisch minderwertigen Szene zu verglei-
558 1097 2500 1274 chen. Nun bin ich- ebeu dort,we ich Euch haben
558 1242 2410 1382 will. Kommt es auf das vünstlerische an,so
563 1372 2576 1530 reden wir doch einmal ausschliesslich von dem.
563 1484 2532 1670 Ist der „Reigen" ein kü stlerisch minderwer-
563 1624 2485 1790 tiges Werk, so durfte man ihn natürlich nicht
560 1743 2454 1901 aufführenleben weil er künstlerisch minder-
558 1886 2542 2057 werti- ist, denn jene anderen Eigenschaften,
560 2000 2570 2171 die Ihr anihm verurteilt,teilt er mit hunder-
573 2142 2539 2308 ten anderen sowohl: mit bedeutenden als mit un-
547 2262 2441 2433 bedeutenden, sowohl mit solchen, die eine di-
558 2394 2513 2547 rekt sittliche Tendenz verfolgen als mit sol-
555 2516 2451 2682 cheu,die tatsächlich nichts anderes wollen,
560 2646 2404 2827 als die Sinne reizen und lesziv wirken. Und
555 2778 2570 2941 immer wieder, von wo aus wir die Frage zu lösen
558 2889 2521 3074 versuchenistets wird sich die Frage erheben;
552 3048 2446 3203 Handelt es sich um ein literarisch ernst zu
552 3164 2635 3382 nehmendes Merk oder nicht? leu weiss,dass hleu
