2856 3464
542 544 1083 685 Zum KapiteliV
1892 633 2385 736 hter, der ein
429 661 1189 830 „Peter Altenberg
1702 762 2582 938 Note - zum Unterschied
556 781 1491 936 nicht die berüchtigte W:
558 905 2418 1086 vom altbewährten Nienèr Frank ein Brechmitiel-
558 1013 2427 1187 nicht dieser aus Feuilletonmiasmen gewobene und
560 1149 2448 1332 aus der Hand der Unwahrheit empfangene Schleier
560 1297 2373 1477 einer Aetärendichtung im Stil der wollüstigen
563 1407 2446 1609 süsslichen TingelsTangel-Musik ist seine Marke.
816 2176 2537 2359 poeta von Richard Schaukal, Merker, Juli 1912.
