2856 3480
558 543 2456 734 bekanntlich ist der grösste Teil der Verlage,
496 694 2367 865 der Theater, der Kritik in jüdischen Händen. Der
498 816 2337 977 zweifelhafte Ruhm eines Schnitzler, Blumenthal,
498 942 2407 1118 Fulda, Mahler, Richard Strauss, - wer zählt die Na-
503 1068 2350 1234 men aller Sterne an isreels Himmel - wäre ohne
498 1182 2390 1371 die Uithilfe der Rassenverräter aus dem eigenen
506 1341 2005 1517 lager wie eine Seifenblagé zerplatzt."
511 1924 2506 2090 Zitiert aus dem Grazer Tagblatt durch die Sonn-und
511 2075 1638 2214 Montahszeitung Wien,24.7.11.
