2856 3768
319 622 2425 806 nstigt slhe. Nur steht mit diesem Verhalten das ver-
314 753 2467 946 sönliche. Benehmen der Herausgeber gegen mich in sonder
322 904 2531 1086 raem Widerspruch. Gleich als sie gegründet wurde, würde
277 1033 2523 1224 ich zur mitarbeiterschaft aufgefordert, ja der Herausge-
280 1159 2450 1350 ber ging sogar so mlt zu erklären, dass die österrei-
269 1305 2450 1470 chische Kundschau gar nicht ihren Nanen verdiente, wenn
272 1425 2503 1646 nicht meine Belträge dort erschienen. Als ich einnal ei-
316 1596 2526 1767 nen Beitrag zugesagt hatte und ihn nicht abliefern konn.
314 1697 2478 1904 te, war Herr Reglerungsrat Glossy sogar se liebenswür-
316 1826 2498 2016 dig derzkrämpfe zu bekomnen, worauf ich mich veranlasst.
286 1963 2512 2167 sch einen schon für eine andre Zeiturg bestinnten Beitrag
277 2094 2500 2304 der österreichischen Rundschau zu übergeben. Bald nachher
274 2226 2461 2442 erschien der Bericht des Kunstrichters Stössel über mei
342 2349 2492 2554 nen Novellenhand Denmersoelen. Er begnllgte sich der
501 2503 801 2596 glaunt
269 2492 2503 2705 nichtsmein buch zu verurteilen, (was sein gutes Recht ge-
714 2626 2453 2806 sondern fand sich veranlagst mich überdies
277 2696 692 2817 wesen wäre
398 2752 820 2864 aeutum
316 2766 2556 2954 als Erekulanten hinzustellen, der seinen Lesern mit etwas
1826 2884 2540 2976 nublaus iquivecle.
311 2909 2450 3100 mondan vordichtigem Grausen diente. (Ieh knnerte nich
286 3044 2475 3254 nenig daran Gald darauf traten sie, sehr verehrter Herr
