2984 3704
2012 178 2386 343 eis
532 595 2522 792 ursprünglichen Bedeutung aufzufassen sich den
537 725 2673 914 Anschein gab und sich nicht nur anstellte, 4ybiL
587 869 773 962 olas
534 872 2458 1066 als ob in meinem Stück nicht etwe von einem
539 999 2509 1175 tiefen und starken Gefühl, sondern nur von ir-
539 1132 2482 1307 gend einem leichtfertigen benteuer gehandelt
2464 1137 2711 1310 Nulit
1100 1241 2440 1339 reit secen eit lei hatelicie sirti in
2495 1286 2634 1355 ru
526 1286 2424 1440 würde) sondern) die Bezeichnung „Liebelei“ in
2466 1339 2671 1422 ange
1066 1382 1419 1467 hamislen
2487 1395 2719 1528 reher
534 1382 2432 1555 mäglichst ironischer, verächtlicher oder he-
537 1523 2503 1693 rabsetzender Weise, wenn es nur irgend anging,
529 1666 2416 1818 auf alle Beziehungen zwischen Mann und Weib
510 1767 2370 1943 anwendete, die sich in meinen Werken finden
1587 1887 2028 1977 obd rin
526 1916 2461 2052 würden. Auek überall dortwe ich, wie in je-
537 2073 2509 2187 nem ersten stück die -Liebe in ihren intensiv-
532 2155 2461 2347 sten, auch dort, wo teh sie in ihren zartesten
529 2293 2418 2464 seelischen Formen dargestellt habe sich will
890 2421 1241 2514 geborple
526 2416 2458 2596 nicht einmal sagen, dass diese Kritiker immer
537 2546 2543 2716 gegen besseres Wissen und Gewissen geschrieben
542 2668 2429 2862 hätten, denn vielen von ihnen ist weder Wis-
532 2796 2328 2971 sen noch Gewissen zu eigenjes ist einfach
539 2945 2511 3112 dieses etwas widerwärtige Gemisch von Lieder-
1106 3064 2519 3224 Böswilligkeit, das als die Grund-
542 3093 1079 3290 lichkeit und
1124 3189 1310 3279 eteern,
