3400 4424
844 1369 3032 1595 führung abgegebene Urteil über ein stück kann im-
1012 1547 2905 1743 nur ein Urteil mit Vorbehalt sein. Wenn ich
856 1658 2944 1867 nach der Aufführung der „Lebendigen stunden“ un-
853 1814 2947 1981 günstig geurteilt haben würde und die stücke wä-
850 1924 2910 2105 ren doch gut, hätte ich alss Kritiker gefehlt. Da
850 2054 2876 2250 ich die Stücke aber nach wie vor nicht für gut
853 2176 3058 2380 halte (von manchen Qualitäten abgesehen, welche die
830 2318 3009 2525 ersteh haben, und abgesehen auch von dem sehr hüb-
850 2457 3041 2644 schen Finakter „Literatur“), da überdies ihr gerin-
861 2556 3009 2791 ger. Erfolg auf der Bühne das in meiner Besprechung
847 2692 3123 2933 ausgesprochene Urteil bestätigt, bin ich als Kritiker
876 2845 2896 3018 sicher nicht im Unrecht; und ich finde, dass es
878 2975 3055 3157 eine Lächerlichkeit ist,gegen das öffentlich abge-
873 3114 2902 3284 gebene Urteil eines Kritikers,das er genau und
876 3230 3021 3454 sächlich begründet hat,Aeusserungen ausspielen zu
867 3349 3041 3593 wollen,di er nach einer Vorlesung im Walde getan-
867 3562 1074 3732 nat.
1054 3588 2944 3826 Ich habe mein Gedächtnis meiter angestrengt
870 3746 3134 4001 und kann mich an die Aeusserung, die ausserden getan
