3112 3784
183 2857 529 2993 deron nie
183 2961 467 3069 innato
143 3030 507 3146 Aute vo
153 3101 524 3235 rndfer
143 3200 516 3307 menn, vo
143 3282 465 3460 erblebt
1997 610 2345 769 Eefühlt
586 605 1975 781 ihrem eittlichen Gefühl verletzt
586 776 2387 914 haben oder sich so anställtewals wenn si
573 872 2296 1021 es wären Stunkhomben warfen oder-andere
583 988 2464 1122 Beschauer. an Gesundkeit und Leben bedrekten
583 1137 2565 1315 Und ganz gewiss ist es noch nie vorgekommen,
581 1253 2293 1411 dass Leute,die das beanständete Gemälde
588 1391 2434 1567 überhaupt niemals gesehen, sondern nur von
581 1535 2484 1685 anderer Seite von der Existenz dieses Gemäl-
588 1653 2540 1804 des gehört hatten, aus sittlicher Entrüstung.
588 1745 2533 1947 das Museum oder die Ausstellungsstürmten, die
588 1878 2432 2091 Besüther zu misshandelf und die Garderobe
1409 2017 1666 2106 hebt
596 2026 2474 2229 freuen zuhprügella versuchten: Der vergeeich
596 2177 2449 2382 des Theators mit dem Lpaner Der von Ihnen
598 2306 2377 2447 gewählte Vergleich,sehr geehrter Herr Re-
588 2427 2558 2624 dakteur, macht wie man sicht von dem ihm durch
588 2555 2360 2751 das sprichwort gewährleistete Hinkerehht
588 2652 2526 2825 einen so verschwenderische Gebrauch,dass hi
591 2780 2533 3005 dielogik mit ihren gesunden Beinen nicht mit
598 2911 2434 3146 ihx Schritt zu halten-vermag sand es blribt
596 3045 2424 3279 nurdie Frage übnig, ob ein Maler resp. ein
1035 3180 1283 3277 rober
591 3168 2484 3353 putor in de racenttion er romutet, dass
1488 3299 1735 3393 sich für
603 3349 2271 3504 ein Teil des Publikums (das dargebotene
