2904 3576
797 595 2315 802 Es hükfe wir nichte, wenn ich oo zu
490 763 2391 937 vershwägen suchte: Diese Geschichte spielt
504 893 2357 1100 in der Vorkriegszeit, in deiner Vorkriegs-
509 1006 2406 1230 welt, in einem gesterreich, das heute in sei-
487 1168 2465 1360 ner politischen und gesellschaftlichen Struk-
524 1269 2406 1442 tur kaum mehr oder dooh sofr orlobttot vor
1594 1400 1752 1491 K.R
504 1400 2364 1609 andort exiptiert. Ee gibt kein Siger Regi
903 1545 1065 1641 und
504 1542 2391 1756 ment mehr,os gibt keine österreichische Of-
512 1673 2322 1887 fiziorsgesellschaft, die im Caféhaus einer
502 1786 2440 2020 Sommorf rische Karten spiolt.Konsuln, Theater-
514 1929 2398 2111 sekrotäre, Sohauspieler, alternde Sonderlinge
509 2059 2450 2276 und Blugenmädchen sind allerdings noch nicht
514 2177 2315 2401 vok Frdboden verschrunden, und so weit sie
512 2369 2300 2541 noch vorhanden sind dürften sie in ihrem
524 2445 2288 2672 Lebensgefühl und ihren Lebensäusserungen
526 2585 2450 2753 sich von den vonsuln,Theatersekretären, Schau
517 2708 2490 2920 spielern, alten sonder ingen und Blumenmädchen
524 2831 2320 3068 von 1814 oder 1900 nicht erheblich unter-
522 2959 2376 3178 scheiden; und auch junge leute, ganz von der
