2936 3720
1900 493 2234 667 She
722 556 1553 722 keine Ahenngtätten
745 672 2446 840 gernlchte müsten. Es ist vielleichtnicht
742 800 2531 961 un interessant wie Sie sich aus dieser Affatre
750 926 2489 1077 zlehen, die gewiss so lange als nicht riskant
931 1029 1308 1125 Aeusti Dia
737 1069 2489 1190 gelten kenn, als Vman nicht darauf gefasst sein
737 1175 1027 1246 renten
735 1178 2609 1351 mügen Ihre Matlode im Einzelnen nachgeprüft zu
750 1321 2516 1459 seien. Diesem etwas ärgarlichen Vergnilgen will
745 1457 1769 1618 ich mich hier unterzichen.
896 1555 2491 1721 Sie schildern sozusagen eine Idealszenes
755 1691 2572 1885 in der die Quintessenz aller meiner Segnen ent-
2338 1759 2718 1892 soruhe
730 1834 2486 2003 halten sein soll. Zutschen den Liebenden, ist
735 1940 2564 2131 alles äusserlich noch wie es wgr. Innerlich. hct
750 2088 2519 2257 sich etwas verändert.Der ignn muss frei sein.
737 2207 2519 2370 Es komt zu einer Auseinandersetzung, die Thau
750 2335 2411 2494 entfernt sich, manchmal verstehend, manchmel
745 2456 2765 2602 hilflos tn Thrünen oder in a starm of indigration,
928 2557 2026 2647 nur nesalierie ensert
747 2607 2446 2773 u. s. 10. Therasare the Schnttzler Haro and the
747 2735 1047 2899 heroin.
891 2843 2652 3025 Num sagen Sie auar selbst, dass Sie sich hier
740 2964 2652 3148 hur auf don Einanterazyhlus, Anatol bezogen heben
760 3103 2682 3284 und dass die Sttuationen nicht wortgetreu uleder-
798 3228 2443 3417 egehen seien. Sie ernähnen ferner, dass der
