2856 3480
689 506 1497 645 s-an anderer Stelle
1529 539 2359 674 äussert sich Volkelt
626 648 2542 794 über den Wiener Juden Schnitzler: "Wenn Schnitz-
628 756 2429 922 ler in dem letzten seiner "Anatol(-Stücke den
621 891 2383 1042 Helden vor der Nacht zu seiner Hochzeit eind
619 1011 2489 1199 Dirne zu sich nehmen lässt iund diese Schuftige
614 1153 2475 1331 Schweinerei als eine liebenswürdige Bagatelle,
614 1278 2540 1447 wie sie eben das Leben mit sich bringt, zu behan-
624 1428 2557 1577 deln wagt, so muss. wan sich wundern, dass Schnitz-
604 1543 2533 1690 ler das Schamgefühl nicht die Feder, aus der Hand-
607 1666 1199 1825 fallen liese."
590 2111 2468 2282 Aus Prof. Volkelts Buch Kunst und Volkserziehung
602 2261 2533 2432 etc.,Feuilleton Staatbürgerzeitung, Berlin 7.6.11.
