<?xml version="1.0" encoding="UTF-8" standalone="yes"?>
<PcGts xmlns="http://schema.primaresearch.org/PAGE/gts/pagecontent/2013-07-15" xmlns:xsi="http://www.w3.org/2001/XMLSchema-instance" xsi:schemaLocation="http://schema.primaresearch.org/PAGE/gts/pagecontent/2013-07-15 http://schema.primaresearch.org/PAGE/gts/pagecontent/2013-07-15/pagecontent.xsd">
    <Metadata>
        <Creator>prov=READ-COOP:name=PyLaia@TranskribusPlatform:version=2.7.0:model_id=50870:lm=none:date=22_01_2024_20:33</Creator>
        <Created>2023-09-27T14:39:44.133+02:00</Created>
        <LastChange>2024-01-22T20:33:01.158+01:00</LastChange>
        <TranskribusMetadata docId="1589058" pageId="60125982" pageNr="76" tsid="145640016" status="IN_PROGRESS" userId="40391" imgUrl="https://files.transkribus.eu/Get?id=OWOJGDSIQDMVHBJYOOKXUSSX&amp;fileType=view" xmlUrl="https://files.transkribus.eu/Get?id=CKTPPWTIBAWBWNXCQPSTTCIQ" imageId="48551059"/>
    </Metadata>
    <Page imageFilename="1589058_0076.jpg" imageWidth="3016" imageHeight="3752">
        <ReadingOrder>
            <OrderedGroup id="ro_1711789644816" caption="Regions reading order">
                <RegionRefIndexed index="0" regionRef="tr_1"/>
            </OrderedGroup>
        </ReadingOrder>
        <TextRegion orientation="0.0" id="tr_1" custom="readingOrder {index:0;}">
            <Coords points="522,280 522,3393 2832,3393 2832,280"/>
            <TextLine id="tr_1_tl_1" custom="readingOrder {index:0;}">
                <Coords points="2130,414 2146,409 2186,438 2256,446 2285,441 2264,275 2226,273 2199,294 2189,286 2175,294 2162,283 2149,291 2133,278 2114,283"/>
                <Baseline points="2134,334 2163,334 2192,335 2221,337 2250,344 2280,352"/>
                <TextEquiv>
                    <Unicode>2</Unicode>
                </TextEquiv>
            </TextLine>
            <TextLine id="tr_1_tl_2" custom="readingOrder {index:1;}">
                <Coords points="502,649 593,655 698,604 719,625 786,617 847,580 957,591 973,478 914,478 853,446 791,476 732,468 639,500 526,497"/>
                <Baseline points="522,620 548,620 574,619 600,615 626,612 652,608 679,599 705,592 731,587 757,583 783,580 809,578 836,576 862,574 888,571 914,566 940,562 967,558"/>
                <TextEquiv>
                    <Unicode>treietor</Unicode>
                </TextEquiv>
            </TextLine>
            <TextLine id="tr_1_tl_3" custom="readingOrder {index:2;}">
                <Coords points="2330,641 2389,665 2427,652 2467,676 2483,665 2512,676 2566,631 2630,660 2622,468 2595,465 2568,492 2469,489 2448,470 2328,543"/>
                <Baseline points="2346,611 2372,615 2398,617 2424,617 2451,618 2477,620 2503,620 2529,621 2556,624 2582,625 2608,623 2635,620"/>
                <TextEquiv>
                    <Unicode>1922</Unicode>
                </TextEquiv>
            </TextLine>
            <TextLine id="tr_1_tl_4" custom="readingOrder {index:3;}">
                <Coords points="695,938 764,903 1753,978 2635,949 2632,877 2469,826 2384,861 2087,820 2026,855 1916,807 1435,804 1358,839 1275,788 690,788"/>
                <Baseline points="707,847 803,856 900,862 997,866 1093,870 1190,874 1287,880 1383,883 1480,889 1577,890 1674,894 1770,898 1867,901 1964,901 2060,908 2157,911 2254,918 2350,919 2447,919 2544,922 2641,919"/>
                <TextEquiv>
                    <Unicode>Weil die Melt sich so verkehrt hat, dass bein</Unicode>
                </TextEquiv>
            </TextLine>
            <TextLine id="tr_1_tl_5" custom="readingOrder {index:4;}">
                <Coords points="692,1048 978,1024 1253,1080 1347,1037 1604,1088 1652,1050 1863,1056 1964,1106 2245,1072 2504,1120 2670,1096 2638,997 2205,949 1566,989 1465,949 1315,975 1253,927 690,941"/>
                <Baseline points="704,979 802,988 900,996 999,993 1097,999 1195,1005 1294,1006 1392,1014 1490,1017 1589,1019 1687,1023 1785,1029 1884,1032 1982,1035 2080,1038 2179,1041 2277,1044 2375,1047 2474,1050 2572,1051 2671,1038"/>
                <TextEquiv>
                    <Unicode>Vöiser Neiher statt des Aotels kanonen stan--</Unicode>
                </TextEquiv>
            </TextLine>
            <TextLine id="tr_1_tl_6" custom="readingOrder {index:5;}">
                <Coords points="690,1160 885,1138 1008,1203 1312,1181 1459,1219 1799,1155 2210,1251 2317,1192 2606,1219 2600,1104 2242,1074 1841,1112 1684,1050 1563,1085 1451,1042 1374,1090 978,1024 877,1064 756,1024 684,1066"/>
                <Baseline points="701,1116 796,1122 892,1125 987,1126 1083,1130 1178,1131 1274,1139 1369,1140 1465,1146 1560,1147 1656,1153 1751,1156 1847,1158 1942,1163 2038,1167 2133,1164 2229,1173 2324,1174 2420,1179 2515,1182 2611,1182"/>
                <TextEquiv>
                    <Unicode>den und die Jünglinge als erstes Erlebnisdas</Unicode>
                </TextEquiv>
            </TextLine>
            <TextLine id="tr_1_tl_7" custom="readingOrder {index:6;}">
                <Coords points="1721,1232 1745,1229 1777,1248 1804,1232 1812,1240 1828,1232 1847,1243 1865,1232 1879,1243 1900,1235 1903,1176 1881,1173 1860,1184 1852,1176 1831,1176 1801,1155 1769,1168 1724,1165"/>
                <Baseline points="1737,1217 1765,1219 1793,1220 1822,1220 1850,1220 1878,1218 1907,1214"/>
                <TextEquiv>
                    <Unicode>Herr</Unicode>
                </TextEquiv>
            </TextLine>
            <TextLine id="tr_1_tl_8" custom="readingOrder {index:7;}">
                <Coords points="684,1291 1112,1296 1339,1355 1662,1315 1908,1368 2165,1328 2341,1371 2654,1323 2811,1368 2825,1256 2207,1248 2077,1189 1780,1251 1668,1181 1571,1227 1176,1187 681,1208"/>
                <Baseline points="695,1250 801,1250 908,1255 1015,1254 1122,1264 1229,1265 1336,1269 1442,1273 1549,1277 1656,1278 1763,1280 1870,1283 1977,1291 2084,1295 2190,1301 2297,1301 2404,1305 2511,1310 2618,1310 2725,1314 2832,1325"/>
                <TextEquiv>
                    <Unicode>Storben erkannten (wwie er Holz am 15. Mai indit</Unicode>
                </TextEquiv>
            </TextLine>
            <TextLine id="tr_1_tl_9" custom="readingOrder {index:8;}">
                <Coords points="679,1416 991,1459 1189,1414 1486,1467 1641,1427 1863,1478 2023,1451 2109,1494 2178,1459 2483,1470 2480,1355 2050,1366 1617,1315 1427,1358 994,1312 895,1344 767,1296 676,1336"/>
                <Baseline points="692,1382 781,1384 871,1384 960,1387 1050,1387 1139,1393 1229,1399 1318,1399 1408,1399 1497,1405 1587,1402 1677,1408 1766,1414 1856,1417 1945,1420 2035,1423 2124,1423 2214,1429 2303,1432 2393,1432 2483,1432"/>
                <TextEquiv>
                    <Unicode>schreibt), deswegen - so will er plötzlch</Unicode>
                </TextEquiv>
            </TextLine>
            <TextLine id="tr_1_tl_10" custom="readingOrder {index:9;}">
                <Coords points="668,1545 1163,1598 1606,1566 1718,1604 2635,1601 2632,1518 2341,1473 2237,1515 1799,1446 1732,1491 1590,1438 1192,1467 1122,1432 863,1462 665,1430"/>
                <Baseline points="683,1507 780,1513 878,1516 976,1518 1074,1519 1172,1516 1270,1525 1368,1528 1466,1532 1564,1532 1662,1537 1759,1543 1857,1548 1955,1550 2053,1552 2151,1552 2249,1558 2347,1561 2445,1564 2543,1569 2641,1576"/>
                <TextEquiv>
                    <Unicode>behaupten - sei die Welt, die ich geschildert,</Unicode>
                </TextEquiv>
            </TextLine>
            <TextLine id="tr_1_tl_11" custom="readingOrder {index:10;}">
                <Coords points="684,1681 1318,1681 1628,1732 1791,1702 2167,1753 2360,1710 2501,1740 2544,1718 2542,1612 2151,1598 2055,1638 1799,1574 1406,1620 1280,1571 1173,1612 679,1593"/>
                <Baseline points="695,1638 787,1644 880,1642 973,1648 1066,1650 1159,1654 1252,1653 1344,1659 1437,1659 1530,1664 1623,1668 1716,1673 1809,1674 1902,1677 1994,1680 2087,1680 2180,1686 2273,1689 2366,1690 2459,1696 2552,1704"/>
                <TextEquiv>
                    <Unicode>versunken und das Merk,das ich geschaffen.</Unicode>
                </TextEquiv>
            </TextLine>
            <TextLine id="tr_1_tl_12" custom="readingOrder {index:11;}">
                <Coords points="660,1823 975,1796 1759,1868 2349,1831 2624,1884 2619,1729 2095,1761 1914,1713 1716,1750 1454,1697 1331,1729 1272,1689 1109,1737 1050,1692 991,1724 655,1676"/>
                <Baseline points="671,1767 768,1773 866,1776 964,1780 1062,1781 1160,1784 1258,1787 1356,1785 1454,1790 1552,1793 1650,1799 1747,1799 1845,1803 1943,1808 2041,1808 2139,1811 2237,1814 2335,1817 2433,1821 2531,1821 2629,1814"/>
                <TextEquiv>
                    <Unicode>überlebt? sind die Kanonen nicht wi der fort-</Unicode>
                </TextEquiv>
            </TextLine>
            <TextLine id="tr_1_tl_13" custom="readingOrder {index:12;}">
                <Coords points="673,1943 1072,1932 1147,1988 1465,2023 1579,1972 1745,2010 2015,1972 2229,2031 2587,1986 2558,1876 2320,1911 2154,1855 1716,1871 1630,1836 1339,1871 820,1804 671,1849"/>
                <Baseline points="689,1910 784,1910 879,1909 974,1908 1069,1910 1164,1912 1259,1914 1354,1919 1449,1922 1544,1917 1639,1926 1734,1927 1829,1931 1924,1936 2019,1939 2114,1939 2209,1946 2304,1946 2399,1946 2494,1952 2590,1946"/>
                <TextEquiv>
                    <Unicode>geschafft? Wird an Fölser Melher oder an Ka-</Unicode>
                </TextEquiv>
            </TextLine>
            <TextLine id="tr_1_tl_14" custom="readingOrder {index:13;}">
                <Coords points="631,2074 1857,2087 2093,2162 2528,2143 2523,2004 2387,2042 1689,1980 1323,2012 1066,1975 1000,2018 628,1988"/>
                <Baseline points="644,2029 738,2035 832,2038 927,2041 1021,2041 1115,2044 1210,2047 1304,2050 1398,2050 1493,2056 1587,2056 1681,2059 1776,2062 1870,2063 1964,2065 2059,2067 2153,2070 2247,2074 2342,2077 2436,2080 2531,2077"/>
                <TextEquiv>
                    <Unicode>reresee nicht megr geliebt und betrogen und</Unicode>
                </TextEquiv>
            </TextLine>
            <TextLine id="tr_1_tl_15" custom="readingOrder {index:14;}">
                <Coords points="644,2216 1243,2181 1366,2234 1601,2218 1700,2256 2611,2234 2608,2127 2349,2162 1732,2149 1641,2101 1251,2111 1205,2077 641,2101"/>
                <Baseline points="659,2161 756,2167 854,2170 952,2171 1050,2171 1148,2175 1246,2175 1344,2179 1442,2181 1540,2183 1638,2187 1735,2187 1833,2193 1931,2193 2029,2196 2127,2199 2225,2205 2323,2208 2421,2209 2519,2213 2617,2208"/>
                <TextEquiv>
                    <Unicode>seit so viele Hunderttausende den sogenannten</Unicode>
                </TextEquiv>
            </TextLine>
            <TextLine id="tr_1_tl_16" custom="readingOrder {index:15;}">
                <Coords points="639,2344 914,2320 1082,2373 1291,2325 1414,2373 1745,2328 2178,2405 2288,2346 2397,2381 2395,2288 2058,2272 1914,2221 1646,2274 1542,2232 1467,2266 1352,2232 1058,2253 949,2202 636,2232"/>
                <Baseline points="653,2292 740,2295 827,2298 915,2298 1002,2301 1090,2303 1177,2307 1265,2309 1352,2312 1440,2315 1527,2315 1614,2316 1702,2318 1789,2320 1877,2323 1964,2325 2052,2328 2139,2331 2227,2331 2314,2334 2402,2340"/>
                <TextEquiv>
                    <Unicode>Heldentod starben,gibt es keinen anderen</Unicode>
                </TextEquiv>
            </TextLine>
            <TextLine id="tr_1_tl_17" custom="readingOrder {index:16;}">
                <Coords points="633,2477 698,2504 949,2456 1058,2501 1203,2467 1435,2504 1571,2459 1759,2507 1849,2477 2183,2515 2464,2483 2461,2403 2242,2373 2090,2405 1857,2352 1547,2411 1371,2349 887,2389 631,2352"/>
                <Baseline points="647,2423 738,2426 829,2426 920,2429 1011,2432 1102,2432 1193,2433 1284,2438 1375,2439 1466,2441 1557,2439 1648,2445 1739,2447 1830,2450 1921,2453 2012,2456 2103,2461 2194,2462 2285,2464 2376,2467 2468,2465"/>
                <TextEquiv>
                    <Unicode>Tod mehr oder ist er eine behngloge Sache</Unicode>
                </TextEquiv>
            </TextLine>
            <TextLine id="tr_1_tl_18" custom="readingOrder {index:17;}">
                <Coords points="628,2584 2475,2646 2536,2643 2534,2491 2413,2536 2026,2499 1922,2547 1595,2485 1510,2520 1211,2464 1066,2504 625,2472"/>
                <Baseline points="644,2561 738,2558 833,2558 928,2561 1023,2561 1118,2563 1212,2567 1307,2566 1402,2569 1497,2569 1592,2572 1686,2572 1781,2578 1876,2580 1971,2583 2066,2586 2160,2584 2255,2590 2350,2590 2445,2594 2540,2587"/>
                <TextEquiv>
                    <Unicode>geworden? Und wird die-Liebe niht alle Ka-</Unicode>
                </TextEquiv>
            </TextLine>
            <TextLine id="tr_1_tl_19" custom="readingOrder {index:18;}">
                <Coords points="569,2723 1082,2697 1259,2739 1339,2702 1873,2779 2194,2747 2501,2785 2499,2640 2314,2670 2085,2619 1799,2648 1700,2606 1424,2646 1302,2592 1042,2622 853,2582 690,2638 569,2624"/>
                <Baseline points="585,2686 681,2692 777,2692 873,2690 969,2690 1065,2688 1161,2692 1257,2689 1353,2698 1449,2698 1546,2701 1642,2704 1738,2704 1834,2707 1930,2704 2026,2715 2122,2715 2218,2719 2314,2721 2410,2722 2507,2722"/>
                <TextEquiv>
                    <Unicode>nonen der Melt überdeuern? Uud sagt wir dah</Unicode>
                </TextEquiv>
            </TextLine>
            <TextLine id="tr_1_tl_20" custom="readingOrder {index:19;}">
                <Coords points="1005,2758 1040,2761 1080,2779 1114,2779 1122,2771 1138,2777 1147,2769 1160,2782 1179,2769 1189,2779 1205,2779 1205,2723 1179,2715 1157,2723 1128,2697 1117,2705 1072,2697 1037,2726 1026,2718 1005,2723"/>
                <Baseline points="1020,2755 1047,2757 1074,2758 1101,2758 1129,2758 1156,2758 1183,2758 1211,2755"/>
                <TextEquiv>
                    <Unicode>der</Unicode>
                </TextEquiv>
            </TextLine>
            <TextLine id="tr_1_tl_21" custom="readingOrder {index:20;}">
                <Coords points="628,2897 748,2849 1141,2852 1277,2894 1395,2844 1483,2884 1678,2873 1745,2918 1964,2860 2135,2897 2224,2870 2306,2924 2606,2913 2603,2803 2445,2766 2250,2803 1518,2747 1328,2790 1072,2782 812,2710 625,2726"/>
                <Baseline points="644,2814 742,2817 840,2817 939,2820 1037,2820 1135,2823 1234,2821 1332,2826 1430,2826 1529,2826 1627,2829 1725,2832 1824,2835 1922,2837 2020,2838 2119,2844 2217,2847 2315,2848 2414,2853 2512,2856 2611,2853"/>
                <TextEquiv>
                    <Unicode>endlich, denen meine Problene zu gering dünken,</Unicode>
                </TextEquiv>
            </TextLine>
            <TextLine id="tr_1_tl_22" custom="readingOrder {index:21;}">
                <Coords points="617,2985 1465,3009 1609,2977 1750,3031 2106,3009 2221,3055 2542,3020 2542,2918 2282,2924 2213,2873 2077,2921 1368,2913 1147,2854 1013,2910 845,2862 615,2900"/>
                <Baseline points="632,2946 727,2946 823,2947 919,2949 1015,2949 1111,2951 1207,2952 1302,2952 1398,2955 1494,2956 1590,2958 1686,2960 1782,2963 1878,2963 1973,2969 2069,2969 2165,2972 2261,2975 2357,2978 2453,2978 2549,2984"/>
                <TextEquiv>
                    <Unicode>als dass diese Menschkeit, die durch Blut und</Unicode>
                </TextEquiv>
            </TextLine>
            <TextLine id="tr_1_tl_23" custom="readingOrder {index:22;}">
                <Coords points="612,3100 1104,3105 1216,3146 1395,3100 1652,3164 2216,3129 2357,3188 2584,3143 2582,3055 2523,3041 2237,3060 1863,3004 1772,3052 1601,2980 1518,3049 1064,2991 946,3036 609,2966"/>
                <Baseline points="626,3071 724,3072 822,3074 920,3076 1018,3077 1116,3080 1214,3082 1312,3083 1410,3086 1508,3088 1606,3089 1704,3089 1802,3093 1900,3096 1998,3095 2096,3101 2194,3101 2292,3107 2390,3108 2488,3111 2587,3116"/>
                <TextEquiv>
                    <Unicode>Elend schritt, sich defür noch interessteren</Unicode>
                </TextEquiv>
            </TextLine>
            <TextLine id="tr_1_tl_24" custom="readingOrder {index:23;}">
                <Coords points="615,3252 756,3223 917,3258 1130,3228 2453,3274 2483,3159 2338,3188 2023,3135 1956,3170 1817,3124 1668,3180 1593,3135 1211,3146 1010,3103 756,3162 612,3127"/>
                <Baseline points="626,3199 719,3199 812,3199 905,3202 999,3208 1092,3208 1185,3211 1279,3211 1372,3211 1465,3213 1559,3213 1652,3214 1745,3217 1838,3220 1932,3223 2025,3226 2118,3229 2212,3229 2305,3233 2398,3237 2492,3235"/>
                <TextEquiv>
                    <Unicode>könnte, -welches sind die Problene, mit denen</Unicode>
                </TextEquiv>
            </TextLine>
            <TextLine id="tr_1_tl_25" custom="readingOrder {index:24;}">
                <Coords points="617,3413 917,3362 1173,3421 1636,3421 1694,3464 2074,3383 2509,3423 2566,3407 2566,3303 2413,3266 2371,3301 1876,3293 1777,3250 1534,3287 1430,3239 1192,3279 978,3231 615,3250"/>
                <Baseline points="632,3322 728,3325 825,3327 922,3330 1019,3330 1116,3331 1213,3334 1309,3334 1406,3338 1503,3336 1600,3340 1697,3342 1794,3343 1891,3346 1987,3349 2084,3353 2181,3356 2278,3357 2375,3360 2472,3363 2569,3366"/>
                <TextEquiv>
                    <Unicode>ihr Ruch beschältigte Brot-und Fleischpreise?</Unicode>
                </TextEquiv>
            </TextLine>
            <TextEquiv>
                <Unicode></Unicode>
            </TextEquiv>
        </TextRegion>
    </Page>
</PcGts>
