3096 3832
464 552 727 702 Med.
877 732 2618 891 Ich behaupte nicht, dass sie irgend etwas
868 884 2543 1016 von mir gegen besseres Wissen schlöcht
868 991 2697 1154 finden, was sie eigentlich gut finden mürs-
859 1123 2493 1270 teu. Denn sie haben gar kein besseres
873 1248 2532 1423 Wissen. Ich glaube zum Beisplel nicht,
854 1420 2500 1502 dass ihnen der „Medardus“ gefällt und
861 1538 2486 1670 sie ihn trötzdem beschimpfen.Nein, ich
866 1613 2563 1807 glaube, er missfällt ihnen ganz ehrlich.
852 1766 2452 1911 Aber nur weil sie wissdn, dass er von
861 1886 2611 2041 mir ist.Und sie würden ihn sehr gut fin-
850 2043 2566 2193 den, wenn sie ihn einem ihnen genehmeren
820 2157 1893 2334 Autar zuschriebendurften
