3080 3800
326 474 502 658 Sut
525 446 678 592 or
783 711 2655 905 dern er ist sogar in der läge zwei Fassun-
803 887 2007 1058 gen zur Auswahl vorzulegen.
1188 1005 2524 1163 -Nach der einen Fassung spielt
801 1135 2560 1288 dieser Akt im Gerichtssaal bei der Revi-
803 1239 2772 1415 sionsverhandlung. Bernhardi wird frei ge-
615 1395 2665 1568 sprochen,weist aber die Rehabilitierung zu
801 1530 2570 1675 rück mit der Begründung, dass er zur Ein-
798 1609 2537 1808 sicht gekonmnen sei politische Betätigung
790 1798 2662 1953 sei die einzige eines Mannes würdige,er ge-
1183 1864 1640 1963 den seinen
788 1933 2532 2083 denke sich zun nun an einmal begonnenen
788 2048 2547 2221 Kampf gegen die Kirche engerisch weiter-
778 2185 2591 2333 zuführen, örkläre schon heute, dass er nie-
780 2308 2665 2443 mals wieder einen Priester in das Elisabe
785 2433 2698 2593 thinum hine inlassen, dass er sein n Patienten
778 2576 2588 2688 das Beichten verbieten werde und überdies
1372 2642 1777 2731 eergiet
778 2672 2591 2820 verschiedene strenge Massregeln gegen den
788 2780 2637 2976 päpstliehen Eirf luss vorzubkreiten gedenke.
768 2963 2588 3070 Mit dem Ausblick auf eine lange Reihe von
775 3073 2545 3236 Verurteilungen und Freisprechungen-würde
757 3205 2456 3379 nun das stück schliessen,wenn der Held
