3368 4376
1038 1243 2886 1415 irfragt, wie es in tetm Jatren mit Emstchen
2807 1344 2977 1428 den
1909 1352 2584 1450 gus eine hare bei
1053 1397 3012 1569 weras, lässt der Jude, as phantastische Bild eines
1033 1496 3070 1676 Augenhlicks erscheinen, der in debei Jabrei sem und
1048 1620 2668 1787 Der Kunstrichter Schönhof erzählt weiter:
1035 1716 2913 1909 Er wird noch zehn Jahre altern, dann hringt man
1053 1866 2941 2038 seine röthaärige Frau auf einer Bahre herbei und
1061 1984 2549 2139 er bricht an Verselhen Stelle. zusammen
1154 2103 1367 2200 geber
1050 2093 2906 2286 Wie lautet- die Schälderung jenes phantastischen
1050 2245 2939 2433 Bildes in meiner Novel e: Ich-sah mich, erzählt
1058 2341 2906 2529 der Leutnart.,"um zehn. Jahré gealtert mit einem
1050 2501 2949 2643 braunen Vollbart eine Narbe auf der Stirnmitten
1058 2612 3075 2782 auf einer Fahre hingestreckt, mitten auf einer Wie-
1048 2751 2901 2888 se. An meiner Seite kniend eine schöne Frau mit
1050 2845 2939 3020 rotem Haar, die Hand vor dem Antlitz, einen Kna-
1068 2956 2888 3139 ber und ein Mädchen nehen mir, dunkein Wald im-
1061 3081 2835 3275 Hinterghund und zuel Jagdleute mit Fackeln in
1053 3235 1445 3407 der Mähe!
1058 3318 2769 3521 Der Künstrichter Schöruof setzt fort.:, Der
1063 3450 3007 3640 Leutnaht heiratet hberauf eine dunkelhaarige Frab-
1066 3587 3017 3764 er weicht allem aus, was der raschenspieler ver-
1053 3736 1602 3880 kündet hatte.
