2888 3768
1253 451 1781 671 (Oppentee
2172 362 2468 733 4er
619 654 1441 842 gschrter Herr Baron;,
1532 708 2303 939 eer
434 905 2477 1036 Erst vor einigen Tagen ist mir durch meinen Verleger
425 982 2566 1179 die erste Jänner Nummer der österreichischen Rundschau
439 1164 2494 1316 zugestellt worden, mit dem Bericht über meinen Roman
434 1259 2623 1444 und Sie werden mir gewiss gestatten daraufhin die Ihnen
411 1413 2534 1575 anlässlich unserer letzten Begegnung mündlich gemachte
439 1552 2537 1724 Zusage meine Mitarbeiterschaft betreffend, höflichst
451 1689 2523 1838 zurückzunehmen. Ich bitte Sie darin nichts andres zu-
465 1792 2671 1975 xen sehn, als den aufrichtigen Wunsch weder Ihr Blatt
422 1949 2717 2115 noch mich lücherlich zu machen., oder etwa do zudringlieh
459 2066 2663 2277 zu erscheinen wie ein Mensch, den nicht wenige vortreff
439 2220 2603 2420 liche dasthöfe zur Einkehr offen stehn, und der es sich
428 2332 2580 2568 in den nopf setzt gerade in demjenigen abzusteigen, wo
477 2437 2685 2711 ein ungezogener Kollnersungs ihn anrenpelt.(Sie erraten
474 2623 2605 2831 ntürlich ohne weiters, dass dieser etwas zu zahne Ver
462 2745 2617 2937 gleich auf die Berichte Ihres Kunstrichters Otte stösel
491 2891 2514 3059 AsteAlt, die ich leider so weit sie mich betreffen
499 3028 2600 3273 nicht ais tritioote Referate betrachten kamn, sondern
497 3188 2517 3387 als dreist ungeschlckte Bulechungen, als eine Reihe
497 3307 1903 3556 bemusster böswilliger Entstellungen
