2856 3768
1560 554 2517 805 erwiesen mir in ehnen ger
303 607 1347 802 Laren in die Redaktion ein
280 767 2505 965 sönlichen Beauch die Ehre mich neuerdings zur Mitarbeiter
306 892 2476 1088 schaft aufzufördern. Datt Anrauf durfte jen Innen eine
283 1024 2406 1231 Novelle zur Verfügung stellen, (die ich vielleicht ohne
321 1161 2488 1376 grosse Mühe auch bei einer andern undran Ende nochmehr
318 1277 2490 1505 gelegenen Zeitung hätte anbringen können.(Und nun er-
297 1444 2645 1627 scheint wieder über einen Roman von mir von demselben Herrn
1059 1508 2622 1668 dea dectitiit. dci n. ceist fetebneolecale
292 1581 2458 1761 stössel ein Bericht, den kennzuzeichnen Ich mir bereits
332 1683 2531 1931 in den Eingagszeilen erlaubt habe. Sie werden mir viel
341 1805 2523 2036 leicht erwidern, dass es Innen selbstverständlich unnög
344 1936 2523 2161 lich sei Ihre Refferenten irgendwie zu beeinflüssen und
318 2094 2508 2295 werden in meinen Worten irgetutar wio eine, Angriff ge¬
312 2216 2508 2455 gen die Frolheit der Kritik zu sehn versuchen. Hierauf
321 2345 2619 2578 erkläre ich nochmals, dass es mir nicht einfällt die Frei-
359 2493 2505 2706 keit der Kritik auch nur im entferntesten beschränken
376 2607 2590 2817 zumattux zu wollen. Nur ist es nicht mehr Kritik, wenn
382 2747 2450 2954 der Inhalt eines Buches falsch erzählt, die darin be-
382 2890 2438 3144 handelten Grundfragen unterschlagen, missverstandene
385 3021 2435 3260 charakteristiken der Gestalten zu unerlaubt frecheer
365 3167 2607 3406 harakteristik des Autors, herausgeriesene Sätze sa Worte
