3400 4408
831 1269 3008 1530 sagt, dass Dein und mein Lebensweg so meit ausein-
839 1421 2954 1616 andergegangen sind, dass Deine und meine Entwick-
848 1550 3068 1773 lung eine so gänzlich vergehiedene Richtung einge-
857 1679 2985 1902 schlagen haben, dass Du mich eben nicht mehr ver-
854 1828 3063 2031 stehst und verstehen kannst. Du siehst ja auch all
860 1931 3040 2152 das, worüber ich als Kritiker zu urteilen habe, von
868 2083 2985 2301 einem ganz andern Standpunkt an,als ich. Du bist
877 2157 3109 2432 selbst beteiligt,bist selbst Partei. Meine künstlä-
885 2318 2962 2541 rischen Ueberzeugungen haben mich dazu geführt,
877 2455 3080 2679 Stellung gegen die meisten der dramatischen Auto-
891 2553 3146 2822 ren unserer Generation, Stellung sogar gegen manches
888 2710 2965 2925 Deiner Werke zu nehmen. Wie darf ich da von Dir
905 2856 3051 3071 erwarten oder gar beanspruchen, dass Du meine kri-
905 3011 2046 3215 tische Tätigkeit billigst1
1140 3083 3080 3321 Ich habe 7 Dir also nimals verargt, dass Du
905 3212 3103 3435 mich für einen schlechten Kritiker hältst. Ich ha-
911 3361 3080 3581 be allerdings, wenn ich mit Dir sprach und von nir-
905 3449 3215 3730 so manche Anschauung hörte,die ich für falsch halten
920 3610 3014 3879 muss, im Stillen Gott gedankt, dass ich nicht ein
937 3727 3174 3991 Kritiker geworden bin,den Du für gut halten würdet.
