3368 4312
1127 1238 3017 1368 Lande, in welcher Pärtei, durch welche Instanz im-
1132 1327 2941 1435 mer und ob sie nun an Proletariern,Bürgern, Lit
1137 1393 2934 1499 raten oder selbst an Fürsten verübt worden wär
1140 1467 2562 1556 und weiterhin verübt werden sollten.
1496 1496 3072 1634 Endlich erhebe ich Einspruch gegen jeden
1144 1585 2995 1686 von welchier Seite immer ausgehenden Eingriff in
1142 1656 2988 1747 die Freiheit und das Selbstbestimmungsrecht des
1147 1730 2995 1816 Individuums - solange durch die Ausübung dieser
1142 1784 2902 1890 Rechte nicht die jenigen eines anderen Indivi
1154 1856 2914 1942 duums verletzt würden - und aus dieser Empfin-
1149 1917 3003 2023 heraus verwahre ich mich hiemit öfrentlich gege-
1149 1981 2897 2072 die vermessene eigenmächtige Zeichnung meines
1154 2033 2988 2144 zu meiner alleinigen Vertügung stehenden Lauens
1162 2114 3003 2208 und wäre es auch in bester Absicht und zum Zx
1159 2173 2904 2299 hhen besten Zweck geschehen - unter ein-
1157 2235 2954 2343 Schriftstück,von dessen Existenz ich im Augen-
1154 2301 3128 2429 blicke der Absendung überhaupt keine Ahnung hatte.
2065 2370 2887 2488 Dr. Arthur Schnitzler.
