2904 3768
1954 493 2135 621 1911.
520 428 1030 672 Hidier
2195 894 2420 1125 oson 1.
593 946 2217 1144 Geniss, lieber Freund,schon in Dethen Brie
2371 1149 2564 1274 espre
374 1117 2369 1314 test Du allerlei Bedenhen gegen die "Beatticer auss
374 1228 2488 1439 chen; und in Deinen Feulileton über dasselhe Stek mar
363 1369 2425 1547 mancies Lob entlalten. Nichtsdestwmmiger wird jeder
371 1507 2539 1667 objektiu Urteilende uon Deinen Briefen über die Tratri-
382 1612 2344 1762 co" den Eindruch empfangen:Fraulige Begrüsung des
360 1748 2537 1924 Werks nicht ohne Einiendunigen; - ven Deinem Fautlston:
363 1870 2520 2032 Ablehnung mit Zihaben; - so. verschinden ist der Frund-
379 2003 2520 2219 ton Deiner Frtuntiusgsrungen segeniher dem Natres hat-
2312 2149 2447 2203 drein
388 2125 2504 2328 tungsartiha1s. Wenn ich also sahan kainen Grund sche.
366 2285 2412 2469 dass Dich lie Lehtüre der Briefkepien vor Erstcuner.
379 2393 2434 2607 starr gemacht hät, so begräife-isch noch weniger Leine
377 2507 2518 2729 Behruptung, dass die Briefkapten nan mir als Detumente
371 2672 2363 2840 gegen Deine Ehre gedacht waren. Sie paren und atus
371 2805 2431 3005 nichts anderes als Beweise, dass Deine Ansichten über
374 2946 2423 3130 etn Stuck im Laufe von anei Jahren erheblich gewerk-
360 3065 2230 3257 selt haben; und als rniche bleiben sia bestehen.
558 3157 2425 3320 zu dem Fall der "Lebendigen Stunden“ übergelend
369 3282 2322 3518 möchte ich vor allem erhlüren, dass ich die Dir ge-
