2888 3640
615 405 2515 661 des Thaaterstücks nicht allzumeit entfernt.
597 628 2446 782 Dass derfilm auf Napoleon nicht verzichten.
590 733 2518 900 konnte und durfte ist ebeliso selbstvershänd-
595 872 2479 1023 lich, als dass das Theaterstück sich davor
1820 969 2582 1049 Gertalt dee kanne
582 995 2451 1184 hütete die überlebensgroost Renlichteit
595 1159 2484 1297 genisse maxgen exisodisch auftreten zu lag-
585 1292 795 1472 SBn.
905 1374 2574 1561 „sie fragen, ob andere meiner Kerke vor
585 1507 2574 1700 filat worden sind? Ja.keine beiden früheslen:
590 1648 2448 1838 Liebelei und Anatol.Liebelei wurde von der
585 1795 2495 1966 Nordisk-Filngesellschaft verfilmt.Pshlander
587 1925 2610 2097 spielte den rritz.Es gab prachtvolle Uaturaufs
585 2046 2564 2215 nahmen und einige sehr gute suhauspielerische
585 2164 2628 2338 leis ungen. och das mienerische fehlte begreif-
743 2284 1128 2371 alliireta
884 2300 2566 2469 se, trotz mancher landskhaftlicher und
585 2328 733 2469 1ie
590 2423 2651 2600 seelischer Verwandtschaft zwischen wien und ko-
585 2564 2607 2746 penhagen.Der Filn läuft längst nicht mehr, ver
587 2682 2533 2859 schiedene Gesdllschaften haben sich seither
618 2812 2633 2992 um die neueréde Vorfilmung der Liebelei" be-
572 2946 2533 3166 worben, aber die rochtelage ist noch nicht, so
