<?xml version="1.0" encoding="UTF-8" standalone="yes"?>
<PcGts xmlns="http://schema.primaresearch.org/PAGE/gts/pagecontent/2013-07-15" xmlns:xsi="http://www.w3.org/2001/XMLSchema-instance" xsi:schemaLocation="http://schema.primaresearch.org/PAGE/gts/pagecontent/2013-07-15 http://schema.primaresearch.org/PAGE/gts/pagecontent/2013-07-15/pagecontent.xsd">
    <Metadata>
        <Creator>prov=READ-COOP:name=PyLaia@TranskribusPlatform:version=2.7.0:model_id=50870:lm=none:date=22_01_2024_20:33</Creator>
        <Created>2023-09-27T14:40:02.725+02:00</Created>
        <LastChange>2024-01-22T20:33:24.903+01:00</LastChange>
        <TranskribusMetadata docId="1589058" pageId="60126625" pageNr="199" tsid="145640184" status="IN_PROGRESS" userId="40391" imgUrl="https://files.transkribus.eu/Get?id=UEQRXWPFQEAYTXPRQVOAWCBK&amp;fileType=view" xmlUrl="https://files.transkribus.eu/Get?id=ORLITRMURHRPRHRSKISZKANJ" imageId="48551702"/>
    </Metadata>
    <Page imageFilename="1589058_0199.jpg" imageWidth="2888" imageHeight="3640">
        <ReadingOrder>
            <OrderedGroup id="ro_1711789830076" caption="Regions reading order">
                <RegionRefIndexed index="0" regionRef="tr_1"/>
            </OrderedGroup>
        </ReadingOrder>
        <TextRegion orientation="0.0" id="tr_1" custom="readingOrder {index:0;}">
            <Coords points="447,395 447,3132 2640,3132 2640,395"/>
            <TextLine id="tr_1_tl_1" custom="readingOrder {index:0;}">
                <Coords points="1347,499 1379,507 1398,488 1408,493 1427,488 1448,507 1491,507 1491,373 1472,373 1459,384 1446,373 1430,381 1408,376 1398,384 1374,360 1347,365"/>
                <Baseline points="1363,459 1389,457 1416,456 1443,456 1470,456 1497,456"/>
                <TextEquiv>
                    <Unicode>19</Unicode>
                </TextEquiv>
            </TextLine>
            <TextLine id="tr_1_tl_2" custom="readingOrder {index:1;}">
                <Coords points="432,662 832,640 934,675 1147,630 1232,672 1462,608 2105,622 2214,587 2374,619 2558,590 2563,437 2254,480 2094,453 1830,515 1697,456 1355,512 1214,440 896,472 680,419 437,429"/>
                <Baseline points="447,635 552,632 658,629 764,626 870,623 976,619 1082,617 1188,614 1294,613 1400,608 1506,606 1611,602 1717,602 1823,595 1929,591 2035,587 2141,585 2247,587 2353,581 2459,575 2565,572"/>
                <TextEquiv>
                    <Unicode>ähnliche übenteuern gibt er selnen Reltungssport</Unicode>
                </TextEquiv>
            </TextLine>
            <TextLine id="tr_1_tl_3" custom="readingOrder {index:2;}">
                <Coords points="445,782 2521,707 2526,595 2203,587 1979,643 1761,600 1552,670 1360,640 1131,707 947,664 872,704 806,664 448,723"/>
                <Baseline points="459,763 562,760 665,762 769,759 872,754 976,750 1079,748 1182,745 1286,741 1389,737 1493,733 1596,728 1699,728 1803,725 1906,722 2010,718 2113,716 2216,716 2320,710 2423,705 2527,701"/>
                <TextEquiv>
                    <Unicode>auf und gewinnt sich seine Tattlin wieder, die in-</Unicode>
                </TextEquiv>
            </TextLine>
            <TextLine id="tr_1_tl_4" custom="readingOrder {index:3;}">
                <Coords points="445,912 774,891 904,950 1086,883 1395,915 1670,864 2057,854 2113,899 2379,867 2379,800 2321,771 2049,782 1963,739 1851,784 776,766 587,854 448,819"/>
                <Baseline points="459,892 555,892 651,891 748,885 844,883 940,883 1037,880 1133,877 1229,880 1326,870 1422,868 1518,865 1615,863 1711,859 1807,856 1904,852 2000,849 2096,845 2193,842 2289,841 2386,844"/>
                <TextEquiv>
                    <Unicode>des- ein-biechen, ganz unschuldig natürlich,</Unicode>
                </TextEquiv>
            </TextLine>
            <TextLine id="tr_1_tl_5" custom="readingOrder {index:4;}">
                <Coords points="448,1030 2147,1011 2198,974 2462,982 2465,867 2113,902 2022,854 1825,926 1590,875 1224,963 448,968"/>
                <Baseline points="462,1026 562,1019 662,1020 762,1023 863,1014 963,1013 1063,1012 1163,1006 1264,1002 1364,1001 1464,999 1564,997 1665,993 1765,987 1865,987 1965,985 2066,981 2166,977 2266,973 2366,967 2467,966"/>
                <TextEquiv>
                    <Unicode>wie es in imerika üblich i.t,mit Max geflirtet</Unicode>
                </TextEquiv>
            </TextLine>
            <TextLine id="tr_1_tl_6" custom="readingOrder {index:5;}">
                <Coords points="459,1240 472,1238 499,1256 520,1243 576,1259 643,1192 672,1195 670,1139 648,1139 574,1091 555,1110 525,1096 512,1096 504,1110 480,1094 451,1102"/>
                <Baseline points="468,1154 494,1154 521,1154 547,1154 574,1155 600,1157 627,1159 653,1161 680,1166"/>
                <TextEquiv>
                    <Unicode>Aat.</Unicode>
                </TextEquiv>
            </TextLine>
            <TextLine id="tr_1_tl_7" custom="readingOrder {index:6;}">
                <Coords points="800,1286 2342,1259 2435,1240 2441,1086 1734,1091 1576,1174 806,1118"/>
                <Baseline points="817,1279 898,1275 979,1274 1061,1271 1142,1268 1224,1263 1305,1266 1387,1259 1468,1258 1550,1253 1631,1253 1712,1250 1794,1246 1875,1246 1957,1241 2038,1238 2120,1238 2201,1233 2283,1229 2364,1229 2446,1223"/>
                <TextEquiv>
                    <Unicode>ich Fragte schnitzler nach seinen An-</Unicode>
                </TextEquiv>
            </TextLine>
            <TextLine id="tr_1_tl_8" custom="readingOrder {index:7;}">
                <Coords points="469,1427 824,1456 1102,1398 1352,1430 1467,1390 1584,1440 1761,1382 2211,1408 2499,1368 2505,1238 2142,1286 1427,1264 912,1360 720,1275 475,1251"/>
                <Baseline points="483,1417 584,1414 685,1413 786,1408 887,1405 988,1404 1089,1396 1191,1395 1292,1390 1393,1390 1494,1386 1595,1385 1696,1381 1797,1375 1899,1372 2000,1370 2101,1369 2202,1362 2303,1360 2404,1355 2506,1354"/>
                <TextEquiv>
                    <Unicode>sichten über die Bedeutung und die voraussicht-</Unicode>
                </TextEquiv>
            </TextLine>
            <TextLine id="tr_1_tl_9" custom="readingOrder {index:8;}">
                <Coords points="464,1566 1878,1539 1961,1526 1966,1403 1761,1384 1480,1446 1102,1398 752,1480 467,1472"/>
                <Baseline points="480,1551 554,1547 628,1545 703,1542 777,1536 852,1536 926,1536 1001,1532 1075,1527 1150,1524 1224,1524 1298,1524 1373,1521 1447,1517 1522,1512 1596,1513 1671,1510 1745,1509 1820,1509 1894,1509 1969,1512"/>
                <TextEquiv>
                    <Unicode>liche Meiterentwicklung des Filine.</Unicode>
                </TextEquiv>
            </TextLine>
            <TextLine id="tr_1_tl_10" custom="readingOrder {index:9;}">
                <Coords points="827,1681 2395,1651 2417,1494 2246,1475 1865,1550 1689,1515 1539,1560 1214,1523 1072,1536 968,1617 827,1617"/>
                <Baseline points="841,1670 920,1666 999,1663 1078,1658 1157,1656 1236,1655 1315,1652 1394,1646 1473,1646 1552,1649 1631,1640 1710,1640 1789,1640 1868,1636 1947,1632 2026,1632 2105,1626 2184,1625 2263,1622 2342,1620 2422,1620"/>
                <TextEquiv>
                    <Unicode>Miche über eine so komplizierte Frage</Unicode>
                </TextEquiv>
            </TextLine>
            <TextLine id="tr_1_tl_11" custom="readingOrder {index:10;}">
                <Coords points="483,1817 790,1846 1198,1787 2419,1787 2441,1619 2323,1662 2147,1630 2027,1678 1899,1641 1691,1721 1091,1753 744,1651 654,1694 488,1667"/>
                <Baseline points="498,1811 595,1808 692,1805 789,1802 887,1799 984,1793 1081,1793 1178,1788 1276,1787 1373,1781 1470,1777 1567,1777 1665,1773 1762,1772 1859,1763 1956,1766 2054,1762 2151,1757 2248,1751 2345,1751 2443,1751"/>
                <TextEquiv>
                    <Unicode>im Allgeminen zu äussern, LuIlh mir zu schwer.</Unicode>
                </TextEquiv>
            </TextLine>
            <TextLine id="tr_1_tl_12" custom="readingOrder {index:11;}">
                <Coords points="525,1955 1307,1918 1587,1961 1785,1902 2158,1937 2313,1883 2494,1905 2499,1777 2257,1763 1830,1779 1587,1862 1486,1811 1190,1793 878,1886 646,1889 531,1843"/>
                <Baseline points="543,1924 641,1930 739,1930 837,1928 935,1927 1033,1924 1131,1923 1229,1918 1327,1915 1425,1909 1523,1906 1621,1897 1719,1897 1817,1897 1915,1894 2013,1891 2111,1888 2209,1884 2307,1882 2405,1877 2503,1873"/>
                <TextEquiv>
                    <Unicode>nie Behauptung, dass ein rinodrama niemals ein</Unicode>
                </TextEquiv>
            </TextLine>
            <TextLine id="tr_1_tl_13" custom="readingOrder {index:12;}">
                <Coords points="480,2081 2577,2025 2579,1945 2345,1897 1600,1958 1275,1926 1147,2006 483,2019"/>
                <Baseline points="495,2070 599,2068 704,2061 808,2058 913,2056 1017,2052 1122,2049 1226,2048 1331,2043 1435,2039 1540,2036 1645,2031 1749,2027 1854,2024 1958,2022 2063,2016 2167,2013 2272,2010 2376,2003 2481,2004 2586,2013"/>
                <TextEquiv>
                    <Unicode>vollendetes Kunstwerk iy wahren einn sein könne,</Unicode>
                </TextEquiv>
            </TextLine>
            <TextLine id="tr_1_tl_14" custom="readingOrder {index:13;}">
                <Coords points="475,2211 1038,2187 1208,2225 1296,2179 1838,2190 2019,2147 2409,2177 2411,2043 2334,2014 1971,2073 1625,2049 1528,2097 1462,2057 1104,2086 974,2054 814,2145 718,2097 632,2126 477,2091"/>
                <Baseline points="489,2204 585,2198 681,2195 777,2192 873,2185 970,2184 1066,2179 1162,2175 1258,2174 1354,2172 1451,2168 1547,2166 1643,2163 1739,2160 1835,2157 1932,2153 2028,2147 2124,2145 2220,2140 2316,2139 2413,2133"/>
                <TextEquiv>
                    <Unicode>scheint n r durchaus richtig.Abor ner kle</Unicode>
                </TextEquiv>
            </TextLine>
            <TextLine id="tr_1_tl_15" custom="readingOrder {index:14;}">
                <Coords points="496,2342 672,2374 902,2321 2054,2281 2179,2315 2403,2294 2406,2198 1891,2238 1790,2171 1659,2171 1160,2206 1003,2270 499,2243"/>
                <Baseline points="510,2327 604,2327 699,2324 794,2321 889,2318 984,2315 1079,2311 1173,2309 1268,2303 1363,2298 1458,2297 1553,2294 1648,2288 1743,2282 1837,2282 1932,2277 2027,2276 2122,2275 2217,2272 2312,2267 2407,2264"/>
                <TextEquiv>
                    <Unicode>kuguan, dass in jedem guten rilm eine ganze</Unicode>
                </TextEquiv>
            </TextLine>
            <TextLine id="tr_1_tl_16" custom="readingOrder {index:15;}">
                <Coords points="493,2481 1072,2438 1280,2470 1326,2427 1587,2417 2142,2443 2235,2403 2454,2459 2633,2427 2635,2313 1857,2289 1499,2382 1286,2310 1192,2342 1142,2313 944,2401 493,2398"/>
                <Baseline points="507,2449 613,2452 720,2449 826,2443 933,2440 1040,2436 1146,2432 1253,2428 1360,2427 1466,2423 1573,2419 1680,2416 1786,2413 1893,2407 2000,2407 2106,2404 2213,2401 2320,2401 2426,2395 2533,2393 2640,2395"/>
                <TextEquiv>
                    <Unicode>fülle von künsllerischen rlementen, schauspieler</Unicode>
                </TextEquiv>
            </TextLine>
            <TextLine id="tr_1_tl_17" custom="readingOrder {index:16;}">
                <Coords points="488,2611 2478,2547 2481,2467 2222,2419 1929,2457 1678,2419 1192,2521 883,2449 493,2481"/>
                <Baseline points="504,2589 603,2580 702,2574 801,2575 900,2569 1000,2567 1099,2562 1198,2561 1297,2555 1396,2550 1496,2548 1595,2548 1694,2548 1793,2542 1892,2539 1992,2533 2091,2533 2190,2530 2289,2525 2388,2519 2488,2515"/>
                <TextEquiv>
                    <Unicode>schen vor allem,malerischen, ja auch dichterir</Unicode>
                </TextEquiv>
            </TextLine>
            <TextLine id="tr_1_tl_18" custom="readingOrder {index:17;}">
                <Coords points="1192,2649 1296,2611 1358,2638 1430,2619 1459,2651 1491,2619 1633,2643 1635,2547 1571,2569 1528,2550 1406,2571 1363,2555 1278,2590 1254,2569 1192,2566"/>
                <Baseline points="1208,2625 1233,2622 1258,2619 1284,2616 1309,2614 1335,2613 1360,2613 1385,2613 1411,2613 1436,2613 1462,2613 1487,2611 1512,2610 1538,2612 1563,2612 1589,2610 1614,2611 1640,2613"/>
                <TextEquiv>
                    <Unicode>zu einpflegt</Unicode>
                </TextEquiv>
            </TextLine>
            <TextLine id="tr_1_tl_19" custom="readingOrder {index:18;}">
                <Coords points="485,2734 2561,2670 2563,2595 2377,2542 2009,2611 1723,2566 1609,2643 1496,2614 1456,2651 1334,2617 1064,2646 880,2579 491,2609"/>
                <Baseline points="504,2718 607,2709 710,2706 814,2703 917,2697 1020,2696 1124,2691 1227,2691 1330,2686 1434,2679 1537,2679 1640,2678 1744,2676 1847,2671 1950,2667 2054,2664 2157,2664 2260,2664 2364,2655 2467,2651 2571,2649"/>
                <TextEquiv>
                    <Unicode>schen enthalten bein Lun. will man das sogenaun-</Unicode>
                </TextEquiv>
            </TextLine>
            <TextLine id="tr_1_tl_20" custom="readingOrder {index:19;}">
                <Coords points="507,2854 2462,2814 2601,2798 2603,2734 2395,2657 2334,2700 2019,2729 1334,2697 1054,2785 915,2708 509,2729"/>
                <Baseline points="522,2837 626,2837 730,2834 834,2833 939,2829 1043,2828 1147,2823 1251,2817 1356,2819 1460,2810 1564,2808 1668,2804 1773,2801 1877,2799 1981,2795 2085,2792 2190,2789 2294,2786 2398,2784 2502,2780 2607,2777"/>
                <TextEquiv>
                    <Unicode>le Filmstück mit irgend einer schon bestehenden</Unicode>
                </TextEquiv>
            </TextLine>
            <TextLine id="tr_1_tl_21" custom="readingOrder {index:20;}">
                <Coords points="493,2982 2563,2945 2566,2854 2315,2801 2211,2854 2123,2812 1873,2844 1790,2809 1427,2857 1190,2833 1048,2908 496,2902"/>
                <Baseline points="507,2971 610,2968 713,2966 816,2963 919,2959 1023,2954 1126,2951 1229,2947 1332,2946 1435,2942 1539,2938 1642,2937 1745,2933 1848,2929 1951,2926 2055,2925 2158,2920 2261,2920 2364,2918 2467,2915 2571,2920"/>
                <TextEquiv>
                    <Unicode>Kunglfork vergleichen, zaxedringkzaiekrübzigenei</Unicode>
                </TextEquiv>
            </TextLine>
            <TextLine id="tr_1_tl_22" custom="readingOrder {index:21;}">
                <Coords points="480,3110 760,3148 888,3097 2539,3078 2561,2945 485,2988"/>
                <Baseline points="495,3102 598,3099 701,3098 805,3094 908,3091 1011,3088 1115,3086 1218,3082 1321,3078 1425,3074 1528,3073 1631,3067 1735,3067 1838,3064 1941,3061 2045,3055 2148,3051 2251,3052 2355,3046 2458,3046 2562,3043"/>
                <TextEquiv>
                    <Unicode>Dexxvomantoderndiaakerähfungexsexbertakteriakk.</Unicode>
                </TextEquiv>
            </TextLine>
            <TextEquiv>
                <Unicode></Unicode>
            </TextEquiv>
        </TextRegion>
    </Page>
</PcGts>
