<?xml version="1.0" encoding="UTF-8" standalone="yes"?>
<PcGts xmlns="http://schema.primaresearch.org/PAGE/gts/pagecontent/2013-07-15" xmlns:xsi="http://www.w3.org/2001/XMLSchema-instance" xsi:schemaLocation="http://schema.primaresearch.org/PAGE/gts/pagecontent/2013-07-15 http://schema.primaresearch.org/PAGE/gts/pagecontent/2013-07-15/pagecontent.xsd">
    <Metadata>
        <Creator>prov=READ-COOP:name=PyLaia@TranskribusPlatform:version=2.7.0:model_id=50870:lm=none:date=22_01_2024_20:33</Creator>
        <Created>2023-09-27T14:40:06.850+02:00</Created>
        <LastChange>2024-01-22T20:33:29.221+01:00</LastChange>
        <TranskribusMetadata docId="1589058" pageId="60126764" pageNr="226" tsid="145640212" status="IN_PROGRESS" userId="40391" imgUrl="https://files.transkribus.eu/Get?id=IYBBOYRHHVAAMDISXFPXOLYL&amp;fileType=view" xmlUrl="https://files.transkribus.eu/Get?id=OGMASXYZBIVLKFAXRTTNOPZY" imageId="48551841"/>
    </Metadata>
    <Page imageFilename="1589058_0226.jpg" imageWidth="2920" imageHeight="3528">
        <ReadingOrder>
            <OrderedGroup id="ro_1711789865369" caption="Regions reading order">
                <RegionRefIndexed index="0" regionRef="tr_1"/>
            </OrderedGroup>
        </ReadingOrder>
        <TextRegion orientation="0.0" id="tr_1" custom="readingOrder {index:0;}">
            <Coords points="426,335 426,1779 2674,1779 2674,335"/>
            <TextLine id="tr_1_tl_1" custom="readingOrder {index:0;}">
                <Coords points="2372,433 2444,423 2469,443 2526,418 2670,453 2663,289 2633,294 2586,333 2529,296 2364,309"/>
                <Baseline points="2384,396 2410,396 2436,396 2463,398 2489,400 2515,402 2542,404 2568,405 2594,405 2621,405 2647,405 2674,408"/>
                <TextEquiv>
                    <Unicode>1911</Unicode>
                </TextEquiv>
            </TextLine>
            <TextLine id="tr_1_tl_2" custom="readingOrder {index:1;}">
                <Coords points="413,445 545,443 607,421 630,438 692,418 844,423 846,343 824,333 694,341 625,309 530,338 500,314 465,326 421,306"/>
                <Baseline points="426,420 452,420 479,418 505,417 532,417 558,417 585,417 611,417 638,416 664,414 691,413 717,411 744,409 770,407 797,406 823,401 850,396"/>
                <TextEquiv>
                    <Unicode>Sehrthenlet</Unicode>
                </TextEquiv>
            </TextLine>
            <TextLine id="tr_1_tl_3" custom="readingOrder {index:2;}">
                <Coords points="553,650 719,622 767,640 888,617 1140,622 1140,565 1083,565 1040,530 938,543 911,518 844,518 717,570 553,557"/>
                <Baseline points="567,611 597,613 627,613 658,611 688,611 719,610 749,608 780,613 810,613 841,611 871,609 902,608 932,608 963,608 993,610 1024,610 1054,608 1085,611 1115,616 1146,620"/>
                <TextEquiv>
                    <Unicode>Der Ehrentag.</Unicode>
                </TextEquiv>
            </TextLine>
            <TextLine id="tr_1_tl_4" custom="readingOrder {index:3;}">
                <Coords points="562,737 1493,759 1750,714 2048,754 2101,714 2541,747 2541,662 2051,620 1543,617 1401,669 1175,612 562,647"/>
                <Baseline points="576,716 674,716 773,716 871,715 970,714 1068,716 1167,713 1265,712 1364,712 1462,713 1561,713 1659,713 1758,710 1856,708 1955,710 2053,707 2152,707 2250,707 2349,707 2447,705 2546,695"/>
                <TextEquiv>
                    <Unicode>Eine rovelle, die den Theatraliker verrät, ins-</Unicode>
                </TextEquiv>
            </TextLine>
            <TextLine id="tr_1_tl_5" custom="readingOrder {index:4;}">
                <Coords points="557,866 1747,844 1867,879 2083,836 2551,901 2551,742 2504,729 2382,784 2277,752 1944,804 1747,764 1640,811 1481,749 1359,789 1100,752 976,796 557,786"/>
                <Baseline points="570,841 669,844 768,841 868,844 967,843 1066,843 1166,844 1265,844 1364,844 1464,844 1563,844 1662,844 1762,838 1861,837 1960,838 2060,835 2159,838 2258,833 2358,833 2457,833 2557,829"/>
                <TextEquiv>
                    <Unicode>besondere im Aufbau. Sie gehört zu den wenigst</Unicode>
                </TextEquiv>
            </TextLine>
            <TextLine id="tr_1_tl_6" custom="readingOrder {index:5;}">
                <Coords points="580,1015 1150,966 1327,1010 1909,968 2427,1000 2546,968 2548,898 2409,916 2327,866 2140,921 1896,861 1804,913 1560,876 580,931"/>
                <Baseline points="593,981 690,976 788,974 886,974 984,973 1082,970 1180,968 1278,970 1376,970 1474,967 1572,967 1669,964 1767,964 1865,965 1963,964 2061,964 2159,965 2257,961 2355,960 2453,959 2551,952"/>
                <TextEquiv>
                    <Unicode>gut geschriebenen, insbesonderé die psychologi-</Unicode>
                </TextEquiv>
            </TextLine>
            <TextLine id="tr_1_tl_7" custom="readingOrder {index:6;}">
                <Coords points="560,1105 869,1152 1073,1105 1185,1150 1312,1107 2282,1130 2548,1093 2531,1003 1979,1038 1859,978 1725,1028 1638,1000 1563,1050 1140,1000 560,1023"/>
                <Baseline points="573,1101 672,1101 771,1098 870,1101 969,1101 1068,1100 1167,1098 1266,1096 1365,1097 1464,1095 1563,1095 1662,1092 1761,1092 1860,1094 1959,1090 2058,1089 2157,1089 2256,1087 2355,1089 2454,1086 2554,1080"/>
                <TextEquiv>
                    <Unicode>sche. Zerlegung des Roland bleibt einigermassen</Unicode>
                </TextEquiv>
            </TextLine>
            <TextLine id="tr_1_tl_8" custom="readingOrder {index:7;}">
                <Coords points="560,1232 1095,1234 1197,1272 1506,1229 2297,1257 2424,1212 2553,1232 2556,1147 1448,1187 1379,1147 1018,1187 906,1147 642,1187 562,1157"/>
                <Baseline points="576,1223 675,1220 774,1226 874,1226 973,1226 1072,1226 1172,1226 1271,1223 1370,1219 1470,1220 1569,1220 1668,1220 1768,1223 1867,1223 1966,1220 2066,1214 2165,1217 2264,1214 2364,1212 2463,1213 2563,1208"/>
                <TextEquiv>
                    <Unicode>im Schäblonenhaften stecken. Der Abschluss ist</Unicode>
                </TextEquiv>
            </TextLine>
            <TextLine id="tr_1_tl_9" custom="readingOrder {index:8;}">
                <Coords points="560,1356 650,1391 2068,1359 2277,1406 2327,1366 2556,1366 2556,1319 2334,1264 560,1297"/>
                <Baseline points="573,1352 672,1355 772,1355 871,1355 971,1355 1070,1353 1170,1352 1269,1352 1369,1352 1468,1352 1568,1350 1667,1349 1767,1346 1866,1346 1966,1346 2065,1346 2165,1343 2264,1343 2364,1346 2463,1348 2563,1349"/>
                <TextEquiv>
                    <Unicode>durch eine Intensität bemerkenswert,die ur-</Unicode>
                </TextEquiv>
            </TextLine>
            <TextLine id="tr_1_tl_10" custom="readingOrder {index:9;}">
                <Coords points="560,1521 809,1538 1122,1486 1580,1526 1926,1473 2262,1508 2494,1478 2496,1401 560,1441"/>
                <Baseline points="573,1495 669,1486 765,1483 862,1483 958,1483 1055,1481 1151,1483 1247,1480 1344,1480 1440,1480 1537,1476 1633,1477 1729,1475 1826,1474 1922,1471 2019,1474 2115,1469 2211,1469 2308,1471 2404,1468 2501,1459"/>
                <TextEquiv>
                    <Unicode>plötzlich die kleine Geschichte af ein höle-</Unicode>
                </TextEquiv>
            </TextLine>
            <TextLine id="tr_1_tl_11" custom="readingOrder {index:10;}">
                <Coords points="557,1613 714,1658 1192,1615 1354,1667 1468,1608 1615,1650 1849,1608 2063,1648 2101,1615 2446,1653 2551,1620 2551,1528 2302,1488 2110,1555 1779,1511 1483,1570 1274,1523 1140,1563 1098,1526 1000,1563 557,1555"/>
                <Baseline points="570,1611 669,1612 768,1614 868,1611 967,1611 1066,1611 1166,1611 1265,1608 1364,1606 1464,1608 1563,1607 1662,1605 1762,1607 1861,1602 1960,1604 2060,1602 2159,1599 2258,1601 2358,1597 2457,1596 2557,1590"/>
                <TextEquiv>
                    <Unicode>re Hiveau bis zu den Absichten ihres Schöpfen</Unicode>
                </TextEquiv>
            </TextLine>
            <TextLine id="tr_1_tl_12" custom="readingOrder {index:11;}">
                <Coords points="562,1767 749,1797 1013,1742 1232,1779 1536,1760 1536,1682 1478,1672 1185,1675 1105,1635 884,1680 794,1645 562,1648"/>
                <Baseline points="576,1749 624,1745 672,1743 721,1743 769,1743 817,1743 866,1743 914,1743 962,1740 1011,1740 1059,1740 1107,1740 1156,1740 1204,1739 1252,1739 1301,1740 1349,1740 1397,1738 1446,1740 1494,1740 1543,1746"/>
                <TextEquiv>
                    <Unicode>hinauf zuheben scheint.</Unicode>
                </TextEquiv>
            </TextLine>
            <TextEquiv>
                <Unicode></Unicode>
            </TextEquiv>
        </TextRegion>
    </Page>
</PcGts>
