3048 3816
270 504 693 677 17.12.1912
1157 752 2216 884 Zum Professor Bernhardi.
585 973 2610 1165 Auffassung als Tendenzstück. LiberaleßThesen-
547 1116 817 1267 stück.
545 1227 1982 1418 Es werden Leitartikel gesprochen.
547 1386 2526 1556 Die-Wahrheit ist, dass eine der handelnden Per-
547 1515 2653 1682 sohen, der Professor Pflugfelder, durch seine leit
539 1647 2545 1809 artikelnde Redéweise und dass derProfessor Gy-
550 1777 2494 1931 prian durch seine Manier chatakterisiert wird
537 1893 1874 2068 immer. ins Vortragen zu geraten?
528 2011 2462 2192 Es ist eine Charakterkomödie.- Der Inhalt ist
537 2162 2583 2313 nicht, wie dke journalistische Oberflächlichkeit
523 2281 2583 2467 behauptet, der Kampf zwischen Glaube und Wissen-
531 2410 2489 2559 schaft,sondern das Schicksal eines Arztes, der
528 2526 2659 2715 fern von allen politischen rüteresseu einfach. da
515 2677 2683 2828 durch, dass er in einem speziellen Fall das selbst
520 2788 2540 2960 verständliche tut in das politische Freiben hi-
510 2915 2537 3060 neingezogen wird, uyd der diesem unerwünschten
520 3047 2661 3249 Wirrsal sobatdals möglich zu entfliehen trach-
526 3190 706 3327 tet.
