2904 3624
525 483 2578 707 zu dem Mark zu äusgem,so sehr es nich eigent-
473 652 2560 834 lich verlocken würde allen Beteiligten auch vor
465 790 2388 967 der Göffentlichkeit all das Freundliche und
478 936 2380 1104 Herzliche zu sagen, las ich angesichts ihrer
460 1068 1702 1227 Leistüngen empfunden habe.
910 1201 2339 1344 Mir kamen auf die Erstaufführung
465 1318 2341 1484 des Medardus am Bürgthoger zu sprechen.
933 1419 2440 1606 „Ich habé den „Medardus" nicht ein
489 1559 2256 1731 Arama genennt oder eine Traxödie", sagte
481 1702 2497 1884 Schnitzler, „sondern eine dranatische Historie,
489 1837 2560 2009 weil ich mir dessen bewusst war, dass das Stück
486 1993 2370 2144 keigeswegs nach den Regeln gebaut ist.Ich
489 2092 2412 2266 erinnero mich noch; dass ich dieses Bedenken
502 2222 2573 2414 seinerzeit lax Burckhardt gegenüber aussprach,
496 2352 2482 2529 der dazu meinte, der Richter in ja nicht vor-
533 2474 2565 2656 Pflichtet seine Stücke nach irgend welchenke-
1832 2560 2409 2661 reiet rietmeli
507 2622 2523 2794 geln abzufassen, Die neuen Branan sind dazu da,
496 2749 2495 2939 damit neue dranakische Gesetze aus ihnen abge-
546 2853 2503 3048 leitet werden, Der aledordus in Burglhealer
509 2994 2560 3191 begeguete nauchen Einwänden von Seiten der Hof-
499 3129 2425 3303 zensur. So würschte man z.B., dass die Schön-
