3016 3752
346 490 701 706 W. L. 1
2136 269 2327 365 .
2449 517 2710 709 1920
689 731 2673 945 Grenzregulierungen zwischen pumänien und Un-
696 888 2536 1062 garn? Reparationszahlungen? Devisenkurse?
636 1004 2576 1166 Fälschung von 1kten? Ermordung irgend eines
669 1126 2566 1300 Menschen, der anderer Ansicht ist? Ain t Ihr
674 1273 2596 1435 nicht, dass all diese Dinge, die Euch in dieer
671 1377 2643 1561 Zeit einzig eines ernsten Mannes würdig schei-
671 1524 2598 1696 nen, im Grunde nichts ledeuten, als peinliche,
679 1656 2546 1827 traurige und voüübergehende Bagatellen? Und
661 1773 2625 1939 meint Ihr wirklich, weil Krieg war und pevolu
666 1890 2576 2091 tion und Millionen von senschen sich abtge-
651 2034 2591 2193 drungen mit allerlei Dingen beschäftigen und
656 2178 2489 2362 sogar an ihnen zugrunde gehen mussten, die
654 2322 2571 2459 siexxxXx nicht interessierta oder vor denen
641 2441 2499 2586 ihrn graute, deswegen meint Ihr seien die
636 2571 2613 2742 Menschen plötzlich von der Erde verschwunden,
641 2688 2571 2867 die ich geschildert habe? Weil inatol viel-
639 2814 2635 2976 leicht einrücken ausste, kann er sich nicht meh
636 2929 2601 3085 in Gabrielef verlieben, und weil in Versailles
614 3063 2593 3252 ein ungerechter Friede geschlossen wurde, er-
634 3192 2628 3391 bebt stefan von Salanicht mehr in dem Gedanken
614 3332 2593 3496 an die 375 stufen, wie in eine begrabend Städt
