3016 3832
1128 502 2713 666 Sie deele ist ein weilen dan " des beint mit
223 486 475 650 h.L.
908 569 1056 682 M
2138 623 2297 733 cas
545 612 2705 822 ungefähr sagen:pas weite Land ist niehl als ein (
277 763 2428 948 Gebet absolute Gesetzlosigkeit und Willkür aufzu-
1211 878 1389 967 giht
540 919 2514 1074 fassen, sondern, die Grenzen der Möglichkeiten
2334 1021 2547 1099 stien
553 1007 2474 1163 sind im allgemeinen viel weiter gesteckt(als
532 1142 2426 1319 die Menschen im allgemänen wissen oder als
529 1287 2461 1443 die Meisten aus Bequemlichkeit sich einzge-
545 1400 2329 1571 stehien gs belieben. Und ein Menschénkenner
529 1534 2461 1719 könnte gerade in dieseg stück die Schicksale
527 1663 2533 1832 aller Personen mitsziemlicker Sicherheit vorher-
518 1805 2356 1985 sagen. Erna liebt Friedrich, daher. wird sie
518 1950 2530 2050 seine Geliebte,Hofreiter erschiesst. den Fähn
532 2085 2506 2224 rich,weil er Genia liebt. und Genia wird die
484 2181 2418 2367 Geliebte, des Fähnrichs aus einer ganzen An-
513 2340 2364 2498 zahl von Gründen, auch aus physiologischen,
513 2461 2275 2624 hauptsächlich aus beleidigtem Stolz, aus
510 2614 838 2783 dedain.
