<?xml version="1.0" encoding="UTF-8" standalone="yes"?>
<PcGts xmlns="http://schema.primaresearch.org/PAGE/gts/pagecontent/2013-07-15" xmlns:xsi="http://www.w3.org/2001/XMLSchema-instance" xsi:schemaLocation="http://schema.primaresearch.org/PAGE/gts/pagecontent/2013-07-15 http://schema.primaresearch.org/PAGE/gts/pagecontent/2013-07-15/pagecontent.xsd">
    <Metadata>
        <Creator>prov=READ-COOP:name=PyLaia@TranskribusPlatform:version=2.7.0:model_id=50870:lm=none:date=22_01_2024_20:33</Creator>
        <Created>2023-09-27T14:40:02.561+02:00</Created>
        <LastChange>2024-01-22T20:33:24.700+01:00</LastChange>
        <TranskribusMetadata docId="1589058" pageId="60126620" pageNr="198" tsid="145640183" status="IN_PROGRESS" userId="40391" imgUrl="https://files.transkribus.eu/Get?id=KJZRWLZQZCBXHEMGHFMTVMGG&amp;fileType=view" xmlUrl="https://files.transkribus.eu/Get?id=STULPPCOSWLTWQVNOVNQUBZX" imageId="48551697"/>
    </Metadata>
    <Page imageFilename="1589058_0198.jpg" imageWidth="2904" imageHeight="3640">
        <ReadingOrder>
            <OrderedGroup id="ro_1711789828716" caption="Regions reading order">
                <RegionRefIndexed index="0" regionRef="tr_1"/>
            </OrderedGroup>
        </ReadingOrder>
        <TextRegion orientation="0.0" id="tr_1" custom="readingOrder {index:0;}">
            <Coords points="462,409 462,3111 2730,3111 2730,409"/>
            <TextLine id="tr_1_tl_1" custom="readingOrder {index:0;}">
                <Coords points="1298,471 1399,487 1412,501 1438,490 1462,493 1459,358 1422,358 1385,395 1372,384 1319,429 1298,432"/>
                <Baseline points="1312,456 1338,461 1364,465 1391,465 1417,464 1443,462 1470,462"/>
                <TextEquiv>
                    <Unicode>-65.</Unicode>
                </TextEquiv>
            </TextLine>
            <TextLine id="tr_1_tl_2" custom="readingOrder {index:1;}">
                <Coords points="1904,517 1947,530 1997,514 2018,522 2040,506 2047,517 2069,511 2093,517 2093,440 2058,445 2021,434 1995,445 1971,429 1963,437 1904,448"/>
                <Baseline points="1918,510 1944,507 1970,507 1996,507 2022,507 2048,507 2074,506 2100,504"/>
                <TextEquiv>
                    <Unicode>halle</Unicode>
                </TextEquiv>
            </TextLine>
            <TextLine id="tr_1_tl_3" custom="readingOrder {index:2;}">
                <Coords points="479,620 964,628 1046,665 1301,607 1642,670 1907,593 2055,654 2275,596 2559,607 2559,524 2492,501 1947,538 1857,490 1542,495 1290,562 1075,503 954,548 771,450 482,456"/>
                <Baseline points="495,611 598,608 702,608 805,608 909,611 1012,611 1116,606 1219,605 1323,602 1426,600 1530,602 1633,599 1737,596 1840,594 1944,593 2047,590 2151,588 2254,587 2358,584 2461,587 2565,587"/>
                <TextEquiv>
                    <Unicode>meit geklärt, dass ein Abschluss näglir erfolgte</Unicode>
                </TextEquiv>
            </TextLine>
            <TextLine id="tr_1_tl_4" custom="readingOrder {index:3;}">
                <Coords points="450,694 477,697 509,681 564,691 575,681 638,686 654,673 713,678 760,667 763,628 739,625 720,638 713,628 665,625 630,646 567,620 532,625 514,609 453,617"/>
                <Baseline points="465,674 490,674 515,673 540,671 565,671 590,671 615,669 640,668 665,668 690,668 715,668 740,667 766,665"/>
                <TextEquiv>
                    <Unicode>keinen</Unicode>
                </TextEquiv>
            </TextLine>
            <TextLine id="tr_1_tl_5" custom="readingOrder {index:4;}">
                <Coords points="501,784 1189,742 1438,784 1761,723 2079,768 2204,726 2265,765 2400,718 2490,747 2466,622 1965,678 1372,644 1298,678 503,686"/>
                <Baseline points="519,739 617,742 716,739 815,736 914,738 1013,736 1112,733 1211,733 1310,729 1409,730 1508,728 1606,728 1705,725 1804,723 1903,722 2002,719 2101,716 2200,716 2299,716 2398,713 2497,710"/>
                <TextEquiv>
                    <Unicode>äre. Der Anatol“ wurde kurz nach demkrieg in</Unicode>
                </TextEquiv>
            </TextLine>
            <TextLine id="tr_1_tl_6" custom="readingOrder {index:5;}">
                <Coords points="495,898 1327,906 1406,866 1836,858 1995,911 2106,861 2341,911 2453,887 2453,792 2172,747 1934,787 1828,747 1732,808 1637,760 1385,773 1245,821 1070,784 935,818 824,771 495,832"/>
                <Baseline points="510,868 607,869 704,869 802,868 899,871 997,865 1094,865 1191,865 1289,862 1386,862 1484,858 1581,856 1678,859 1776,853 1873,850 1971,850 2068,848 2165,847 2263,844 2360,844 2458,844"/>
                <TextEquiv>
                    <Unicode>nerika verfilmt und soll dort einen grossen</Unicode>
                </TextEquiv>
            </TextLine>
            <TextLine id="tr_1_tl_7" custom="readingOrder {index:6;}">
                <Coords points="464,1030 887,1078 1245,999 2530,999 2569,993 2572,877 2251,914 2124,874 1756,932 1412,866 739,954 466,916"/>
                <Baseline points="480,1008 584,1000 689,1004 794,1004 898,999 1003,999 1108,994 1212,991 1317,990 1422,990 1527,987 1631,984 1736,984 1841,987 1945,978 2050,977 2155,975 2259,972 2364,972 2469,967 2574,960"/>
                <TextEquiv>
                    <Unicode>Erfolg erzielt haben. Auf meiner schwedischenVor-</Unicode>
                </TextEquiv>
            </TextLine>
            <TextLine id="tr_1_tl_8" custom="readingOrder {index:7;}">
                <Coords points="1070,1081 1134,1081 1163,1062 1216,1065 1229,1081 1308,1060 1367,1075 1520,1070 1520,1004 1073,1009"/>
                <Baseline points="1086,1059 1111,1057 1137,1056 1163,1056 1189,1057 1215,1059 1241,1059 1267,1058 1293,1057 1319,1056 1345,1056 1371,1051 1397,1047 1423,1049 1449,1051 1475,1053 1501,1052 1527,1050"/>
                <TextEquiv>
                    <Unicode>vergangene</Unicode>
                </TextEquiv>
            </TextLine>
            <TextLine id="tr_1_tl_9" custom="readingOrder {index:8;}">
                <Coords points="464,1158 771,1187 1036,1134 1293,1176 1563,1123 1949,1147 2024,1115 2196,1155 2273,1110 2527,1115 2530,1012 2373,1052 2143,996 1780,1030 1724,993 1520,1073 1065,1089 996,1044 874,1075 800,1038 652,1089 464,1067"/>
                <Baseline points="477,1142 579,1137 682,1133 785,1127 888,1130 991,1127 1093,1124 1196,1127 1299,1121 1402,1122 1505,1118 1607,1116 1710,1111 1813,1118 1916,1109 2019,1110 2121,1107 2224,1106 2327,1102 2430,1100 2533,1097"/>
                <TextEquiv>
                    <Unicode>tragsieige im vengenennen Frühjahr hatle ich Ge-</Unicode>
                </TextEquiv>
            </TextLine>
            <TextLine id="tr_1_tl_10" custom="readingOrder {index:9;}">
                <Coords points="509,1301 654,1279 771,1324 1060,1266 1237,1303 1785,1248 2090,1256 2153,1295 2400,1234 2524,1282 2548,1160 2225,1184 2143,1144 1902,1192 1761,1158 1531,1200 1425,1158 1256,1210 1004,1155 509,1203"/>
                <Baseline points="522,1265 623,1262 724,1262 826,1262 927,1260 1029,1259 1130,1257 1231,1257 1333,1254 1434,1250 1536,1249 1637,1249 1738,1247 1840,1244 1941,1246 2043,1239 2144,1238 2245,1237 2347,1234 2448,1233 2550,1235"/>
                <TextEquiv>
                    <Unicode>legenheit den „Anatol“ zu sehen, allerdings ohn-</Unicode>
                </TextEquiv>
            </TextLine>
            <TextLine id="tr_1_tl_11" custom="readingOrder {index:10;}">
                <Coords points="456,1409 977,1452 1539,1385 1897,1444 2127,1377 2357,1409 2524,1375 2524,1279 2394,1248 1963,1314 458,1319"/>
                <Baseline points="471,1393 574,1397 677,1396 780,1390 883,1390 986,1390 1089,1387 1192,1387 1295,1384 1398,1384 1501,1381 1604,1378 1707,1375 1810,1378 1913,1372 2016,1370 2119,1367 2222,1369 2325,1363 2428,1363 2532,1356"/>
                <TextEquiv>
                    <Unicode>ihrgleich r &amp; erkennen. Ich fand ihn nän-</Unicode>
                </TextEquiv>
            </TextLine>
            <TextLine id="tr_1_tl_12" custom="readingOrder {index:11;}">
                <Coords points="458,1552 723,1547 818,1592 959,1534 1128,1568 1682,1507 2426,1526 2482,1515 2485,1436 2161,1465 2018,1412 1698,1462 1489,1438 1446,1473 461,1449"/>
                <Baseline points="474,1524 574,1527 675,1527 776,1522 876,1527 977,1520 1078,1518 1178,1516 1279,1515 1380,1514 1481,1510 1581,1510 1682,1506 1783,1503 1883,1502 1984,1503 2085,1500 2185,1497 2286,1496 2387,1492 2488,1488"/>
                <TextEquiv>
                    <Unicode>lich als verheiratsten kann wieder, der es sich</Unicode>
                </TextEquiv>
            </TextLine>
            <TextLine id="tr_1_tl_13" custom="readingOrder {index:12;}">
                <Coords points="461,1682 1730,1642 1849,1687 1936,1637 2005,1666 2259,1632 2368,1663 2371,1528 2307,1510 1799,1595 1470,1552 1070,1587 959,1539 832,1595 464,1584"/>
                <Baseline points="477,1658 571,1656 666,1655 761,1655 855,1652 950,1649 1045,1649 1139,1646 1234,1648 1329,1641 1424,1643 1518,1640 1613,1640 1708,1638 1802,1639 1897,1634 1992,1632 2086,1630 2181,1627 2276,1623 2371,1620"/>
                <TextEquiv>
                    <Unicode>zur Lebensaufgabe gemacht hat gestrauchelte</Unicode>
                </TextEquiv>
            </TextLine>
            <TextLine id="tr_1_tl_14" custom="readingOrder {index:13;}">
                <Coords points="453,1804 726,1836 1107,1788 1168,1830 1446,1777 1674,1830 2042,1764 2360,1772 2360,1677 2307,1666 2037,1706 1467,1690 1369,1730 1298,1700 1165,1743 1052,1698 800,1719 617,1677 456,1735"/>
                <Baseline points="471,1790 565,1787 660,1787 754,1784 849,1782 944,1781 1038,1781 1133,1780 1227,1776 1322,1776 1417,1775 1511,1772 1606,1772 1700,1766 1795,1764 1890,1763 1984,1763 2079,1761 2173,1758 2268,1757 2363,1754"/>
                <TextEquiv>
                    <Unicode>Mädehen auf den seiner Ansicht nach rechten</Unicode>
                </TextEquiv>
            </TextLine>
            <TextLine id="tr_1_tl_15" custom="readingOrder {index:14;}">
                <Coords points="485,1952 1126,1942 1189,1976 1404,1918 1576,1949 1714,1915 1791,1955 2024,1891 2153,1939 2273,1889 2569,1894 2572,1783 2360,1761 2140,1833 1995,1772 1756,1838 1515,1801 1314,1859 487,1833"/>
                <Baseline points="498,1930 607,1918 716,1919 826,1918 935,1911 1045,1909 1154,1906 1263,1906 1373,1903 1482,1901 1592,1900 1701,1897 1811,1894 1920,1892 2029,1891 2139,1888 2248,1886 2358,1885 2467,1882 2577,1876"/>
                <TextEquiv>
                    <Unicode>(möglicherweine aber auch falschen) Neg zu brin-</Unicode>
                </TextEquiv>
            </TextLine>
            <TextLine id="tr_1_tl_16" custom="readingOrder {index:15;}">
                <Coords points="474,2077 871,2058 988,2111 1083,2055 1234,2090 1478,2037 1587,2074 1817,2029 1899,2066 1981,2024 2124,2069 2281,2018 2381,2040 2384,1918 2310,1899 1854,1973 1809,1939 1671,1971 1547,1915 1489,1957 1078,1992 969,1955 826,2005 477,1976"/>
                <Baseline points="492,2055 586,2047 681,2049 776,2049 871,2043 966,2040 1061,2038 1155,2037 1250,2034 1345,2034 1440,2035 1535,2031 1630,2028 1725,2025 1819,2025 1914,2022 2009,2019 2104,2018 2199,2013 2294,2016 2389,2025"/>
                <TextEquiv>
                    <Unicode>gen, was seine Frau begreiflicherweise etwas.</Unicode>
                </TextEquiv>
            </TextLine>
            <TextLine id="tr_1_tl_17" custom="readingOrder {index:16;}">
                <Coords points="461,2212 1775,2156 1915,2196 2127,2164 2180,2201 2495,2161 2498,2074 2278,2018 2156,2085 1912,2106 1775,2050 1518,2085 1396,2055 1187,2111 1097,2063 1028,2122 464,2085"/>
                <Baseline points="477,2184 578,2178 679,2177 780,2173 882,2174 983,2169 1084,2169 1186,2169 1287,2161 1388,2163 1490,2160 1591,2158 1692,2157 1793,2154 1895,2154 1996,2149 2097,2145 2199,2145 2300,2145 2401,2143 2503,2145"/>
                <TextEquiv>
                    <Unicode>nervös Arkmacht.Den röhepunkt erreicht darfiln</Unicode>
                </TextEquiv>
            </TextLine>
            <TextLine id="tr_1_tl_18" custom="readingOrder {index:17;}">
                <Coords points="469,2336 1587,2323 1775,2283 2029,2344 2214,2283 2522,2299 2524,2188 1335,2209 1274,2249 1118,2212 1041,2249 471,2228"/>
                <Baseline points="483,2312 585,2308 687,2304 790,2303 892,2300 994,2299 1097,2297 1199,2296 1301,2294 1404,2291 1506,2288 1608,2290 1711,2288 1813,2282 1915,2282 2018,2279 2120,2279 2222,2274 2325,2276 2427,2273 2530,2264"/>
                <TextEquiv>
                    <Unicode>in folgender szene:ANatol hat einer seiner pla-</Unicode>
                </TextEquiv>
            </TextLine>
            <TextLine id="tr_1_tl_19" custom="readingOrder {index:18;}">
                <Coords points="471,2479 893,2437 1293,2463 1438,2424 1661,2474 1777,2424 2320,2450 2598,2402 2598,2331 2212,2294 1422,2384 1152,2307 842,2376 474,2355"/>
                <Baseline points="486,2440 591,2437 697,2436 803,2432 909,2431 1015,2427 1121,2425 1227,2422 1333,2419 1439,2422 1545,2418 1650,2413 1756,2413 1862,2410 1968,2409 2074,2407 2180,2407 2286,2404 2392,2403 2498,2398 2604,2383"/>
                <TextEquiv>
                    <Unicode>tönischen rreundinnen eine Wohnung auf das Kost</Unicode>
                </TextEquiv>
            </TextLine>
            <TextLine id="tr_1_tl_20" custom="readingOrder {index:19;}">
                <Coords points="1915,2477 1936,2479 1947,2490 1955,2485 1968,2498 2026,2466 2053,2485 2066,2485 2069,2424 2042,2432 2024,2421 2008,2426 1992,2413 1973,2416 1947,2439 1918,2442"/>
                <Baseline points="1930,2470 1959,2470 1988,2470 2017,2468 2046,2466 2076,2464"/>
                <TextEquiv>
                    <Unicode>fer</Unicode>
                </TextEquiv>
            </TextLine>
            <TextLine id="tr_1_tl_21" custom="readingOrder {index:20;}">
                <Coords points="898,2572 2408,2553 2442,2458 1968,2498 1894,2455 1459,2495 1306,2453 1187,2511 898,2495"/>
                <Baseline points="912,2553 988,2554 1065,2553 1142,2550 1218,2549 1295,2548 1372,2545 1448,2545 1525,2541 1602,2539 1679,2536 1755,2533 1832,2530 1909,2530 1985,2529 2062,2526 2139,2524 2215,2524 2292,2524 2369,2521 2446,2515"/>
                <TextEquiv>
                    <Unicode>eingerichtet und findet (einmal eine</Unicode>
                </TextEquiv>
            </TextLine>
            <TextLine id="tr_1_tl_22" custom="readingOrder {index:21;}">
                <Coords points="466,2596 559,2596 588,2583 607,2593 646,2580 689,2585 713,2604 758,2601 758,2487 699,2506 673,2479 636,2471 556,2522 524,2514 466,2530"/>
                <Baseline points="480,2574 505,2572 531,2571 557,2573 582,2573 608,2571 634,2571 660,2571 685,2573 711,2574 737,2574 763,2574"/>
                <TextEquiv>
                    <Unicode>spile</Unicode>
                </TextEquiv>
            </TextLine>
            <TextLine id="tr_1_tl_23" custom="readingOrder {index:22;}">
                <Coords points="734,2654 2047,2588 2723,2620 2723,2527 2665,2506 2408,2553 736,2580"/>
                <Baseline points="751,2610 855,2613 959,2608 1063,2610 1167,2607 1271,2603 1375,2603 1480,2601 1584,2601 1688,2594 1792,2592 1896,2589 2000,2586 2105,2586 2209,2583 2313,2585 2417,2580 2521,2581 2625,2585 2730,2589"/>
                <TextEquiv>
                    <Unicode>nach emopar den Begriffen gu nicht ronderliet laiten</Unicode>
                </TextEquiv>
            </TextLine>
            <TextLine id="tr_1_tl_24" custom="readingOrder {index:23;}">
                <Coords points="474,2707 2421,2686 2416,2585 752,2657 477,2628"/>
                <Baseline points="489,2697 591,2694 693,2691 795,2691 897,2688 999,2685 1101,2682 1203,2683 1305,2673 1407,2670 1509,2670 1611,2664 1713,2661 1815,2658 1917,2661 2019,2661 2121,2658 2223,2660 2325,2656 2428,2658"/>
                <TextEquiv>
                    <Unicode>kleine, übrigens) gan enständige Gesellschaft-</Unicode>
                </TextEquiv>
            </TextLine>
            <TextLine id="tr_1_tl_25" custom="readingOrder {index:24;}">
                <Coords points="540,2765 1804,2755 1981,2723 1984,2662 1809,2704 1237,2686 1158,2726 540,2702"/>
                <Baseline points="554,2759 625,2757 697,2751 768,2751 840,2747 912,2753 983,2750 1055,2749 1127,2747 1198,2743 1270,2738 1342,2738 1413,2735 1485,2733 1557,2729 1628,2727 1700,2724 1772,2727 1843,2722 1915,2718 1987,2715"/>
                <TextEquiv>
                    <Unicode>iter injuosen decrenikeine pin</Unicode>
                </TextEquiv>
            </TextLine>
            <TextLine id="tr_1_tl_26" custom="readingOrder {index:25;}">
                <Coords points="511,2871 845,2839 951,2890 1229,2810 1351,2855 1756,2800 2249,2842 2490,2810 2492,2702 2402,2739 2161,2712 514,2771"/>
                <Baseline points="525,2828 623,2825 722,2819 821,2819 920,2818 1018,2816 1117,2813 1216,2812 1315,2808 1413,2805 1512,2801 1611,2801 1710,2797 1808,2793 1907,2792 2006,2789 2105,2789 2203,2789 2302,2786 2401,2787 2500,2789"/>
                <TextEquiv>
                    <Unicode>en Freundest und Freundien bein Abendessen,</Unicode>
                </TextEquiv>
            </TextLine>
            <TextLine id="tr_1_tl_27" custom="readingOrder {index:26;}">
                <Coords points="448,3020 1089,2956 1698,2953 1751,2993 1859,2945 1995,2969 2262,2924 2439,2969 2477,2821 2085,2818 1928,2877 1467,2839 1014,2903 450,2887"/>
                <Baseline points="462,2953 562,2956 663,2953 764,2950 865,2947 966,2946 1067,2944 1167,2942 1268,2938 1369,2934 1470,2935 1571,2932 1672,2929 1773,2926 1873,2928 1974,2924 2075,2917 2176,2914 2277,2917 2378,2912 2479,2912"/>
                <TextEquiv>
                    <Unicode>imorauf er auf Etbitterung das gesehnte Nobl-</Unicode>
                </TextEquiv>
            </TextLine>
            <TextLine id="tr_1_tl_28" custom="readingOrder {index:27;}">
                <Coords points="519,3155 882,3099 1054,3141 1385,3110 1671,3147 1825,3065 2243,3112 2381,3075 2384,2964 2108,2951 2040,3009 1949,2956 1621,2998 1504,2959 1295,3012 1213,2967 972,3033 723,2964 522,3022"/>
                <Baseline points="537,3088 629,3086 722,3086 814,3080 907,3076 1000,3076 1092,3076 1185,3070 1277,3070 1370,3069 1463,3069 1555,3067 1648,3066 1740,3061 1833,3061 1926,3055 2018,3054 2111,3052 2203,3049 2296,3049 2389,3052"/>
                <TextEquiv>
                    <Unicode>lier kurz und klein schlägteNach einigen</Unicode>
                </TextEquiv>
            </TextLine>
            <TextEquiv>
                <Unicode></Unicode>
            </TextEquiv>
        </TextRegion>
    </Page>
</PcGts>
