3048 3832
364 686 1428 834 Worte des Hofrats u.s. M.
369 665 2437 985 Die Einen aissbilligen, dass nach den angeblich
388 818 2478 1105 Henntoften vier Anfanesahten ein kordt ieitetser¬
1603 949 1972 1078 eingeblect
410 941 2483 1239 fünktör folgt, der die Sacheszur den kopt stellt.
421 1089 2385 1368 Die indern empfinden die ersten vier Ahfe als
1113 1228 1783 1365 anerkennen nurf
427 1220 2349 1532 fendenestück und erhzägeneden konsdien häffen
440 1318 2352 1627 sorston 1i8, in dem it mich veltet schund e
459 1463 2500 1764 in Mich dientöst ios die innere binte is dera aie
470 1570 2563 1939 bepattet. dor orste dit und die folsonden sind se
470 1707 2464 2018 fadoso konsdie in höheren Sinn als der fürflei
465 1882 2571 2188 die heitere Fieur des Nokrats bringt ein neues-
490 1936 2694 2276 Aberalter Konon1, der det eltes: aber aendert mich
498 2232 1130 2423 das gereupte
