3000 3784
556 634 2505 855 pekt vor der Ehrlichkeit, dem gutn Willen und
568 786 2417 989 den Nachtmitteln unserer Behörden,um daran
573 950 2290 1134 zu zweifeln, dass sie unter den ggebenen
580 1063 2456 1242 Umständen jeden neuerlichanVersuth veraut-
566 1178 2414 1364 worklicher und unverantwortlicher Flemente
573 1337 2375 1504 zu verhindern wis sei werden, die etwa die
568 1457 2346 1636 Direktion des Deutschen volkstheaters in
571 1601 2441 1751 der Ausübung eines ihr gesetzlich zustehen-
571 1721 2427 1908 den, ja nun in aller Förm neu zugestandenen
580 1859 2520 2013 Rechtes zu behelligen sich einfallen lies --
583 1976 2508 2182 sen. Dazu wird es keineswegs motwendig (sein,
578 2118 2508 2272 wie sie, sehr geelrter Herr Redakteur, meinen,
588 2236 2515 2444 an die Seite jedes Besuchers einen Schutzmgun
580 2380 2397 2544 zu stellen: die Vorkehrungen, welche z.B.
580 2512 2434 2696 die Berliner Behörden im gleiche Fall ge-
593 2625 2449 2809 troffen haben und die von durchschlagenden
593 2765 2478 2919 Erfolg begleitet. war, wären selbstverständ-
597 2885 2287 3088 lich auch in Mien vollkomnen genügend.
593 3029 2451 3188 Weitere Bedenken sind mir anlässlich Ihrer
600 3134 2432 3333 Benerkung aufgestiegen, dass „auch ein Ti-
607 3257 2534 3463 zianbild nicht davor. gekeit sei durch einen
607 3392 2574 3575 geschauer geschändet zu werden;deren zieriges
