3368 4360
812 3022 1090 3197 betrklih
1786 1128 2657 1308 gerlete nei de¬
1766 1244 3045 1398 einsne das der Kuristrichter
1105 1275 1714 1414 Lch. zweire
1442 1362 2136 1452 obnrereellen e
1077 1375 2986 1563 Schönhöf(das. Recht hätte meine Novelle albern zu
1090 1503 3012 1668 finden, von welchem Recht er ührigens keinen wei-
1082 1632 2830 1781 En Gebrauch macht. Ebenso sicher aber ist,
956 1753 3020 1933 a ihm des Recht nicht zusteht aus einer meiner
1082 1884 3087 2043 Wövellen, wenn auch ohne dahin gerichtete Absicht
1090 2005 2868 2192 eine Alpernheit zu machen, indem er sie wirr,
1123 2113 2920 2310 stammelnd und falsch nacherzählt. Gegen diese
1090 2246 2989 2426 Lechtfertigkeit, die um nichts anständiger wird,
1136 2339 2896 2534 wenn sie sich etwa gegen ein der Meinung des
1103 2490 2999 2706 Referenten nach geringeres Werk richtete, erhebe
1115 2637 1969 2812 ich hiemit Einspruch.
1110 2650 3020 2920 keine Sachen Wichtigkeit. Ganz meine Ansicht. Mir
1118 2842 3084 3053 niemanden von Wichtigkeit; nicht einmal für mich--.
1123 2984 3025 3164 nur für Herrn Schönhof. Kein Mensch auf der Welt
1136 3063 2920 3269 ist verpflichtet meine Novellen aufmerksam zu
1128 3200 2920 3413 lesen, nur gerade Herr Schönhof, der sich den
1174 3302 3015 3521 lesern des Tars als Richter über jene Novellen
1141 3475 1560 3657 vorstellt.
