3000 3704
425 689 933 899 (Rifder Leben
2363 366 2548 535 1806.
958 693 2637 901 Wie sich die Leute das. Dichten vo stellen.
929 828 2553 1043 Vist über mich von ändern;ich will Sirmal
940 1006 1471 1155 selbst reden.
938 1098 2637 1283 Inmer wieder de Schfucht etwas zu erwidern.
949 1201 2784 1414 Besonders naheliegend, wern lügen ausgesprochen
949 1306 2692 1533 werden, bemusgte lügen, die mit dreim Worten
963 1489 1951 1622 widerlegt werden könnten.
958 1590 2569 1766 Man tuts im allgemeinen nicht und nachher
1050 1702 2553 1871 freut man sich, dass mans nicht getan.
972 1821 2747 2043 Dreimal nähe daran. Gustl, Beatrice, Reigen.
981 1958 2246 2153 Perfidis, Entrüstung, Heuchslei.
977 2077 2649 2265 Absehi von Parteischuften und Idioten. Es
984 2169 2727 2377 nafachts sich nur um Leuts von mehr oder min
995 2345 1670 2505 der gutem Willen.
993 2406 2734 2617 Nicht um die künstlerische Bewektung handelt
1009 2548 2615 2731 es sich, sondern um das, was sonst gesagt
1011 2747 1238 2871 wira.
1020 2784 2544 2992 Diesmal bin ich zum Spekularten ernannt
1020 2942 1830 3122 den. Was heisst dost
1066 3026 2544 3237 Ich habe, ohne innerliche Nötigung et-
