3016 3720
600 598 2544 812 um zu glauben, dass ein solches Schlagwort an
613 766 2564 947 seiner vollkommenen leere sofort zugrunde ge-
605 881 2602 1070 hen könnte(müsste, sellte. Um die fast unglaub
605 1029 2577 1208 liche Unsinnigkeit dieses schlagwortes aufzu-
605 1144 2500 1336 zeigen will, ich nur so kurz als möglich die
603 1277 2549 1463 Hauptgestalten meiner werke und deren Umwelt
615 1387 2610 1588 beleuchten. Nicht einmal dex Anatol wäre ohne
618 1537 2503 1721 weiters preiszugeben, Er ist ein junger Stu-
615 1675 2587 1828 dent und dilettierender Dichter und wenn auch
618 1762 2615 1987 in allerlei liebesabenteuern hingegeben,gewis
615 1936 2462 2117 koin mit besonderen peichtümern gesegneter
623 2046 2469 2237 Herr. Nun das, Märchen! Im Mittelpunkt eine
636 2166 2610 2370 ärmliche alte Frau mit zwei Füchtern, die eine
633 2298 2689 2508 Lehrerin, die andere Schauspielerin.ver
638 2431 2564 2630 In ihrem Hause vorkehrend lauter junge leute
636 2551 2638 2763 in mässigen Verhältnissen,ein kleiner Beamter,
633 2689 2439 2886 Bohemiens, die Brüder Mitte vielleicht die
644 2801 2607 3026 einzigen etwas besser gestellten. In der „lie-
649 2927 2620 3141 belei ein Musiker an einem kleinen Vorstadt-
638 3070 2625 3269 theater mit seiner Tochter in Mittelpunkt, ei-
