3064 3816
547 692 1361 838 charakterisierte.
557 817 2644 981 Als wäre es übrigeng eine Schande irgend einmal-
578 960 2636 1145 ein-inatol gewegen zu sein oder gar eine Schan-
573 1093 2501 1270 de ihn geschrieben zu haben, nachdem doch er-
573 1228 2535 1351 weiglichermassen manche von den Rezensenten,
573 1364 2548 1530 denen der „Anatol" oder der „Bernhardi“ nicht
729 1481 877 1627 get
893 1478 2582 1660 ug sind, weder den einen noch den andern
1114 1608 1923 1767 in der Lage waren.
1072 1762 2488 1902 dieser Fälschung gehört der Vor-
940 1858 2629 2040 enüber Bernhardi, dass er klein beigibt,
947 2004 2629 2144 -nachdem er nicht revoziert,nicht sein
710 2124 2600 2306 dauern ausgesprochen und schuldlos zwei Mo-
547 2277 2537 2423 nate Kerkerhaft verbüsst hat,- den Entschluss
549 2402 2446 2563 kundgibt der Revisionsverhandlung, die seine
544 2514 2441 2688 Unschuld auch aktennässig feststellen wird.
549 2649 2366 2821 persönlich nicht mehr beizuwohnen geänkt
544 2782 2540 2954 sondern es vorzieht seine Berufspflichten zu.
547 2923 968 3105 erfüllen.
