2904 3480
573 423 1913 590 Arbeiterzeitung, Wien, 31. März. 1925.
590 443 2414 626 Unter dem Litel: Sauherdenton einer klerikalen
580 535 2414 723 Kritik. Ueber Anatol in der Salzburger Chronik
583 670 1067 784 von Erhardt.
593 699 2484 883 So gern wir unseren Bühnenmitgliedern noch zwei
583 796 2368 960 Monkte Spielzeit gegönnt hätten - aber dieses
597 863 2370 1009 freche Geschmuse eines sezuellen Hochstaplers
607 936 2414 1096 passt in die ernste Kriegszeit wie das Grunzen
622 987 2419 1146 eines Ebers in den Konzertsaal. Es ist unglaub
605 1197 2453 1335 Dirnenstück gespielt werden darf; es ist unver-
607 1246 2419 1391 antwortlich, dass deutsche Mütler der Stadt und
607 1318 2455 1473 Umgebung ihre löchter zu solchen Verherrlichun-
614 1367 2460 1555 gen der gemeinsten Sinnlichkeit führen; es ist
619 1434 2465 1604 geradezu ein Skandal, dass sich in allen zustän-
612 1509 2501 1657 digen Stellen auch nicht ein deutscher Mann fin-
617 1582 2431 1717 det,der solchen nicht einmal graziösen,sondern
631 1628 2424 1783 orientaliech gemeinen Unzuchtsszenen ein kräf-
617 1715 2404 1846 tiges Veto entgegensetzt. Von dem Intendanten
622 1775 2407 1935 des Theaters solch eine deutsche Mannestat zu
626 1838 2528 1991 erwarten wird man ganz besonders nach den Erfah-
631 1904 2470 2039 rungen der heurigen Spielzeit wohl unterlassen,
634 1966 2441 2116 obwohlhier sein Wort am Platze gewesen wäre:
636 2010 2535 2177 "Das Stück ist zu roh und zu gemein, und passt in
629 2080 2477 2259 die Kriegszeit nicht hinein.“ Die Spielzeit hat
636 2155 2499 2303 also einen Schluss erhalten,der Widerwillen und
634 2206 2569 2373 Ekel bei gesund Fühlenden und vernünftig denken-
639 2288 2523 2428 den Menschen/erwecken muss. Welche deutsche Mut-
639 2346 2453 2491 ter möchte wohl eine Schnitzlerische Tlona zur
641 2409 2532 2564 Tohhter oder den Lumpen Anatol zum Sohhe haben?
646 2465 2590 2629 Sie stehe aufl Aber ich wette: Es meldet sich kei-
639 2559 2501 2711 ne. Gelacht haben manche über die Schnitzlerei,
643 2617 2506 2762 aber in ihrer Familie möchten sie niemenden von
643 2675 2588 2854 dem Gesindel haben,das sich da zweieinalb Stunden
648 2767 2143 2941 auf unserer Bühne breit machen dürfte.
