3480 4520
2542 975 2829 1091 N.A
1403 1569 3010 1728 geschrieben, was mich nicht interessiert
1401 1698 3026 1878 oder ich habe etwas mit Effekten versehen
1423 1835 3063 1976 nicht weil ich der, Meinurg, war, sie seien
1394 1955 2938 2140 der Sache gemäss, sondern um zu wirken,
1414 2083 2522 2174 event: um Geld zu verdienen.
1437 2221 2983 2324 Irgendwo. las ich auch di se Spekulation
1396 2301 3113 2474 sei umso verächtlcher als sie mir missglückt
1410 2474 1585 2569 sei.
1401 2481 3006 2731 On das Werk, gut oder schlscht darüber ist
1398 2717 1994 2835 nicht zu reden.
1396 2781 3170 2974 Es sei vollkoumen misstraten, das vereinfacht
1396 2965 1819 3110 die Sache.
1869 3008 2028 3124 ser ein
1392 3017 3101 3231 Darauf soll und karn der Autor nicht repli-
1405 3197 1698 3342 zieren.
1432 3304 3063 3456 Es en scheidet sich oft erst nach Jahren.
1407 3424 3233 3558 Gorsse haben sich geirrt, Autoren und Kritiker
1403 3504 3115 3706 Es ist banal geworden die berünten Errtümer
1414 3715 1894 3829 zu zitieren.
1414 3786 3151 3952 das Aesthetische versteht sich eben durchaus
1412 3934 2080 4059 nicht von selbst.
1412 4029 2140 4175 Aber das Ethische.
