3000 3784
364 464 732 652 Reiger
647 650 1643 805 Abschliessende Thesen.
652 776 2581 972 1. Es ist nicht richtig,dass im „Reigen“ der
645 900 2535 1104 Liebesakt al solcher auf die Bühne gebracht
632 1039 885 1158 wird.
629 1148 2705 1367 2.Auf symbolischen Ersatz des Liebesaktes lässt
640 1305 2525 1465 sich gueh auf dem Thieäter nicht verzichten.
627 1436 2421 1591 3. Dass die Bühne sich verdunkelt oder der
627 1547 2630 1797 Vorhaug fällt, in dem augnblick, wo der Liebes-
603 1692 2393 1862 akt vor sich gehen soll, ist auch vor dem
660 1815 2666 1983 Reigen“ in zahlreichen anderen Stückender Fall-
609 1944 1697 2112 gewesen. (Beispiele)..
603 2099 2494 2272 4. Wirkt derartiges erregend auf die Sinne,
593 2231 2571 2383 so ist der „Reigen“ nicht das erste Stück und
591 2336 2439 2512 wird nicht das letzte bleiben, in dem eine
593 2450 1638 2628 solche Wirlung Luktritt.
596 2581 2403 2770 5.Die sinnliche Reizwirkung, die von einem
578 2736 2592 2899 Werk ausgeht,hängt nicht von dessen küngtleri-
578 2847 2416 3025 schem Wert ab. Es gibt künstlerisch höchst
565 2978 2537 3146 wertvolle Werke (in allen Künsten), denen eine
570 3089 2488 3301 gleiche Wirkung zukommt. Deberdies ist diese
560 3223 2532 3445 Reizwirkung von Begleitunständen abhängig, die
