2888 3704
1990 578 2411 803 von Grineen
1288 643 1642 783 ist aus r
477 612 1184 825 lit Urtofl be-tätt
342 758 2377 912 nicht ernst zu netien. In dem Bühnenschicksal eines
345 878 2439 1069 Stüches kann ker Kritiher nimals die Bestättgung und
354 1013 2360 1224 nteml die Widerlegung seiner Ansickten (härhsten
356 1148 2450 1302 einer Vorhersagal ausgedrückt sehen; es sei dem, Fess
356 1268 2486 1470 er stet bedingungelhe mit dem Ruhl itun söfidarise! er-
320 1395 2571 1600 Mlärte. Das ober irt bai Dir geies nicht der Falli denn
340 1524 2478 1729 Du hagt Liek frit nallen Recht) noch nie darum fir e-
2194 1630 2672 1745 den Publikin
348 1653 2568 1841 schlagen eraehtet, wezd ein von Dir uhripfseines Stuch be-
348 1779 2470 1981 tagt d eine Amih Meilin von Auffhhrungen arleht hat.
354 1911 2425 2107 Alsd selbgt nehn die edeuten Stunden" mitss fallen
365 2068 2523 2228 und stch nicht auf der Bülme erhalten hätten,wärs damit
356 2166 2573 2357 heineswege die Troffstcherlott Deiner Leitungshritil er-
1111 2298 2478 2481 war noch dazu, dass Deine Belzurtung
345 2312 1007 2475 wiesen. Nun kanm
354 2425 2528 2632 von dem GerindemErsel) der vier Egnahter den Mrtsachen
354 2548 2419 2739 aurchgus widerapricht. Nicht als, Beueis für die Ver-
370 2680 2500 2868 trefflighuatt der Stüche,sondern eben nur als Patssche
356 2815 2338 2994 führe (r: an, daes die Lbändigen Stunden nach der
382 2938 2618 3118 Lietele hieher notren stürketen Martererfolg hodeutet
354 3078 2481 3255 hoben. So ist har Brah der ganze Lyklus über vierzig
337 3202 2506 3426 Mal aufgefüührt worden. Letzte Mashen und Ziteretur
