2984 3704
588 618 2523 858 nym erschinen, so wäre wohl auch dem schärf-
632 780 2450 974 ten Rezensentenblick die nun scheinbar so
586 909 2488 1115 klar zu Tage liegende Verwandtschaft meiner
583 1031 2602 1252 männlichen und weiblichen Gestalten mit jenen
591 1190 2542 1357 Urformen entgangen;ale die sie sich vor zwei
596 1298 2545 1506 Jahrzehnten dem Publikum zum ersten Mal vor-
607 1428 2777 1649 gestellt laben. Erinnert man sich nun über-
594 1546 2604 1768 dies, dass alle Beziehungen,die zwischen meiner
610 1689 2548 1895 Figuren verschiedenerlei Geschlechtes beste-
605 1814 2615 2038 hen,ein für alle Mal als „flebeleien" bezeich
610 1940 2407 2137 net werden, so kann man sich einen Begriff
618 2040 2656 2283 davon machen, wie leicht es eine schnachköpfig-
618 2202 2507 2407 scheelsüchtige Kritik hat, in der wahrhaftig
621 2334 2602 2556 nicht unbeträchtlichen Vielfältigkeit der gon-
618 2453 2486 2680 mir geschilderten rostalten und Schicksale
618 2580 2623 2799 mit Zuhilfenahme von alig nicht ganz ohne mei
623 2718 2626 2931 ne Schuld populär gewordenen Worten stete Wie
626 2853 2432 3085 derhblungen des gle ichen Ehenas zu sehen.
