3096 3800
371 478 737 618 Eutchlur
1059 742 2610 907 In. der. Komödie „Professor Bernhardi-
786 889 2652 1005 wurde darau Anstöss genommen,dass der Held
793 1005 2629 1141 im fünften Akt klein beigebe und die Hand-
788 1143 2636 1330 lung ungebogen werde, womit- gemeint ist sim
781 1267 2528 1460 dass der Professor,der sich weigert line
781 1393 2461 1558 Erklärung abzugeben oder gar)auf einen
774 1523 2498 1691 schmützigen Handel einzugehen, dar zwei
781 1665 2645 1794 Monate Kerker absitzt und die ihn angetra-
779 1789 2589 1936 gene Begnadigung ablehht, dass dieser Pro-
781 1878 2496 2041 fessor, wie die Revision endlich in Aus-
826 2062 2580 2202 icht steht,statt den ihm unsimpathischen
760 2174 2629 2316 Schwindel in neuer Beleuchtung mitzumachen.
763 2316 2456 2444 und der Revisionsverhandlung, die er ja
765 2421 2538 2587 nicht verhindern kann,beizuwohnen, seinem
756 2552 2622 2734 Wesen getreu vorzieht auf eine Weile abzu-
763 2680 2598 2850 reisen und sich darnach sehnt seinem ärzt-
760 2815 2577 2976 lichen Beruf möglichst bald wiedergegeben.
742 2955 1122 3128 zu sein.
1131 3081 2629 3200 Diesen fünften Akt gedenkt der Au-
1309 3189 1437 3272 Jur.
835 3175 1061 3277 nicht
737 3193 2608 3382 tor nun dürekelnen neuen zu ersetzen, son-
