3048 3816
517 801 1142 933 Zum Bernhardi.
522 900 2522 1070 Wie sich der Laie, also insbesondere der Kriti-
520 1050 1893 1216 ker, das Produzieren vorstellt.
522 1194 2336 1346 Der Autor wollte-endlich einmal ein Stück-
532 1296 1960 1478 ohne süs ses Mädel etc. schreibén.
512 1430 2495 1577 Als wenn er nicht schon früher so und so viel
520 1577 1612 1744 andere geschrieben hätte.
517 1808 2475 1990 Im fünften Akt besinnt er sich darauf, dass er
530 1955 1933 2090 eine „Komödi e" schreiben wollte.
520 2085 2386 2254 Als wenn sich das erst im Laufe der Arbeit-
520 2214 1017 2381 entschiede.
512 2418 2057 2654 Er macht einen Juden aus Bernhardi.
