2904 3768
895 543 1473 718 (An den lesgen
1368 615 1823 763 neititati.
685 723 2339 855 Sie sind so freundlich mich aufzufordern d
710 850 2419 1018 die verschiedenen Erlgüterungen meines Werke
710 990 2411 1156 eine sigene Dirstellung meiner Auffassungen
2381 1058 2619 1153 verun
718 1113 2559 1258 in Ihrem Blatte zu veröffentlichen. Leider hart
888 1223 1096 1311 niht
723 1246 2416 1418 ich (disser Aufforderung nteht Folge leisten
715 1348 2639 1546 dass ein kutor nach einer Prantere die Verlochung
720 1516 2644 1656 spürt sich gegen kritische Aeusserungen aufzuleh-
723 1656 2554 1818 nen ist gewiss einlebenso häufiget ads natürli-
1996 1723 2161 1803 wa
810 1746 2634 1918 iex Veredngl Meistens widesteht er dieser Versu-
738 1848 2644 2034 ehung und tut recht daran Such ich habe es bieher
763 1971 2611 2166 imner so gehaften. Nicht etwa weif ich den Ver-
738 2114 2666 2294 wurf der Empfindlichkeit scheuteer trifft nicht
745 2249 2549 2431 schwer. Die Kritiker selbst sind ennfindlicher
733 2361 2674 2546 als die Autoren. Ich habe es hunterml erlebt, dass
723 2486 2624 2699 Autoren gegenüber den ungerechtestenn Angrissern
743 2626 2446 2826 stunm geblieben sind, aber ich erinnere mich.
738 2764 2584 2946 keines Falls, in den die Kritiker die Erutderung
738 2901 2609 3069 eines Autors ohne Widerspruch hingenommen hülfn.
740 3044 2561 3202 Entgegnat nun der Autor von Neuem, so wäre sine
735 3142 2749 3354 Dishusston im Geng, die sich ins Uferlose erstrechen
