2952 3736
959 578 2478 734 ligk von meinen sämmtlkhen Werken
951 715 2611 858 nichts anderes zu kennen scheinen als
953 850 2497 997 den „Anatol", und nager vom „Neg ins
955 983 2543 1101 Freie" nagh vom „Bernhardi“, gest vom
955 1120 2590 1265 „Medardus",nggt von Dutzenden anderer
951 1223 2649 1347 Stücke und Novellen, die ich geschrieben
949 1373 2524 1478 absolut nichts bemerkt haben,so muss
949 1489 2524 1611 ich ja wohl darauf gefasst sein, dass
943 1592 2628 1729 auch meine letzten drei Einakter in der
934 1750 2444 1858 N.R. mit der gleichen Flüchtigkeit
924 1889 2575 2020 und Plattheit besprochen werden dürf-
936 2016 2307 2161 ten,als meine vorherigen Werke.
