2984 3704
264 1829 549 2031 Schment1
536 571 2401 755 So ziemlich am Beginn meiner literarisehen
556 679 2579 881 Laufbahn steht ein stück, in dem ich die tiefe
551 845 2521 1024 leidonschaftliche liebe eines jungen Mädchens
538 984 2411 1155 aus dem Volke zu einem Studenten aus wohl-
549 1072 2531 1271 habendem Hause., das Glück, das heid und das En-
559 1170 2448 1404 de dieses jungen Mädchens dargestellt habe.
554 1359 2494 1542 Dä der junge Mann von einer früheren Leiden-
556 1490 2577 1656 schaft noch umstrickt,das Verhältnis zu diesen
571 1563 2557 1787 jungen Mädchen anfangs wenigstens allzu leicht
566 1729 2544 1862 nimmt, habe ich mit einem kaum zu überhörenden
569 1882 2378 2048 tronischen Unserton initel dieses Stück
2272 1925 2501 2023 tefter
571 1995 2453 2177 „Liebelei“ genannt. Mit grösserem Ernst und
1565 2083 1779 2184 feilis
569 2131 2509 2315 mit dem gleichen Recht, nur mit etwas weniger
569 2262 2385 2431 Geschmack hätte ich das Stück auch nennen
604 2373 898 2471 ducse
574 2373 2458 2572 können: Christinens grösse Liebe. Ein Miss-
584 2501 2423 2695 verstehen der unendlich einfachen Handlung
584 2632 2466 2826 ist auch für den beschränktesten leser oder
576 2765 2479 2957 Zuhörer völlig ausgeschlossen. Das hat aber
574 2871 2599 3082 nicht, gehindert, dass ein grosser Teil der Kri
579 3027 2438 3248 tik das Nort „Liebelei" durchaus in seiner
