2872 3640
2266 270 2504 437 Sonit
610 338 867 510 N.t.
1698 488 2579 614 über das Aphorismen-
619 508 1581 631 Die hundert Rezensenten,
614 614 2419 770 buch schreiben, lesen immer nur was darin über
619 743 2521 906 die Rezensenten gesagt ist und wehren sich dagé-
627 877 2497 1054 gen. Aus einem gewissen Solidaritätsgefühl auch
2259 986 2589 1076 munte
636 1003 2494 1190 diejenigen, die sich kaum getroften fühlen brau-
600 1139 862 1312 eten.
639 1248 2419 1452 Weder die Politiker noch die Pfaffen noch die
656 1409 2480 1557 quacksalber meldeten sich zum Worte. Es gehört
639 1533 2536 1700 eben nicht zu ihrem Handwerkszeug, das Schreiben.
639 1654 2548 1817 Aber wie sonderbar, dass die Rezensenten nicht im
1159 1778 1287 1875 sie
651 1802 1637 1950 geringsten für eintraten.
646 1914 2604 2077 Und doch— sind sie nicht alle Brüder im Ungeist?
