2904 3528
612 519 2386 743 Ein Künstlerischer Typus dieses vergiftenden
514 633 2301 824 Geistes ist beispielsweise der Wiener Dichter
920 701 2273 844 sich als entwickelnder Mensch sein
1807 781 2288 877 sich ansieh-
756 794 882 867 Wer
532 806 673 890 A.S.
532 794 1804 955 letztes Werk "Komüdie der Wortel
552 829 2369 1026 wird von dem Geist, der diese Stücke schrieb, in
544 862 2427 1074 seinem Wollen nach aufwärts gehemmt. (Die Frivoli
549 942 2485 1131 tät des französischen Salons war witzig und hatte
549 1003 2497 1202 doch nichts mit Gemeinheit zu tun). Er erlebt die
554 1094 2291 1265 Leugnung der germanischen Auffassung von der
542 1157 2497 1328 Heiligkeit des lebens und der Tragik,die die Ver-
572 1263 1981 1396 letzung der Gesetze nach sich zieht.
554 1250 2480 1457 Gut, man ein jüdigch negierender Geist auftreten,
572 1361 2354 1520 wo er will, warumslehnen ihn aber die Germanen,
532 1353 2553 1588 die im Zuschauerraum sitzen, nichte ab? Gibt es doch
587 1462 2543 1663 genug Juden, die an derartiger Litératur keinen Ge-
585 1527 2472 1726 Schmack haben und ssich Kant und Fichte zuwenden.
580 1588 2613 1784 Nun,es ist den Zuschauern ja gar nicht bewusst,dass
592 1668 2502 1920 eie Eitt trinken, Sie gehen ja nur ine Theater, un
620 1789 1547 1918 Eich zu amusieren".....
595 1840 1794 1998 Eugen Diederichs, in "Die Tat“
605 1850 2409 2056 Dazu Deutsche Tageszeitung 10.1.1916, in einem
1111 1956 2066 2094 ittlichkeit und Theater“
615 2039 1023 2122 Feuilleton
610 2001 2472 2180 Uebermächtig herrscht im öffentlichen Leben das
627 2054 2550 2255 ganz Gemeine,die Lust. am Lüsternen und die diese
625 2134 2517 2303 Zust ohne Unterlass autstacheln mühen sich lite-
622 2202 2553 2379 rarische und journalistische Wortführer der irre-
635 2250 2570 2442 geleiteten Nation, Sie haben einen Schnitzler,der
640 2313 2545 2505 Herrn Diederichs as der künstlerische Typus des
635 2394 2351 2580 vergifteten Geistes erscheint, auf den Thron
648 2437 2545 2641 erhoben;: sie haben auch seineKomdaie der Worte!
663 2505 2636 2701 einen fast völlig wertlos,gedehnten und gedunsenen
653 2603 2417 2772 Schmarrn bewundert und ihre Gläubigen füllen.
1552 2623 2664 2795 - die Theater, die Schnitzler
660 2709 1509 2838 während der Kriegzeit!
660 2792 1303 2928 spielen u.S.w.
