2952 3720
490 676 2377 849 In gänz ähnlicher Weise verhält es sich mit
520 796 2319 975 einer anderen Figur oder ich will vorerst
520 899 2528 1106 einmal gagen mit einem Wort, das zum ersten Mal
530 1048 2460 1234 in einer kleinen Szene „Weihnachtseinkäufe“,
530 1171 2430 1354 erschienen in der Frankfurter Zeitung,Neih-
530 1306 2500 1497 nachten 1890, zu lesen stand.Es lautet:„Süsses
533 1442 2387 1626 Mädel". Der Typus, auf den dieses Wort an-
530 1555 2435 1766 spielt,hat sicher nie etwas Neues bedeutet,
533 1716 2528 1864 nicht einmal etwas literarisch volkommen Neu-
543 1822 2520 2013 es. Immerhin mag es mir begegnet sein bei in-
545 1942 2530 2156 zelnen der Gestalten, auf die diese Bezeichnung
545 2078 2490 2266 mit Recht oder Unrecht angewendet wird,durch
583 2191 2500 2399 gewisse individualisierende Nuancen den Ein-
548 2347 2480 2528 druck frischerer Lebendigkeit erzielt zu ha-
555 2460 2465 2673 ben. Was aber vollkommen unerfindlich blibe.
550 2593 2573 2784 wenn man eben nicht immer wieder mit der Denk
565 2698 2497 2902 faulheit und platten Röswilligkeit einer ge-
560 2852 2500 3065 wiesen Art von Kritik rechnen müsste, ist der
565 2977 2417 3181 Unstand, dass seither kaum ein Merk von mir
565 3093 2502 3324 aufgetaucht ist (ich meine, seit die Bezeich-
