2840 3720
1782 456 2234 650 Hcher. 3
631 605 813 811 Kraf
1558 747 2461 851 weisen greifen Sie eine
806 782 1274 860 Um Ihre Thes
1425 872 2425 983 heraus, in denen tatsäch-
697 903 1288 1040 nzahl me iner Bil-
645 1012 1163 1118 11 und d
1404 1002 2350 1123 rtien enthalten sind, die
657 1066 927 1125 Lch a
1449 1087 2536 1234 hte der Gesellschaft befasst
652 1149 1326 1307 sich mut einär Se
1333 1272 2342 1354 oder Unrecht cls Halbseit
657 1288 1274 1449 dte man mit Recl
655 1423 2513 1584 zu bezgichnen pflagt; und wollen glauben rchen,
652 1503 2498 1648 dass diese Bücher überhaupt kein anderes Theru.
657 1655 2354 1782 hallen. Sie nennen ferner eine Anzahl meiner
1347 1721 2439 1884 mit der Halhwelt, auch im
650 1811 1184 1971 Bücher, die üz
1137 1872 1726 1964 mitt der jempti
664 1863 2487 2028 weitesten Sinn nts zu tun haben, und belaup-
667 1995 2435 2201 ten, dass auch diese sich nur mit der Haltwelt
674 2106 2449 2288 beschäftigen. Dann nennen Sie wieder Werke von
664 2272 2366 2404 mir, bei deren kurzer Besprechung Sie selbst
683 2409 2376 2539 gar nicht abzuleugnen versuchen, dass andere
676 2548 2342 2709 Probleme als das erotische Halbveltprobler.
676 2666 2536 2803 darin behandelt set,und erklären leichthin, dass
685 2784 2406 2962 ich mich dech für diese anderen Probleme im
950 2896 1139 2990 eber
685 2874 2425 3108 Grunde (nicht interessiere. Und endlich gehen
678 2969 2539 3167 sis sich den Anschein einer ganzen Rethe meiner
688 3125 2593 3385 Bücher geymnüber, als wenn Sie von deren Eristenz
