3032 3768
2140 225 2294 353 .
437 520 835 752 1rL 141
709 750 2736 967 Leitartikel, für Deuilletons, für Kannegiesseret-
709 911 2539 1100 ehibestenfells für aktaelle Erzeugnisse.Es-
704 1040 2627 1232 sind Probleme, an denen gtriss auch die Funst
697 1161 2642 1358 nicht vorbeigehen kann und soll, aber sie kön-
699 1307 2569 1484 nen niemals Nurzel eines Kunstwerks sein,Es
697 1431 2599 1618 sind überhaupt nicht Probleme, es sind Tages-
694 1562 2554 1749 fragen, es sind die faits divert der Iokal-
686 1671 1794 1875 chrönik oder der Politik.
