<?xml version="1.0" encoding="UTF-8" standalone="yes"?>
<PcGts xmlns="http://schema.primaresearch.org/PAGE/gts/pagecontent/2013-07-15" xmlns:xsi="http://www.w3.org/2001/XMLSchema-instance" xsi:schemaLocation="http://schema.primaresearch.org/PAGE/gts/pagecontent/2013-07-15 http://schema.primaresearch.org/PAGE/gts/pagecontent/2013-07-15/pagecontent.xsd">
    <Metadata>
        <Creator>prov=READ-COOP:name=PyLaia@TranskribusPlatform:version=2.7.0:model_id=50870:lm=none:date=22_01_2024_20:32</Creator>
        <Created>2023-09-27T14:39:34.866+02:00</Created>
        <LastChange>2024-01-22T20:32:50.251+01:00</LastChange>
        <TranskribusMetadata docId="1589058" pageId="60125655" pageNr="13" tsid="145639896" status="IN_PROGRESS" userId="40391" imgUrl="https://files.transkribus.eu/Get?id=CRNGLQIEOPQPMTEXXDACGVXS&amp;fileType=view" xmlUrl="https://files.transkribus.eu/Get?id=JCYXHWUQRHMDCMSIVGTCNCMJ" imageId="48550732"/>
    </Metadata>
    <Page imageFilename="1589058_0013.jpg" imageWidth="3080" imageHeight="3800">
        <ReadingOrder>
            <OrderedGroup id="ro_1711789549186" caption="Regions reading order">
                <RegionRefIndexed index="0" regionRef="tr_1"/>
            </OrderedGroup>
        </ReadingOrder>
        <TextRegion orientation="0.0" id="tr_1" custom="readingOrder {index:0;}">
            <Coords points="358,482 358,2837 2659,2837 2659,482"/>
            <TextLine id="tr_1_tl_1" custom="readingOrder {index:0;}">
                <Coords points="342,601 402,627 474,598 500,622 644,565 756,572 766,498 734,483 713,500 668,490 632,507 584,471 507,490 469,459 435,467 364,435"/>
                <Baseline points="358,585 383,586 409,588 434,583 460,578 485,575 511,570 536,565 562,561 588,558 613,555 639,552 664,550 690,548 715,546 741,541 767,534"/>
                <TextEquiv>
                    <Unicode>Ciitlun</Unicode>
                </TextEquiv>
            </TextLine>
            <TextLine id="tr_1_tl_2" custom="readingOrder {index:1;}">
                <Coords points="739,895 940,861 1239,916 1304,864 2610,892 2610,799 2469,746 2141,821 1625,809 1495,756 1237,768 1160,816 916,756 739,790"/>
                <Baseline points="752,850 845,853 938,853 1031,851 1125,856 1218,856 1311,854 1404,856 1498,857 1591,857 1684,856 1777,856 1871,859 1964,859 2057,859 2150,859 2244,858 2337,855 2430,856 2523,857 2617,859"/>
                <TextEquiv>
                    <Unicode>seien tief genug in sich Selbst und in an-</Unicode>
                </TextEquiv>
            </TextLine>
            <TextLine id="tr_1_tl_3" custom="readingOrder {index:2;}">
                <Coords points="761,1026 1108,990 1215,1036 1342,990 2629,1024 2629,926 2500,938 2455,900 2168,955 2077,912 1424,945 1148,902 883,940 761,883"/>
                <Baseline points="773,973 866,982 959,979 1052,982 1145,984 1238,984 1331,985 1424,985 1517,985 1610,988 1704,990 1797,988 1890,988 1983,988 2076,988 2169,983 2262,988 2355,984 2448,983 2541,985 2635,991"/>
                <TextEquiv>
                    <Unicode>dere Menschen hineinzusehen,dass aber auch:</Unicode>
                </TextEquiv>
            </TextLine>
            <TextLine id="tr_1_tl_4" custom="readingOrder {index:3;}">
                <Coords points="756,1158 907,1117 1335,1172 1462,1120 1735,1151 2232,1115 2548,1184 2548,1081 2366,1005 2122,1074 1995,1041 1852,1077 756,1067"/>
                <Baseline points="770,1110 859,1113 948,1110 1037,1110 1127,1107 1216,1110 1305,1113 1394,1110 1484,1116 1573,1116 1662,1116 1751,1116 1841,1113 1930,1110 2019,1113 2108,1113 2198,1113 2287,1113 2376,1110 2465,1113 2555,1110"/>
                <TextEquiv>
                    <Unicode>aus dem stücke selbst zur Evidenz hervor-</Unicode>
                </TextEquiv>
            </TextLine>
            <TextLine id="tr_1_tl_5" custom="readingOrder {index:4;}">
                <Coords points="1053,1184 1098,1182 1115,1191 1129,1184 1141,1194 1158,1196 1206,1191 1206,1141 1175,1132 1160,1141 1139,1136 1117,1148 1081,1127 1072,1132 1065,1124 1053,1124"/>
                <Baseline points="1065,1170 1094,1174 1123,1176 1152,1176 1181,1174 1211,1173"/>
                <TextEquiv>
                    <Unicode>Ee</Unicode>
                </TextEquiv>
            </TextLine>
            <TextLine id="tr_1_tl_6" custom="readingOrder {index:5;}">
                <Coords points="763,1278 1122,1280 1177,1244 1672,1302 1837,1246 1890,1285 2627,1273 2627,1208 2562,1170 1842,1211 1562,1170 763,1189"/>
                <Baseline points="776,1247 868,1244 961,1244 1054,1247 1147,1244 1240,1244 1332,1244 1425,1244 1518,1247 1611,1245 1704,1246 1796,1243 1889,1239 1982,1241 2075,1241 2168,1244 2260,1243 2353,1244 2446,1239 2539,1238 2632,1241"/>
                <TextEquiv>
                    <Unicode>geh(,dans die Seele wohl ein weites, für die-</Unicode>
                </TextEquiv>
            </TextLine>
            <TextLine id="tr_1_tl_7" custom="readingOrder {index:6;}">
                <Coords points="749,1390 1486,1416 1529,1385 1727,1426 1845,1380 2558,1378 2526,1306 1770,1330 1687,1294 1337,1340 943,1287 749,1325"/>
                <Baseline points="761,1364 851,1370 941,1373 1031,1373 1121,1370 1211,1373 1301,1373 1392,1368 1482,1373 1572,1373 1662,1373 1752,1370 1842,1373 1932,1373 2023,1373 2113,1373 2203,1373 2293,1372 2383,1370 2473,1372 2564,1370"/>
                <TextEquiv>
                    <Unicode>Sehenden aber keineswegs ein dunkles Land-</Unicode>
                </TextEquiv>
            </TextLine>
            <TextLine id="tr_1_tl_8" custom="readingOrder {index:7;}">
                <Coords points="1333,1459 1395,1447 1428,1462 1479,1436 1512,1436 1546,1438 1579,1462 1665,1467 1668,1402 1636,1407 1617,1395 1596,1407 1529,1385 1488,1414 1438,1395 1416,1412 1392,1400 1371,1416 1335,1412"/>
                <Baseline points="1346,1441 1371,1443 1396,1443 1421,1441 1446,1438 1472,1435 1497,1432 1522,1432 1547,1432 1573,1434 1598,1437 1623,1440 1648,1438 1674,1435"/>
                <TextEquiv>
                    <Unicode>ie et</Unicode>
                </TextEquiv>
            </TextLine>
            <TextLine id="tr_1_tl_9" custom="readingOrder {index:8;}">
                <Coords points="732,1526 1282,1512 1440,1553 1603,1514 2024,1574 2127,1519 2584,1529 2656,1495 2634,1416 2364,1459 2292,1407 2182,1457 1744,1428 1653,1471 1361,1464 1215,1409 969,1464 732,1431"/>
                <Baseline points="746,1501 841,1504 937,1501 1032,1499 1128,1501 1224,1501 1319,1501 1415,1500 1511,1498 1606,1498 1702,1501 1798,1501 1893,1501 1989,1498 2085,1498 2180,1496 2276,1496 2372,1498 2467,1498 2563,1495 2659,1489"/>
                <TextEquiv>
                    <Unicode>bedeute und dass der Seelenkenner die Hand-</Unicode>
                </TextEquiv>
            </TextLine>
            <TextLine id="tr_1_tl_10" custom="readingOrder {index:9;}">
                <Coords points="634,1670 1148,1675 1366,1629 1500,1672 1577,1636 1778,1675 2041,1641 2120,1687 2314,1644 2546,1668 2546,1579 2349,1553 1577,1593 1483,1548 1349,1584 790,1558 634,1605"/>
                <Baseline points="647,1623 742,1627 837,1632 932,1632 1027,1632 1122,1629 1217,1631 1312,1626 1407,1629 1502,1629 1598,1629 1693,1628 1788,1629 1883,1628 1978,1629 2073,1626 2168,1632 2263,1629 2358,1628 2453,1628 2549,1626"/>
                <TextEquiv>
                    <Unicode>-lungen jeder einzed nen in dem Stücke vor-</Unicode>
                </TextEquiv>
            </TextLine>
            <TextLine id="tr_1_tl_11" custom="readingOrder {index:10;}">
                <Coords points="761,1806 861,1770 964,1809 1151,1768 1201,1802 1476,1763 1579,1799 1847,1763 2529,1778 2529,1691 2428,1675 2266,1718 2096,1668 1747,1672 1622,1720 1249,1672 1014,1720 761,1680"/>
                <Baseline points="773,1761 861,1764 949,1764 1037,1761 1125,1761 1213,1758 1301,1759 1389,1761 1477,1761 1565,1760 1653,1759 1741,1761 1829,1760 1917,1761 2005,1760 2093,1758 2181,1758 2269,1755 2357,1755 2445,1755 2534,1755"/>
                <TextEquiv>
                    <Unicode>komienden Person einfach aus deren Wesen</Unicode>
                </TextEquiv>
            </TextLine>
            <TextLine id="tr_1_tl_12" custom="readingOrder {index:11;}">
                <Coords points="749,1931 1134,1904 1199,1945 1328,1909 1495,1969 1648,1914 1809,1952 2019,1900 2096,1933 2517,1900 2517,1828 2450,1821 749,1837"/>
                <Baseline points="761,1886 849,1889 937,1889 1025,1894 1113,1892 1201,1891 1289,1892 1377,1892 1465,1892 1553,1892 1641,1889 1729,1890 1817,1892 1905,1892 1993,1889 2081,1887 2169,1889 2257,1889 2345,1889 2433,1888 2522,1886"/>
                <TextEquiv>
                    <Unicode>mit einer fast mathematischen Sicherheit</Unicode>
                </TextEquiv>
            </TextLine>
            <TextLine id="tr_1_tl_13" custom="readingOrder {index:12;}">
                <Coords points="756,2081 1057,2058 1156,2081 1227,2046 1321,2072 1392,2046 1488,2081 1579,2065 1581,1959 1491,1969 1412,1936 1280,1971 1077,1945 756,1964"/>
                <Baseline points="770,2017 810,2025 851,2026 892,2026 933,2026 973,2026 1014,2026 1055,2025 1096,2022 1136,2020 1177,2020 1218,2023 1259,2020 1299,2020 1340,2020 1381,2020 1422,2020 1462,2021 1503,2023 1544,2024 1585,2023"/>
                <TextEquiv>
                    <Unicode>vorhersagen könnte.</Unicode>
                </TextEquiv>
            </TextLine>
            <TextLine id="tr_1_tl_14" custom="readingOrder {index:13;}">
                <Coords points="1136,2211 1452,2230 1577,2175 2560,2211 2560,2077 2381,2053 2129,2108 2055,2065 1136,2091"/>
                <Baseline points="1149,2149 1219,2150 1290,2152 1361,2152 1432,2152 1503,2152 1574,2149 1645,2149 1716,2146 1787,2149 1858,2146 1928,2147 1999,2146 2070,2146 2141,2143 2212,2148 2283,2143 2354,2146 2425,2148 2496,2149 2567,2149"/>
                <TextEquiv>
                    <Unicode>Endlich wird der Autor dem Miss-</Unicode>
                </TextEquiv>
            </TextLine>
            <TextLine id="tr_1_tl_15" custom="readingOrder {index:14;}">
                <Coords points="749,2292 935,2330 1859,2282 2031,2330 2297,2275 2512,2287 2512,2211 2459,2194 2306,2225 1883,2175 1653,2225 749,2203"/>
                <Baseline points="761,2283 848,2283 936,2284 1024,2283 1112,2283 1200,2283 1288,2283 1376,2283 1464,2282 1552,2280 1640,2278 1727,2279 1815,2274 1903,2274 1991,2276 2079,2272 2167,2274 2255,2274 2343,2274 2431,2271 2519,2274"/>
                <TextEquiv>
                    <Unicode>verständn is, als. wenn Horeiter sich nach</Unicode>
                </TextEquiv>
            </TextLine>
            <TextLine id="tr_1_tl_16" custom="readingOrder {index:15;}">
                <Coords points="754,2428 1347,2424 1534,2476 1629,2414 2014,2448 2428,2419 2428,2349 2256,2326 2160,2364 2000,2311 754,2349"/>
                <Baseline points="767,2417 850,2415 933,2417 1017,2415 1100,2411 1184,2414 1267,2408 1350,2411 1434,2411 1517,2408 1601,2408 1684,2402 1767,2402 1851,2405 1934,2404 2018,2405 2101,2402 2184,2402 2268,2403 2351,2402 2435,2400"/>
                <TextEquiv>
                    <Unicode>schlus des Stückesder Erziehung seines</Unicode>
                </TextEquiv>
            </TextLine>
            <TextLine id="tr_1_tl_17" custom="readingOrder {index:16;}">
                <Coords points="751,2584 1380,2548 1455,2589 1550,2550 2060,2536 2426,2577 2584,2560 2586,2455 1938,2488 1404,2436 1292,2491 959,2481 878,2436 751,2459"/>
                <Baseline points="764,2546 855,2548 946,2549 1038,2546 1129,2545 1220,2543 1312,2540 1403,2540 1494,2537 1586,2536 1677,2536 1768,2539 1860,2536 1951,2535 2042,2535 2134,2534 2225,2534 2316,2531 2408,2531 2499,2534 2591,2534"/>
                <TextEquiv>
                    <Unicode>Kindes zu widmen gedenke, dadurch begeguen,</Unicode>
                </TextEquiv>
            </TextLine>
            <TextLine id="tr_1_tl_18" custom="readingOrder {index:17;}">
                <Coords points="742,2732 1084,2675 1476,2684 1550,2723 2007,2684 2218,2732 2318,2687 2512,2694 2512,2591 2457,2572 2029,2620 1936,2577 1560,2617 1505,2577 1416,2617 742,2582"/>
                <Baseline points="755,2674 843,2678 931,2677 1019,2674 1107,2671 1196,2669 1284,2671 1372,2668 1460,2668 1548,2664 1637,2665 1725,2665 1813,2662 1901,2662 1989,2662 2078,2662 2166,2662 2254,2662 2342,2662 2430,2662 2519,2662"/>
                <TextEquiv>
                    <Unicode>dass er ihn mit den Rufe abtreten lässt:</Unicode>
                </TextEquiv>
            </TextLine>
            <TextLine id="tr_1_tl_19" custom="readingOrder {index:18;}">
                <Coords points="754,2828 1187,2814 1294,2857 1416,2802 1457,2833 1857,2799 1926,2842 1926,2718 1869,2699 1428,2749 754,2735"/>
                <Baseline points="767,2811 825,2808 883,2808 941,2805 999,2805 1058,2803 1116,2802 1174,2802 1232,2801 1290,2800 1349,2800 1407,2800 1465,2800 1523,2797 1581,2799 1640,2797 1698,2797 1756,2794 1814,2794 1872,2790 1931,2782"/>
                <TextEquiv>
                    <Unicode>„Und nun auf nach Amerikal“</Unicode>
                </TextEquiv>
            </TextLine>
            <TextEquiv>
                <Unicode></Unicode>
            </TextEquiv>
        </TextRegion>
    </Page>
</PcGts>
