2952 3736
700 558 2354 730 Wenn irgend jemind mich und meine Sa-
713 703 2314 881 chen konnt,so wird er aus ihnen ent-
717 796 2424 1021 nommen haben, dass ich ziemlich frei von
732 942 2364 1129 Lokalpatriotismus bön; und wenn seiner
722 1074 2430 1276 gegenüber den Mängeln deiner Landsleute
732 1189 2337 1390 die Augen nicht verschliesst,so darf
747 1329 2084 1524 ichwohl sageydass ich es bin.
747 1454 2218 1698 Er dass man mit einer gortesen
737 1564 2420 1779 tückiechen Absichtlichkeit die Fohler
764 1711 2441 1900 und Mängel, die einer gewissen minderen
762 1855 2443 2025 Ratogorie meiner Landsleute eignet,ge-
779 1968 2377 2144 rade mir ankreidet, und sie in meinen
779 2097 2451 2282 Werken zu finden trachtet, habe ich oft
800 2210 2475 2420 genug erlebt, um endlich stümpf dagegen
790 2420 1261 2555 zu werden.
