2936 3720
853 426 2465 629 geren Standpunkt für mich gewinnen,je
851 538 2556 737 forner sie von mir sind.Am allsklarsten
853 673 2492 862 habe ich das anlässlich des „Bernhar-
1383 805 2357 944 den man in Deutschland
860 879 1398 995 die gesehen,
868 925 2446 1116 durchaussals Tendanzstück brandmarken
868 1042 2403 1209 und gerade um seihes Bühnenerfolges
868 1173 2414 1323 willen In seinem litorarischen Nert
872 1292 2374 1478 herabsetzen wollte, während man ihm
889 1393 2473 1601 im Ausland als die Charakterkomödie
894 1554 2528 1724 erkannt hat,die er ist und als die er-
889 1705 1745 1859 sich erhalten wird.
