<?xml version="1.0" encoding="UTF-8" standalone="yes"?>
<PcGts xmlns="http://schema.primaresearch.org/PAGE/gts/pagecontent/2013-07-15" xmlns:xsi="http://www.w3.org/2001/XMLSchema-instance" xsi:schemaLocation="http://schema.primaresearch.org/PAGE/gts/pagecontent/2013-07-15 http://schema.primaresearch.org/PAGE/gts/pagecontent/2013-07-15/pagecontent.xsd">
    <Metadata>
        <Creator>prov=READ-COOP:name=PyLaia@TranskribusPlatform:version=2.7.0:model_id=50870:lm=none:date=22_01_2024_20:33</Creator>
        <Created>2023-09-27T14:39:43.164+02:00</Created>
        <LastChange>2024-01-22T20:33:00.011+01:00</LastChange>
        <TranskribusMetadata docId="1589058" pageId="60125953" pageNr="69" tsid="145640003" status="IN_PROGRESS" userId="40391" imgUrl="https://files.transkribus.eu/Get?id=IFTKGTMANPKWFXCIREDBPFME&amp;fileType=view" xmlUrl="https://files.transkribus.eu/Get?id=DEHRACMBXJMJFVSNCRQVMEYB" imageId="48551030"/>
    </Metadata>
    <Page imageFilename="1589058_0069.jpg" imageWidth="3016" imageHeight="3784">
        <ReadingOrder>
            <OrderedGroup id="ro_1711789633655" caption="Regions reading order">
                <RegionRefIndexed index="0" regionRef="tr_1"/>
            </OrderedGroup>
        </ReadingOrder>
        <TextRegion orientation="0.0" id="tr_1" custom="readingOrder {index:0;}">
            <Coords points="450,296 450,3429 2533,3429 2533,296"/>
            <TextLine id="tr_1_tl_1" custom="readingOrder {index:0;}">
                <Coords points="2090,383 2123,378 2141,362 2165,378 2185,367 2206,380 2219,367 2281,380 2281,318 2247,310 2216,328 2193,328 2180,316 2149,310 2128,326 2090,323"/>
                <Baseline points="2103,358 2129,358 2155,358 2182,360 2208,361 2235,361 2261,361 2288,358"/>
                <TextEquiv>
                    <Unicode>1A</Unicode>
                </TextEquiv>
            </TextLine>
            <TextLine id="tr_1_tl_2" custom="readingOrder {index:1;}">
                <Coords points="478,804 618,851 701,804 913,807 1254,817 1394,864 1531,820 2232,872 2330,822 2488,830 2488,758 2328,766 2273,724 1831,760 1735,719 1580,763 1459,706 1366,755 1169,711 939,745 809,698 478,732"/>
                <Baseline points="492,799 592,795 692,794 792,796 892,799 992,802 1092,805 1192,807 1292,808 1392,808 1493,809 1593,810 1693,812 1793,814 1893,816 1993,817 2093,817 2193,817 2293,817 2393,819 2494,820"/>
                <TextEquiv>
                    <Unicode>17.Der Umstand,dass ein solches Experimentdem</Unicode>
                </TextEquiv>
            </TextLine>
            <TextLine id="tr_1_tl_3" custom="readingOrder {index:2;}">
                <Coords points="463,947 1107,941 1430,993 1593,954 1710,1006 1852,952 1981,1001 2162,972 2377,1006 2374,890 2260,859 1756,910 1492,830 1169,884 701,830 564,882 463,856"/>
                <Baseline points="477,928 572,928 667,929 762,931 857,931 952,933 1047,934 1142,937 1237,937 1332,940 1427,940 1522,940 1617,941 1712,943 1807,946 1902,946 1997,946 2092,946 2187,946 2282,948 2378,951"/>
                <TextEquiv>
                    <Unicode>Autor auch Geld tragen könnte, bedeutet noch</Unicode>
                </TextEquiv>
            </TextLine>
            <TextLine id="tr_1_tl_4" custom="readingOrder {index:3;}">
                <Coords points="473,1084 590,1058 701,1099 742,1063 1099,1107 1203,1073 1430,1122 1492,1084 1971,1076 2090,1122 2255,1104 2253,1003 2072,978 1766,1027 1591,954 1399,1016 1228,962 1001,1022 471,993"/>
                <Baseline points="486,1059 574,1056 663,1059 751,1059 840,1062 929,1062 1017,1065 1106,1065 1195,1069 1283,1071 1372,1070 1461,1071 1549,1072 1638,1072 1727,1074 1815,1076 1904,1074 1993,1077 2081,1079 2170,1077 2259,1083"/>
                <TextEquiv>
                    <Unicode>ke inen Einwand gegen dessen Zulässigkeit.</Unicode>
                </TextEquiv>
            </TextLine>
            <TextLine id="tr_1_tl_5" custom="readingOrder {index:4;}">
                <Coords points="478,1210 812,1252 1014,1203 1187,1241 1288,1197 1404,1249 1710,1205 1986,1241 2281,1213 2374,1254 2444,1218 2444,1138 2395,1125 1810,1143 1508,1089 1182,1146 846,1086 478,1135"/>
                <Baseline points="492,1190 589,1193 687,1191 785,1191 883,1191 981,1193 1079,1193 1177,1196 1275,1197 1373,1201 1471,1199 1568,1202 1666,1202 1764,1205 1862,1205 1960,1205 2058,1205 2156,1210 2254,1206 2352,1206 2450,1208"/>
                <TextEquiv>
                    <Unicode>18. Ist. irgend ein Stück, also z.B. der „Regen-</Unicode>
                </TextEquiv>
            </TextLine>
            <TextLine id="tr_1_tl_6" custom="readingOrder {index:5;}">
                <Coords points="476,1340 900,1368 1182,1329 1508,1394 1653,1332 1883,1332 2015,1391 2447,1402 2447,1241 2051,1280 1896,1216 1552,1218 789,1280 647,1226 476,1267"/>
                <Baseline points="489,1324 587,1320 685,1324 783,1324 881,1324 980,1327 1078,1324 1176,1328 1274,1328 1372,1330 1471,1327 1569,1330 1667,1328 1765,1330 1863,1333 1962,1330 2060,1333 2158,1333 2256,1333 2354,1334 2453,1333"/>
                <TextEquiv>
                    <Unicode>von irgendwie schädigender oder verderblicher</Unicode>
                </TextEquiv>
            </TextLine>
            <TextLine id="tr_1_tl_7" custom="readingOrder {index:6;}">
                <Coords points="466,1456 662,1495 877,1466 988,1513 1523,1464 2470,1492 2470,1402 2372,1373 1978,1404 1880,1358 1544,1397 1244,1358 1094,1412 1006,1378 799,1417 466,1371"/>
                <Baseline points="480,1453 579,1451 679,1451 779,1455 879,1456 979,1459 1078,1454 1178,1455 1278,1458 1378,1456 1478,1456 1577,1459 1677,1461 1777,1465 1877,1462 1977,1463 2076,1465 2176,1465 2276,1465 2376,1465 2476,1477"/>
                <TextEquiv>
                    <Unicode>Wirkung, so würde diese Wirkung nicht geringer,</Unicode>
                </TextEquiv>
            </TextLine>
            <TextLine id="tr_1_tl_8" custom="readingOrder {index:7;}">
                <Coords points="466,1616 882,1640 1125,1593 1195,1637 1459,1596 1671,1647 2216,1603 2527,1645 2527,1528 2361,1492 2198,1544 2064,1541 1991,1485 1888,1528 1373,1497 1298,1541 1169,1487 466,1544"/>
                <Baseline points="480,1584 582,1582 685,1583 787,1587 890,1584 993,1587 1095,1589 1198,1587 1301,1587 1403,1585 1506,1587 1609,1590 1711,1592 1814,1590 1917,1592 2019,1593 2122,1590 2225,1593 2327,1593 2430,1593 2533,1584"/>
                <TextEquiv>
                    <Unicode>wenn der Autor auf die Tantienen verzichteile wür-</Unicode>
                </TextEquiv>
            </TextLine>
            <TextLine id="tr_1_tl_9" custom="readingOrder {index:8;}">
                <Coords points="450,1779 476,1774 530,1722 561,1741 584,1720 595,1728 621,1722 616,1642 590,1635 566,1655 535,1640 528,1647 494,1645 478,1658 445,1660"/>
                <Baseline points="462,1715 489,1717 516,1717 544,1716 571,1718 598,1721 626,1727"/>
                <TextEquiv>
                    <Unicode>do.</Unicode>
                </TextEquiv>
            </TextLine>
            <TextLine id="tr_1_tl_10" custom="readingOrder {index:9;}">
                <Coords points="460,1919 753,1849 962,1893 1045,1849 1174,1885 1875,1849 2041,1909 2172,1860 2361,1909 2457,1888 2457,1774 2126,1777 1808,1707 1632,1779 1228,1787 1174,1746 1016,1797 722,1704 460,1774"/>
                <Baseline points="474,1847 573,1847 673,1844 772,1844 872,1844 971,1847 1071,1844 1170,1845 1270,1846 1369,1844 1469,1844 1568,1844 1668,1845 1767,1847 1867,1847 1966,1847 2066,1847 2165,1847 2265,1850 2364,1850 2464,1850"/>
                <TextEquiv>
                    <Unicode>19.Verderblich ist in höherem Sinn nur das, was</Unicode>
                </TextEquiv>
            </TextLine>
            <TextLine id="tr_1_tl_11" custom="readingOrder {index:10;}">
                <Coords points="450,2004 2196,1978 2312,2030 2529,2038 2529,1922 2439,1885 2206,1909 2147,1867 2053,1909 1963,1878 1376,1935 1024,1865 804,1916 450,1916"/>
                <Baseline points="465,1975 568,1972 671,1971 775,1972 878,1975 982,1973 1085,1972 1188,1972 1292,1972 1395,1969 1499,1972 1602,1973 1705,1975 1809,1975 1912,1974 2016,1975 2119,1978 2222,1977 2326,1975 2429,1975 2533,1978"/>
                <TextEquiv>
                    <Unicode>die körperliche oder moralische Gesundheit schä-</Unicode>
                </TextEquiv>
            </TextLine>
            <TextLine id="tr_1_tl_12" custom="readingOrder {index:11;}">
                <Coords points="458,2131 535,2167 753,2116 1019,2157 1422,2100 2152,2121 2302,2175 2397,2136 2397,2015 2263,2002 1878,2038 1655,2004 1366,2043 755,1997 458,2020"/>
                <Baseline points="471,2100 567,2106 664,2106 761,2105 857,2103 954,2102 1051,2103 1147,2100 1244,2100 1341,2102 1438,2100 1534,2100 1631,2103 1728,2106 1824,2104 1921,2105 2018,2104 2114,2106 2211,2106 2308,2106 2405,2106"/>
                <TextEquiv>
                    <Unicode>digt. Wird durch die Darstellung des „Reigen!</Unicode>
                </TextEquiv>
            </TextLine>
            <TextLine id="tr_1_tl_13" custom="readingOrder {index:12;}">
                <Coords points="463,2278 621,2235 781,2268 1531,2271 1764,2232 1854,2271 2022,2237 2172,2276 2408,2260 2408,2144 2359,2126 2312,2160 1937,2134 1867,2178 1774,2149 1650,2183 1363,2097 1301,2134 828,2141 766,2180 628,2139 463,2183"/>
                <Baseline points="477,2232 573,2232 670,2232 767,2234 864,2233 961,2233 1058,2232 1154,2229 1251,2232 1348,2232 1445,2230 1542,2231 1639,2232 1736,2232 1832,2229 1929,2232 2026,2232 2123,2232 2220,2236 2317,2238 2414,2226"/>
                <TextEquiv>
                    <Unicode>die moralische Gesundheit der Bevölkerung ge-</Unicode>
                </TextEquiv>
            </TextLine>
            <TextLine id="tr_1_tl_14" custom="readingOrder {index:13;}">
                <Coords points="450,2408 1381,2361 2069,2413 2452,2369 2436,2286 2235,2317 2196,2284 1681,2284 1606,2317 667,2242 450,2294"/>
                <Baseline points="465,2369 564,2363 664,2363 764,2369 863,2363 963,2363 1063,2360 1162,2363 1262,2360 1362,2359 1462,2360 1561,2360 1661,2360 1761,2357 1860,2359 1960,2363 2060,2360 2159,2360 2259,2362 2359,2360 2459,2363"/>
                <TextEquiv>
                    <Unicode>schädigt, so ist eine solche Schädigung bereits</Unicode>
                </TextEquiv>
            </TextLine>
            <TextLine id="tr_1_tl_15" custom="readingOrder {index:14;}">
                <Coords points="453,2511 548,2542 641,2503 747,2547 853,2509 1831,2529 2082,2493 2170,2537 2304,2506 2457,2537 2457,2434 2108,2410 2072,2444 1940,2390 1834,2426 1650,2390 1296,2423 1138,2382 972,2428 453,2403"/>
                <Baseline points="468,2497 567,2492 667,2491 767,2488 867,2490 967,2491 1066,2490 1166,2488 1266,2488 1366,2487 1466,2488 1565,2485 1665,2485 1765,2486 1865,2488 1965,2488 2064,2488 2164,2488 2264,2488 2364,2488 2464,2491"/>
                <TextEquiv>
                    <Unicode>hunderte Male durch andere Stücke, durch andere</Unicode>
                </TextEquiv>
            </TextLine>
            <TextLine id="tr_1_tl_16" custom="readingOrder {index:15;}">
                <Coords points="453,2633 551,2664 672,2630 763,2677 809,2633 952,2661 1301,2622 1441,2659 2123,2622 2428,2674 2428,2545 2335,2519 2043,2578 1668,2496 1089,2550 1032,2511 825,2560 453,2516"/>
                <Baseline points="468,2623 566,2623 664,2623 763,2623 861,2621 959,2623 1058,2619 1156,2619 1254,2617 1353,2617 1451,2617 1549,2614 1648,2617 1746,2614 1844,2616 1943,2617 2041,2620 2139,2617 2238,2617 2336,2618 2435,2623"/>
                <TextEquiv>
                    <Unicode>Werke geschehen und das Verbot wäre nur dann</Unicode>
                </TextEquiv>
            </TextLine>
            <TextLine id="tr_1_tl_17" custom="readingOrder {index:16;}">
                <Coords points="445,2783 535,2809 608,2765 856,2762 1047,2853 1244,2770 1531,2754 1790,2806 1844,2767 2503,2767 2503,2700 2286,2641 1743,2703 1192,2633 892,2638 714,2705 561,2653 445,2690"/>
                <Baseline points="459,2751 561,2754 664,2754 766,2757 869,2751 971,2753 1074,2751 1176,2754 1279,2748 1381,2751 1484,2745 1586,2745 1689,2745 1791,2743 1894,2742 1996,2743 2099,2747 2201,2745 2304,2745 2406,2746 2509,2751"/>
                <TextEquiv>
                    <Unicode>begründet, wennsalle jene anderen Werke vorboten</Unicode>
                </TextEquiv>
            </TextLine>
            <TextLine id="tr_1_tl_18" custom="readingOrder {index:17;}">
                <Coords points="445,2938 504,2915 533,2925 590,2894 641,2915 734,2907 763,2922 799,2899 825,2912 843,2907 843,2842 797,2837 760,2855 732,2827 685,2819 613,2814 566,2835 515,2798 489,2816 442,2803"/>
                <Baseline points="459,2888 484,2888 510,2888 536,2888 562,2888 588,2888 614,2888 640,2888 665,2888 691,2888 717,2888 743,2889 769,2891 795,2893 821,2894 847,2894"/>
                <TextEquiv>
                    <Unicode>Mir den.</Unicode>
                </TextEquiv>
            </TextLine>
            <TextLine id="tr_1_tl_19" custom="readingOrder {index:18;}">
                <Coords points="445,3047 1117,3013 1241,3054 1329,3016 1746,3060 1872,3018 2074,3088 2222,3021 2516,3031 2516,2922 1544,2930 1435,2891 1309,2941 1234,2902 895,2964 600,2894 445,2922"/>
                <Baseline points="459,3026 562,3020 665,3019 768,3016 872,3011 975,3009 1078,3008 1181,3008 1285,3008 1388,3005 1491,3005 1594,3003 1698,3003 1801,3008 1904,3005 2007,3005 2111,3007 2214,3005 2317,3007 2420,3005 2524,3002"/>
                <TextEquiv>
                    <Unicode>20. Da das nicht geschehen ist, ist eg ganz zwei-</Unicode>
                </TextEquiv>
            </TextLine>
            <TextLine id="tr_1_tl_20" custom="readingOrder {index:19;}">
                <Coords points="450,3160 822,3147 910,3186 1130,3150 1275,3186 1430,3135 1588,3181 1678,3140 2048,3179 2374,3155 2377,3062 1327,3044 1218,3093 1073,3049 965,3085 825,3041 608,3080 453,3044"/>
                <Baseline points="465,3148 560,3146 656,3145 752,3145 848,3142 944,3139 1039,3139 1135,3136 1231,3133 1327,3134 1423,3134 1518,3133 1614,3130 1710,3133 1806,3130 1902,3133 1997,3133 2093,3132 2189,3132 2285,3133 2381,3136"/>
                <TextEquiv>
                    <Unicode>fellos, dass nicht nur das Verbot,sohdern der</Unicode>
                </TextEquiv>
            </TextLine>
            <TextLine id="tr_1_tl_21" custom="readingOrder {index:20;}">
                <Coords points="447,3295 732,3277 802,3321 975,3274 1689,3266 1914,3334 2172,3259 2421,3266 2483,3308 2467,3147 2240,3197 2105,3163 1839,3202 1697,3163 1298,3207 1099,3166 450,3163"/>
                <Baseline points="462,3282 563,3279 664,3272 766,3270 867,3270 969,3267 1070,3268 1172,3268 1273,3262 1375,3261 1476,3261 1577,3266 1679,3261 1780,3261 1882,3258 1983,3257 2085,3258 2186,3258 2288,3258 2389,3258 2491,3258"/>
                <TextEquiv>
                    <Unicode>gesamnte Kampf gegen den „Reigen“ durch Momente</Unicode>
                </TextEquiv>
            </TextLine>
            <TextLine id="tr_1_tl_22" custom="readingOrder {index:21;}">
                <Coords points="434,3453 830,3455 890,3411 1182,3450 1381,3409 1513,3468 2501,3411 2501,3318 2460,3297 1963,3341 1441,3282 1288,3329 1169,3287 1001,3329 434,3308"/>
                <Baseline points="450,3399 552,3399 655,3399 758,3399 861,3396 964,3399 1066,3397 1169,3390 1272,3392 1375,3390 1478,3393 1580,3390 1683,3390 1786,3387 1889,3387 1992,3389 2094,3387 2197,3390 2300,3390 2403,3391 2506,3390"/>
                <TextEquiv>
                    <Unicode>begünstigt würde, die durchaus oder zum grössten</Unicode>
                </TextEquiv>
            </TextLine>
            <TextEquiv>
                <Unicode></Unicode>
            </TextEquiv>
        </TextRegion>
    </Page>
</PcGts>
