3016 3720
503 587 2480 756 jene Entfralung eintreten misste,deren wir uns ich
1476 677 2825 799 kein verüftie baret vnd keiner
498 740 2520 908 Iänget berisst sind und unbedingt stirme ich Deiner
992 835 1463 933 vi dergoreidab.
487 859 2564 1049 Behanplungstet, das- Daintr und meine Entnichlune eeit
489 1000 2675 1174 lange einer gänlch verschiedend iichlung einges?! lagen
489 1115 2634 1297 hauen. Es frügti ich eden nur, welche von diesen Rich-
498 1242 2564 1446 tungen am Erder zu einem basseren Eiele führt und das
489 1376 2482 1571 warlen Anker zu anincheiden hahen als Du und I-.
1245 1517 2199 1729 laut testen sre
1433 1705 1800 1947 An
