3048 3832
455 540 717 717 srL
439 744 2624 965 fliessen und am Ende wird jeder bei seiner Ansicht
455 875 2510 1082 geblieben sein oder ex wenigstens behaupten., So
1883 997 2270 1087 noliren
1204 1036 1365 1109 er
447 1046 2439 1221 lassen wir also dieses Thema, das ins Uferlose
450 1229 760 1343 führtt.
758 1259 2431 1469 Ganz unbegreiflich ist mir ein anderer
466 1392 2567 1608 Irrtum, den Sie begehen: Sie nehmen rätsothafter
482 1567 2559 1755 eise an, dass Hofreiter durch Percys kommen ver-
2382 1630 2755 1736 ion am
1063 1681 1362 1766 baberen
471 1684 2649 1875 anlasst wird kier zu bleiben und sein leben seinen
2660 1728 2801 1886 een
463 1798 2570 2022 Sohn zu widmen. Sie nennen diesen Schluss banal-
469 1910 2646 2142 und sind da noch sehr milde. Er wäre nicht nur ba-
474 2046 2654 2305 nal, sondern eer Blödsinng Es ist mir auch
461 2164 2570 2412 nie eingefallen einen solchen schluss zu schrei-
477 2289 2670 2540 ben.Ganz ausdrücklich heisst in einer vorhergehen
474 2442 2540 2660 den szene, nachdem Genid sagt: Perci kommt: „Ja,
499 2559 2643 2788 den erwart ich noch, denn die Andern, na..." Also,-
496 2679 2646 2921 er erwartet ihn noch,um ihn noch einmal zu sehen,
540 2820 2608 3047 ehe er fortgeht. Dass er bei dieser Gelegenheit,
501 2940 2482 3191 wie draussen der Ruf Percip ertönt, nicht ohne
2000 3060 2196 3131 oder
501 3112 2537 3305 Rühring bleibt, das ist dem Mannd) in Anbetracht-
510 3221 2523 3477 seiner Nichtigkeit-wohl nicht übel zu nehmen.
