3016 3704
781 617 2379 784 Von den Anatol-Szenen abgesehen sind
775 749 2488 930 meine Eimkter etwas wegentlich anderes
770 887 2466 1001 als man unter Plaudereien zu verstehen.
793 1010 2534 1161 pflegt, „Der grüne Kakadu", „Die Frau mit
781 1133 2422 1298 dem nolch", „Die grosse Szene" können.
777 1268 2450 1428 unmöglich so bezeichnet werdenwnn sie
784 1401 2404 1554 auch im ganzen amüsant sein mögen und
781 1520 2614 1686 der Dialog in ihnen natürlich dahinfliest.
781 1666 2466 1812 Doch ist es ja überhaupt ein beliebter
777 1778 2561 1977 Vergang von vielen qualitäten eines Dich
784 1931 2545 2070 ters gerade eine zweiten Ranges als sein
788 2043 2525 2203 charakteristische, ja womöglich als seine
791 2159 2509 2333 einzige hinzustellen und die anderen zu
775 2290 2539 2475 übersehen, abzuleugnen oder in ihr gegen-
784 2445 1456 2621 toil unzulügen.
