5764 8792
4786 186 5074 339 No. 852
2368 192 3129 352 Neues Wiener Tagblatt.
154 192 506 358 28
1267 192 1747 365 Wien, Freitag
3750 205 4383 352 25. Dezember 1931
141 326 5273 429 „Kütz die Hand, gnädiger Herr,“ sagte sie, indem sich den Mund weit auf, dann packte er den erhobenen Ann sich diesen Kerl gestern eine Unsumme — zehn Kronen
3577 416 5279 525 ja, zehn Kronen..., bitte, Herr Sicherheitswach¬
122 422 3539 525 entfernte. Der Klang dieser Worte durchbebte ihn.... des Bettlers und fing an, nach der Wache zu schreien
134 486 3551 589 Und wie er jetzt wieder seine Blicke zu den anden Einige Leute, die aus der Halle kamen, blieben stehen,
3571 480 5298 621 mann...“ dabei stülpte er sich den Hut auf den Kopf,
1856 557 5081 697 Kutscher liefen herüber, ein Polizeimann war sofort zur „.. nie ist mir etwas Aehnliches vorgekommen!“
134 550 1830 653 Tischen sandte, kam es ihm vor, als sähe man ihn überall
3724 595 5292 723 Franz ließ den Herrn schreien, befand sich sehr wohl
128 633 1817 717 mit einer gewissen ruhigen und selbstverständlichen
1862 640 2054 742 Stelle
1984 697 5285 813 „Ist der Kerl verrückt?“ schrie der Wohltäter, in= und sprach kein Bort. Die Sache war erledigt. Er hatte
128 704 1817 787 Hochschätzung an. Unwillkürlich nahm er eine leichter
1862 742 5285 851 dem er seinen Zylinder aufyob. „Ich habe nämlich zu seine Dankesschuld abgetragen. Und gleichsam erlöst
122 768 1817 857 Haltung an, winkte dem Kellner, verlangte Zigaretten
122 838 1817 921 und zündete sich eine an. Dann ging er. Es schneite noch
1862 832 5292 973 bemerken," rief er in größter Erregung, ohne die Kraft, mit einem heiteren Lächeln auf den Lippen, ließ er sich
128 909 4294 1017 immer, und die Straßen, durch die er jetzt spazierte, seine bisherige Vornehmheit aufrechtzuerhalten, „daß auf die Wache führen.
128 973 1824 1062 waren menschenleer. Die Kälte empfand er nicht mehr
1888 998 5273 1133 xyz vnOx*
134 1049 1824 1152 aber der Boden schwankte ein wenig unter seinen Füßen
269 1120 1817 1229 Ein verlockender Gedanke fuhr ihm durch den Sinn
134 1158 1824 1299 Er schauerte zusammen..., und blieb einen Augenblick.
122 1241 1830 1337 lang stehen. Dann stapfte er mit den Füßen durch den
3487 1241 4281 1395 Sage.
2847 1241 3430 1408 Alte
141 1318 1849 1414 Schnee weiter und empfand ein gewisses Vergnügen
122 1395 1830 1472 daran, den Schritt des Herrn im Pelz nachzuahmen.
3046 1389 4076 1529 Von Waldemar Bonsels.
262 1459 1843 1536 In einer ganz engen Gasse kamen ihm zwei
128 1517 1817 1600 Frauenzimmer entgegen; die eine hielt einen Mus¬
1984 1517 5305 1664 Im fernen Asien lebte vor vielen tausend Jahren Funkeln sein Herz mit Entzlicken, Habsucht und Gier er¬
128 1600 3564 1708 vors Gesicht. Als sie Franz gerade gegenüberstand, ließ ein Zauberer, der es verstand, die Künste seiner
3596 1606 5298 1702 füllte. Der Zauberer rief einen seiner Wundervögel
141 1657 1811 1766 sie den Arm heruntergleiten und zeigte ein lachende
3596 1676 5292 1772 herbei, der den Edelstein, der die verzauberte Prin¬
1868 1689 3539 1766 cunken Seele vor allem Volk zu verbergen. Woh
134 1728 1830 1798 Gesicht. Franz starrte sie an. Die andre Frauensperson
3583 1740 5292 1843 zessin barg, in das Gemach des Königs trug. Er lachte
1862 1760 3539 1843 schwebten über seiner ärmlichen Hütte, die in der Näh=
122 1792 1811 1868 ging weiter, als gäbe sie von vornherein jede Hoffnung
3602 1811 5292 1900 seiner tückischen Rache froh, so häßlich auf, daß die
1862 1824 3551 1913 des königlichen Palastes lag. die Wolken böser Ge¬
141 1868 1817 1958 auf. Die mit dem Muff faßte nach dem Sträußchen und
1849 1875 5298 1984 rüchte, und viele fürchteten sich vor seiner gebeugten, Blumen im Garten verwelkten, und kroch in seine Hütte
122 1926 1824 2009 drängte sich an Franz. Er war sehr verlegen. „Ich habe
3596 1939 5305 2041 zurück, denn er wußte zuversichtlich, daß nie ein Mensch
1881 1964 3551 2048 graubärtigen Erscheinung, aber man wußte wenig
122 1990 1811 2067 keine Zeit,“ sagte er. „Was hast du denn so spät bei de
3590 2022 5311 2099 erraten würde, was mit diesem Edelstein geschehen
1868 2028 3539 2112 über sein Tun und Treiben. Man erzählte, daß sonder
134 2060 1824 2131 Nacht andres zu tun? Komm' nur; das ist schon mein
3602 2073 5305 2214 mußte, damit die Prinzessin aus ihrer Verbannung ins
1868 2099 3564 2195 bar befiederte, bunte Vögel zuweilen in seinen
122 2144 3558 2246 Haustor.“ Und resolut zog sie an der Glocke. Sie Fenstern ein= und ausflogen wie Boten geheimnis¬
3583 2163 4454 2265 Leben zurückkehren konnte.
122 2182 1817 2272 trällerte einen Gassenhauer und schaute Franz lachen
3692 2182 5305 2304 Die Trauer im Lande über die verlorene Königstochter
128 2246 3551 2329 an. Er rührte sich nicht.... Das Tor wurde geöffnet! voller Nachrichten, und daß wunderbar blühende
3602 2291 5305 2387 war groß, und niemand ahnte, daß ihr Verschwinden
1862 2297 3551 2387 Blumen in Totenschädeln in seinem Gärtchen wuchsen
128 2329 3551 2457 und schloß sich gleich darauf wieder hinter den beiden. deren geöffneten Kelchen zur Nacht kleine, elfenartige
3602 2361 5305 2444 mit dem kostbaren Edelstein zusammenhing, der im Ge¬
250 2393 1811 2476 Das Zimmer, in das er mit ihr trat, war klein un=
1868 2412 5298 2502 Wesen entstiegen, die traurig im Mond tanzten. Einige mach des Königs gefunden wurde, niemand ahnte, daß
122 2438 1830 2540 niedrig, auf dem Fensterbrett stand eine Petroleum¬
3609 2483 5317 2572 nach dem Fluch des Zauberers nur eine ganz bestimmte
1862 2502 3551 2579 wollten wissen, daß vor Jahren ein Mädchen, ei
128 2534 1824 2617 lampe, die matt brannte und nach der das ganz
1862 2560 5311 2655 schönes und liebliches Kind, sein Haus betreten hätte / Tat das Königskind erlösen konnte, eine Handlung, die
141 2604 3558 2707 Zimmer noch. Wieder dachte Franz an jene letzte und daß bald darauf ein großer, bunter Falter aus
3596 2623 5305 2707 mit diesem Stein von eines Menschen Hand vor¬
128 2655 1830 2745 Sommernacht dabeim, an den kühlen Duft der Wiesen
3602 2681 4415 2815 genommen werden mußte.
1862 2700 3551 2790 dem geöffneten Fenster geflattert wäre, das Mägdlei
122 2739 3551 2847 und Wälder der ihn damals umströmt hatte, und wäre wird niemals mehr gefunden. Andre wieder wollten
3730 2751 5311 2873 Der Stein wonderte in die Schatzkammer des
128 2796 1459 2918 am liebsten davongelaufen. Aber er blieb.
3596 2815 5317 2911 Königs, nach vielen Jahren trug ihn ein Prinz am
1856 2828 3545 2924 beobachtet haben, daß in Neumondnächten stille, blau
262 2860 1600 2988 Später schlummerte er an ihrer Seite ein.
3609 2892 5330 2975 Knauf seines Schwertes. Man erzählt, daß er viel später
1868 2918 3564 2995 Flammen auf dem Dachfirst brannten, grell und ohne
269 2943 1830 3039 Im Traum ging er eine große Treppe in ein
1862 2975 3551 3110 Wärme, aber geisterhaft leuchtend und von nie ge
3596 2963 5324 3039 Räubern in die Hände fiel und lange als verloren galt.
134 2982 2329 3155 schönes Haus hinauf, wo er in den ersten Wochen seines sehener Farbe,
3596 3039 5317 3110 Später tauchte er in Indien auf und ging unter
122 3091 1824 3161 Wiener Aufenthaltes Lektion gegeben hatte. Da standen
3583 3091 5311 3167 Händlern von Hand zu Hand, er ward begehrt und be¬
134 3155 1830 3244 Männer oben, die sich nicht um ihn kümmerten. Plötz¬
3596 3167 5317 3244 wundert wie kein andrer Stein, es war, als trauerte
134 3225 1836 3302 lich ertönte hinter ihnen eine Stimme, schrill wie ein
3602 3231 5311 3315 heimlich in seinem Glanz das Leid und die Sehnsucht
2931 3155 3551 3449 Nur
128 3289 1830 3398 Befehl — da wandten sich die beiden zu ihm und trieben
3596 3295 5317 3379 der gefesselten jungen Seele. Was immer mit ihm ge¬
128 3353 1824 3436 ihn mit Fußtritten die Treppe hinunter. Aber unter
3193 3315 3545 3475 diese.
3609 3359 5317 3443 schah oder vorgenommen wurde, nie geschah das Rechte,
122 3436 1843 3526 auf einer samtgepolsterten Bank saß der Herr vom
3596 3430 5292 3545 das einzige, das nach dem Zauberwort des bösen Alten
122 3487 1824 3571 Sophiensaal, hielt das Blumenmädchen auf dem Schoß
1984 3449 3564 3571 Eines Tages geschah es, daß die Tochter des
3609 3494 5317 3577 der längst gestorben war, den Bannspruch löste. Es
109 3564 3558 3634 und sie aßen beide Kastanien und erkannten Franz Königs den Park des Palastes verließ und in der
3615 3558 5317 3634 schien den Willen, den sonderbaren Entschluß auf der
109 3628 3564 3698 nicht, was ihn wütend machte. Er schrie sie an — sie Garten des Zauberers geriet, sorglos und ohne Be¬
3609 3628 5311 3756 Erde der Menschen nicht zu geben, der Freiheit herbei¬
128 3692 1817 3769 hörten ihn nicht. Und alle, die vorbeigingen, hunderte
1868 3692 3558 3769 denken, denn sie war noch fast ein Kind an Jahren
3615 3692 3833 3807 führte.
128 3756 3564 3839 tausende Menschen, lachten nun über ihn. Er wollte aber schön wie ein blühender Frühlingstag in der
3718 3737 5311 3871 Und dennoch geschah eines Tages das Wunder, daß
109 3820 1644 3922 um sich schlagen, aber er konnte sich nicht rühren.
1862 3820 3564 3910 Sonne und vom Volk geliebt wie ein freundlicher Ge¬
3609 3826 5317 3922 ein Mensch mit dem herrlichen Stein das eine, das Un¬
1868 3890 3564 3974 danke oder ein trostreicher Glaube. Sie war so schön
243 3858 1836 3993 Er erwachte jäh und stand auf. Das Frauenzimmer=
3615 3903 5311 3986 faßbare vornahm, das die Erlösung mit sich brachte. Es
122 3948 1824 4057 erhob sich im Bett, hatte offenbar schon tief geschlafen
1862 3974 5317 4057 daß selbst böse Menschen andächtig wurden, wenn sie trug sich so zu, daß ein reicher Kaufmann, der in den
128 4031 3564 4114 und war sehr ärgerlich. Sie kleidete sich notdürftig an sie erblickten, und so reinen Herzens, wie der Schne¬
3602 4044 5317 4121 Besitz des Steines gelangt war, auf der Straße von
128 4095 2745 4185 und schlürfte in zerrissenen Pantoffeln herum. Franz auf den Gipfeln der Berge
3602 4102 5311 4191 Räubern überfallen wurde. Er barg den kostbaren
2003 4127 3551 4274 Der alte Zauberer sah sie als sie sich in seinen
3596 4172 5317 4249 Schatz rasch am Wegrand im Gras, als die Gefahr
122 4185 1811 4274 mußte ihr beinahe den ganzen Rest seines Geldes gebe
1881 4198 3571 4306 Garten über die sonderbaren Blumen beugte, und ihr
3602 4236 5292 4319 herannahte, in der Hoffnung, er könnte sein Leben
128 4242 678 4332 und eilte davon.
1862 4287 3564 4364 Lächeln kam ihm wunderbarer vor als alle seine Künste
3609 4306 5298 4377 retten und später sein Eigentum wiedergewinnen.
141 4274 1830 4434 Als das Haustor hinter ihm zudröhnte, schlug es
1875 4364 5292 4454 Er trat zu ihr hinaus und lud sie ein, ihn in sein Haus Jedoch er wurde erschlagen und beraubt, und der wert
128 4390 1824 4466 eben drei Uhr von einem nahen Kirchturm. Fran
1881 4428 3571 4498 zu begleiten, aber sie erschrak über den begehrlichen
3615 4441 5061 4550 volle Stein blieb unbeobachtet am Wege liegen.
128 4460 1824 4530 nahm den Weg schnurgerade zum Sophiensaal. Der
1868 4492 3558 4575 Blick seiner stechenden Augen, und sein einladende
3730 4492 5292 4607 Bald darauf zog an einem Frühlingsmorgen
128 4524 1830 4607 Herrn im Pelz mußte er finden; wenn es ihm jetzt nich
1881 4556 3167 4671 Lächeln erschien ihr häßlicher als der Tod.
128 4588 1830 4665 gelang, so wollte er die Stadt nach allen Ecken und
3609 4550 5305 4677 singend ein junger Wanderbursche die Straße entlang,
2016 4594 3545 4722 „Niemals!“ rief sie erschrocken und wandte sich al=
122 4658 1830 4741 Enden durchstreichen, bis er ihm begegnete. Die Sache
3609 4652 5298 4741 das Licht der Sonne in den klaren Augen und das Herz
1862 4684 3558 4793 aber der Zauberer stand wieder vor ihr, und jetz
109 4729 1830 4805 war nicht in Ordnung und sie mußte geregelt werden
3615 4722 5292 4805 von nichts ersüllt als von Lebensglauben und aller
1881 4754 2867 4863 funkelten seine Augen vor Gier
115 4793 1836 4869 Auf den Lippen hatte er ein schmerzlich brennendes
3602 4793 5311 4876 Hoffnung auf sein innerlichstes Glück. Seine sorglose
2009 4799 3571 4940 „Ich will dich zum Eigentum,“ rief er, „komm’ mit
122 4857 2521 4965 Gefühl. Es war ihm jetzt, als wenn er dem Herrn die mir in mein Haus!“
3622 4869 5311 4946 Jugend füllte ihn wie ein Strom von Licht und Freude,
102 4921 1830 5042 Hand geküßt hätte, nicht für die zehn Kronen, die er¬
3609 4933 5298 5017 Daseinsliebe und Lebensseligkeit. Es gab nichts in
2003 4933 3571 5068 Die Königstochter stammelte mit blassen Lippen
3609 4991 5298 5087 Gottes freier Welt, das nicht ihm gehörte, nichts, dass er
128 4997 1824 5068 ihm geschenkt, sondern für all das Nichtige und Er
1881 4991 3391 5119 aber entschlossen und mutig, ein zitterndes Kind:
122 5055 1843 5138 bärmliche, auf das das Geld aufgegangen war... Die
3609 5055 5298 5151 sich wünschte, als immerdar so leicht und froh, so un¬
2035 5087 2809 5209 Niemals! Nimmermehr!
122 5125 1843 5215 Erlebnisse der Nacht wirrten ihm durcheinander Jetzt
3590 5138 5305 5221 beschwert und glücklich Gottes hellen Lebensgarten
1996 5132 3180 5273 Da schrie der Alte, entstellt vor Wut:
134 5202 1836 5279 erst fiel ihm mit vollkommener Deutlichkeit ein, daß er
3596 5209 5317 5292 durchwandern zu dürfen. Da sah er am Wegrand einen
2009 5221 3571 5330 „Hat dein Herz keine Wärme für mich, so soll deine
109 5253 3564 5369 dem völligen Elend gegenüberstand, daß er wieder ein¬ Schönheit fortan so kalt und starr sein wie ein Stein
3622 5273 5317 5349 farbigen Blitz aufleuchten und fand den Edelstein. Er
109 5330 1644 5420 mal nicht wußte, wovon er morgen leben sollte.
3628 5337 5298 5426 staunte und erschrak, und sein Herz erstarrte, als nahte
1881 5362 3583 5458 Verschmähst du meine Liebe, so sollst du tot und ein
262 5394 1824 5497 Die Straße war verlassen, der kalte Morgenwin
3609 5413 5305 5497 ihm mit diesem Gefunkel Satans Reich des ver¬
1875 5426 3564 5548 Stein sein, bis dich eine Tat erlöst, die niemand in der
3615 5484 5305 5567 gänglichen Besitzes, der bösen Gier, der Sorge und der
128 5465 1836 5561 wehte über den Schnee. Eine Budike, an der er vorbei
1881 5497 2508 5605 Welt erraten wird!
2016 5541 5305 5631 Er hob seinen Zauberstab, und die Prinzessin ver= irdischen Bedrängnisse. Ihm war, als sänke ihm unter
128 5554 1849 5631 ging, wurde eben geöffnet, verschlafen und ungekämmt
115 5625 1843 5714 staubte ein dickes Judenmädel den Schanktisch ab. Franz
3609 5618 5305 5708 diesem zornigen Glanz alles Licht aus der Seele, und
1881 5599 3571 5708 wandelte sich in einen Diamanten von solcher Schönheit
3609 5695 5311 5823 rasch entschlossen ergriff er den Stein und... warf
128 5695 3564 5765 trat ein, und wie sich selber und der ganzen Welt zum und so hobem Glanz, von solchem Feuer, daß keine
3615 5746 3897 5868 ihn fort!
109 5765 1836 5848 Trotz stürzte er noch ein Glas Branntwein hinunter
1888 5759 3564 5887 Menschen Auge ihn anschauen konnte, ohne daß sein
122 5829 1843 5919 Dann eilte er weiter, und in ein paar Minuten war er
3730 5804 5311 5951 Da hörte er einen leise aufjauchzenden Ton von
128 5900 1849 5976 an seinem Ziel. Nah beim Tor nahm er Aufstellung
3596 5906 5317 5996 trauriger Süßigkeit und glaubte zu träumen, als vor
122 5964 1862 6053 und wartete. Noch immer klang die Tanzmusik durch die
3615 5976 5311 6098 ihm am Wiesenrand, in den Blumen, im Schein der
1926 5887 3462 6092 Wochen-Ausgabe
128 6040 1849 6149 leise klirrenden Fenster. War es wirklich kaum eine
3596 6040 4677 6162 Morgensionne, ein Mägdlein stand.
2540 6053 2713 6156 Aus
134 6104 1331 6207 Nacht, die seither vergangen war?...
3730 6085 5324 6220 Hier endet die alte Sage von der Freiheit der
275 6175 1849 6284 Leere Wagen fuhren vor. Herren und Damen
3615 6168 5317 6290 Seele und von jenem Sinn des Herzens, der sie den
2278 6232 5317 6405 Menschen erschafft. Man erzählt, das Königskind sei
128 6239 1862 6354 kamen aus der Halle und stiegen ein, andre eilten zu
1990 6296 2470 6405 (Konsul a. D. Biberiete).
134 6328 1862 6412 Fuß davon. Franz wunderte sich selbst über die Sicher¬
3615 6341 5305 6437 seinem Retter gefolgt und sein Eigentum geblieben bis
2022 6360 3116 6501 Von Krokodilen belagert
141 6412 1862 6482 heit, mit der er einige Herren passieren ließ, die doch
3602 6405 4044 6520 an den Tod.
134 6476 1862 6559 einen ähnlichen Pelz trugen wie sein Wohltäter. Er
2028 6495 3385 6661 Im Schneesturm über den Wind-
128 6546 1862 6661 war entschlossen, nicht vom Platze zu weichen, ehe der
2112 6597 2528 6712 legergrat
141 6616 1862 6725 letzte Ballgast das Gebäude verlassen hätte. Er wartete
4070 6533 4837 6744 Heilige Nacht.
1996 6661 2598 6763 (Oberleutnant a. D. Weber
275 6699 1868 6795 Plötzlich stand ihm das Herz still.... Das war
4140 6706 4780 6834 Von Dr. Owlglatz.
2035 6744 3116 6879 Die Front ohne Menschen
141 6751 1862 6859 er... Da trat er aus dem Tor, knöpfte den Pelz zu
5017 6552 5285 6904 J.P.
3980 6789 4780 6904 Sie lärmen und sie rennen.
2003 6827 2438 6943 (Prof. Dr Fröhlich)
147 6847 1868 6923 und schlug den Kragen hinauf. Es war ein rechtes
3967 6879 4735 6975 Es fiebern die Antennen.
147 6911 1868 7026 Glück, daß ihn Franz noch hinter der Glastür erkannt
2048 6879 3257 7026 Mäßigkeit und Genügsamkelt
3980 6923 5061 7051 Viel tausend grelle Lichter schrei'n...
141 6981 1862 7071 hatte, denn jetzt war er beinahe vermummt. Franz
1984 6994 2432 7083 (Prof. Dr. Schiller
3986 7032 4716 7115 Die alten Sterne blitzen.
141 7051 1868 7135 wartete, beide Hände in den Taschen, und der Herr
2022 7026 3295 7179 Bäume aus der Pyramidenzeitä
3974 7090 4665 7179 Lern' wieder stille sitzen
147 7115 1868 7211 stapfte wieder mit den Füßen durch den Schnee, was
2003 7135 2655 7243 Prof. Dr. Schebesta S. V. D.
3986 7141 4850 7282 und lausche du in dich hinein!
141 7192 1862 7282 Franz erbitterte. Er stellte sich dem Herrn in den Weg
2028 7199 2873 7333 Gigantisches Afrika
141 7269 1862 7378 Dieser blickte auf und fragte: „Wie?...“ Dann schien
2003 7288 2572 7384 (Dr. Degrasia. New-York)
3986 7250 4850 7397 Die Nacht, wer kann sie töten,
4972 7269 5183 7429 Pr.
147 7339 1145 7461 er ihn zu erkennen und lächelte.
2022 7333 3148 7487 Der neue Turm von Babel
3980 7371 4709 7467 wenn sie aus Abendröten
294 7384 1862 7506 „Mein Herr...“ begann Franz, aber es schnürte
3974 7384 5221 7583 so samten=schwer und schaurig quillt?
1996 7442 2182 7544 Repis
141 7493 1868 7583 ihm die Kehle zusammen, und er konnte nicht weiter
3986 7512 4729 7602 Mit brüllenden Sirenen
2016 7487 3308 7627 Als Hilfsarbeiter in der Fabrik
5068 7531 5260 7621 G.C.F.P
147 7570 1868 7647 Der hochmütige Blick des andern, der zugleich die Er¬
3993 7563 4786 7672 ihr Schweigen überdröhnen
4978 7589 5266 7698 G.C.H.F.P
2003 7595 2272 7685 Dr. Demel
141 7627 1862 7717 innerung an seine außergewöhnliche Freigebigkeit von
3974 7621 4895 7774 das mütterlich die Unrast stillt?
4972 7672 5260 7768 G.C.H.P.
2028 7647 3059 7794 Festungen und Philister
147 7710 1868 7819 gestern abend und unbewußte Verachtung für den
4985 7736 5266 7832 G.C.P.
2009 7742 2259 7832 (Meichert)
147 7774 1868 7864 Bettler ausstrahlte, der da vor ihm stand, erbitterte
3974 7749 4844 7890 Laß sausen und laß brausen!
5042 7806 5273 7909 G.C.F.P.
2028 7800 3219 7954 Der G. P. U. entronnen usw.
141 7858 1868 7934 Franz bis zum Wahnsinn, so daß ihm die Augen zu
3980 7838 5017 7966 Das Heil kommt nicht von draußen
147 7915 1868 8005 glühen begannen. Ein unsäglicher Haß grimmte in ihm
3993 7934 4857 8043 Ertaube du der gellen Gier,
2009 7922 3449 8062 Kosmetik/ Kochrezepts / Kosteniose Graphologie und elle.
141 7992 1875 8075 auf — breit ausholend hob er seine Hand und gab dem
3986 7998 4780 8094 der wirren Hast! Erblinde
1996 8024 3315 8107 künstlerisches Weihnachts-Preiserätsel mit 74 Preisen
147 8062 1868 8146 Wohltäter eine mächtige Ohrfeige, daß ihm der Zylinder
3980 8075 4761 8171 dem irren Glast und finde
141 8139 1894 8267 herunterfiel. Der junge Herr riß zuerst vor Entsetzen
3980 8101 5004 8286 in dunkler Nacht den Pfad zu dir!
