5684 8872
307 324 597 480 Nr. 358
4867 415 5122 592 27.—
3648 1184 4387 1379 R. F.
1798 1184 2295 1362 Esq
2762 1189 3302 1366 wähden
2412 1202 2719 1349 3,9
644 1591 1297 1764 Bethlehem.
4547 1638 5170 1798 (Nachdruck verboten.)
406 1725 1435 1876 Von Alexander Lernet=Holenin.
372 1859 1288 1971 Weil man vielleicht ein Weinen
2027 1742 5075 2040 Wohltaten, still und rein gegeben.
376 1915 890 2010 oder hier und da
380 1980 1197 2079 einen Schuß und noch einen
3082 1997 4011 2148 Von Arthur Schnitzler.
376 2062 1223 2179 hörte, so stieß man die kleinen
372 2131 986 2239 Fenster auf, und sah:
2196 2092 3527 2239 Diese jetzt zum erstenmal veröffentlichte Er¬
3696 2131 5230 2243 Das Lokal war sehr spärlich besucht. An einem
2148 2200 5235 2313 zählung stammt aus dem literarischen Nachlaß länglichen Tisch saß eine kleine Gesellschaft von älteren
372 2174 1128 2343 Vor der Kirche die Spieße
2157 2282 5235 2382 Arthur Schnitzlers. Sie dürfte im Jahre 1900 ent¬ Leuten, die laut redeten und sich um den Eintretenden
372 2300 981 2399 stecken reihenweis'.
2148 2338 2520 2442 standen sein.
3544 2351 5248 2455 nicht kümmerten. Franz setzte sich an einen großen,
363 2334 1388 2490 und hörte, vom Nachbar her, dieses
1958 2408 3493 2524 Er ging, so schnell er konnte; zuweilen lief er ge
3553 2429 5235 2516 runden Tisch in die andre Ecke, bestellte sich ein Nacht¬
389 2447 1167 2563 Jammern und Gekreisch —
1815 2498 3523 2581 radezu. Aber es war ganz vergeblich — ihn fror immer
3570 2498 5230 2606 nahl, aß und trank hastig mit schmerzlich=süßem
376 2524 942 2637 Abgesessene Knechte
1833 2568 5235 2650 heftiger. Seit Anbruch der Dunkelheit schneite es über¬ Behagen. Als er fertig war, schob er den Teller weg
367 2598 1145 2710 hatten das Haus erschreckt,
1833 2632 5235 2710 dies, und die Straßen leuchteten im Laternenschein. Was und lehnte sich zurück. Er hatte keine Eile. In das
372 2671 1158 2779 und plötzlich sah man einen
3583 2702 5235 2784 schmutzige Quartier, wo er die letzten Nächte verbracht
1824 2702 3510 2788 sollte er beginnen? Er konnte sich nicht einmal mehr in
367 2753 1232 2857 kommen. der hatte zweie tleine
1833 2771 5235 2857 eine Branntweinbudike wagen; die letzten paar Heller hatte, kam er immer noch früh genug. Auch war ihm
363 2818 1154 2935 Kinder wie häßliche Frösche
1824 2831 5239 2935 hatte er nachmittags für einen Kaffee ausgegeben. Er die Aussicht, wieder in den Schnee hinaus zu müssen,
367 2892 1007 3008 auf die Klinge gesteckt.
1833 2900 4249 3021 war hungrig geworden, nachdem er den ganzen Tag immer unangenehmer.
1833 2965 3514 3056 treppauf, treppab gelaufen war. Vor acht Tagen, als die
3683 2931 5243 3078 Es schien ihm, als sähen die andern zu ihm
354 2944 1534 3104 Und da ging auch schon unten ein Gellen
1824 3030 3519 3112 ersten trügerischen Frühjahrsdüfte wehten, hatte er
3566 3047 5248 3142 herüber. Unruhig rückte er auf seinem Sessel hin und
359 3065 938 3155 in der Kammer an,
1841 3099 5243 3216 seinen dicken Rock verkauft, und nun, zu allem andern her. Jetzt, da er in einem warmen Lokal saß, mit
359 3112 1115 3233 Kreischen und Aufrebellen
1837 3164 3415 3255 Elend, schien ein neuer Winter einbrechen zu wollen.
3557 3199 5230 3285 gesättigtem Magen wie andre Leute, war ihm beinahe,
372 3160 1461 3302 und ein Niedertrommeln mit schnellen
1971 3229 3506 3324 Die Straße öffnete sich. Franz besand sich einen
3562 3276 5235 3346 als wenn er in den letzten Stunden nicht ganz bei
354 3289 1206 3393 Schlägen fing an, fing an —
1833 3281 3506 3402 großen Gebäude gegenüber, vor dem Bogenlampen
3557 3333 5260 3410 Verstand gewesen wäre. Mit Unbehagen dachte er an
1820 3359 3510 3449 brannten und dessen riesige Fenster in hellem Licht er
367 3350 1288 3506 Eine weiße Wolke vom Schießen
3557 3393 5248 3484 den Moment, in dem er dem jungen Herrn flehentlich
1833 3432 5248 3544 strahlten, Wagen näherten sich in geschlossener, dichter die Hand entgegengestreckt hatte, und noch viel
359 3445 1076 3536 flog den Markt entlang,
1824 3493 3510 3575 Reihe langsam dem Tor, von verschiedenen Seiter
367 3497 1331 3627 Blasen und Stechen und Spießen,
3566 3531 5252 3631 ärgerlicher an den Augenblick, der gleich darauf gefolgt
1824 3557 5243 3687 kamen Furgänger mit heraufgeschlagenem Kragen und war... Er hatte nicht übel Lust, wieder zum Sophien¬
363 3592 1266 3691 und Weiber mit bloßen Füßen
1824 3627 3527 3704 verschwanden in der Halle. Franz wußte, daß er vor
363 3665 1223 3752 rannten im Schnee und rissen
3583 3670 5248 3756 saal zurückzukehren, um dort seinen Wohltäter beim
1833 3691 3523 3782 dem Sophiensaal stand. Drüben lief ein großer Bursch
376 3704 1457 3856 den Knechten ihr Kind aus der Hand.
3570 3730 5252 3838 Ausgang abzupassen und ihm zu erklären, daß er
1833 3756 4409 3908 hin und her, der die Wagentüren öffnete und von den keineswegs ein Bettler sei.
1824 3825 2818 3929 Aussteigenden Trinkgeld erhielt.
372 3812 1197 3942 Ein Geschwader mit Speeren
3696 3869 5256 3985 Franz zahlte und ging. Auf der Straße schwindelte
372 3890 1124 3994 hielt im Harnischgeleucht,
1954 3873 3519 3985 In Franz regte sich der Neid. Wenn er sich doch auch
3566 3929 5260 4033 ihm ein wenig. Vor dem trübseligen Gasthof in der
1833 3968 3523 4050 zu dergleichen entschließen könnte! Aber das war ja schon
359 3942 1539 4093 und ein andres, von welchem die schweren
1824 4033 3527 4106 Bettelei. Und er war Student..„ inskribiert an der
3575 4020 5265 4102 Brigittenau graute ihm noch heftiger als früher, und
359 4033 1081 4124 Ober= und Untergewehre
1820 4093 5265 4184 Universität. Mit Erbitterung erinnerte er sich, wie er so trat er gleich wieder in ein Kaffeehaus, um noch
359 4098 1271 4189 baumelten, stand bei der hehren
3566 4163 4383 4258 einen Schnaps zu trinken.
1815 4154 3519 4236 vor ein paar Monaten, der Verzweiflung nahe so wi=
359 4176 1206 4284 Fahne, dem Adler des Reichs.
1824 4219 3527 4305 heute, beim Studentenverein um Unterstützung ein=
3687 4184 5273 4310 Hier schlug ihm eine schwüle, rauchige Luft ent¬
346 4210 1664 4361 Auf dem Pferd vorn, das selbst noch den toten
1837 4288 3527 4366 gekommen war, wie er dann mit dreißig oder vierzig
3575 4297 5286 4392 gegen; der geräumige, aber niedrige Saal war ziemlich
341 4335 1111 4431 Kindern die Zähne gezeigt,
1815 4353 3523 4426 andern in einem großen Vorraum hatte warten müssen
3575 4379 5278 4452 gefüllt, auf den Billardbrettern rollten die Kugeln,
350 4400 1344 4482 saß der Hauptmann im ziegelroten
1815 4409 5282 4521 wie ihm ein Herr mit einer Brille an einem grünen lachende, laute Stimmen tönten überall. Franz fand ein
363 4474 1236 4556 Mantel, die Zügel im Knoten.
1820 4469 3523 4556 Tisch ein paar Gulden eingehändigt und, als er danken
3575 4500 5278 4573 kleines Tischchen am letzten Fenster frei. Nicht weit von
1811 4534 3523 4655 wollte, mit einem: „Schon gut, vorwärts — der
346 4534 1020 4638 leicht vornübergeneigt,
3570 4565 5260 4638 ihm saßen zwei junge Leute im Frack in Gesellschaft
1833 4603 3073 4686 Nächste“ förmlich die Tür gewiesen hatte.
3566 4638 5269 4699 eines hübschen jungen Mädchens mit dunkeln, unruhigen
363 4599 1180 4737 weil ihn das Plärren störte,
1975 4660 3510 4763 Ein junger Mann und eine Dame gingen an ihn
3570 4694 5260 4781 Augen. Der eine Herr sah einen Moment lang scharf auf
363 4699 1145 4781 und er sah an allem vorbei,
1833 4716 3519 4815 vorüber; sie aßen gebratene Kastanien und lachten, als
3575 4763 5260 4846 Franz hinüber, der zusammenzuckte, denn er hatte schon
376 4768 1249 4863 bis er jemanden melden hörte,
1824 4802 3510 4880 ob sie das sehr komisch fänden, daß sie naschen durften
3575 4837 5248 4910 geglaubt, den Herrn im Pelz zu erkennen. Dann ärgerte
372 4846 1046 4967 daß man jetzt fertig sei.
1833 4867 3514 4936 während andre hungerten. Der Geruch stieg Franz ver
3583 4902 5265 4980 er sich aber, daß er so erschrocken war. Gerade als hätte
1824 4932 3527 5010 lockend in die Nase. Am liebsten hätte er ihnen die
354 4906 1470 5057 Da ließ er den Weg durch das Klagen
3575 4971 5235 5040 er nicht das Recht, die gleichen Lokale zu besuchen wie
1824 4997 3519 5075 warmen, duftenden Dinger einfach aus der Hand ge-
376 5018 1357 5101 und Jammern Schritt vor Schritt
3570 5031 5256 5109 jener andre. Der tanzte wohl in diesem Augenblick
1837 5057 3510 5148 rissen und verschlungen, und er spürte, daß ihm zu
376 5083 1158 5183 mit flachen Hieben schlagen,
3575 5105 5256 5174 mit schönen Damen durch den leuchtenden Saal und
1833 5126 3527 5209 einer solchen Handlung eigentlich nichts fehlte als der
376 5126 1375 5260 und, die drängten, bekamen schwere
3575 5161 5256 5256 hatte das stolze Gefühl, einen armen Teufel glücklich
1833 5187 3523 5273 Mut. Er biß die Zähne zusammen vor Wut, wenn er
380 5226 1068 5304 Klingen übergezogen —
3575 5243 5235 5312 gemacht, zu ewigem Dank verpflichtet zu haben. Franz
1837 5256 3510 5338 daran dachte, was für einen feigen Hungerleider die No=
376 5291 1107 5382 bunte Spieße wie Aehren
3570 5308 5248 5382 biß sich in die Lippen.... Ja, wenn es zehnmal soviel
1833 5321 3527 5399 aus dem frischen Knaben von einst gemacht hatte. Wäre
389 5360 1098 5438 schwankten über dem Ritt
3579 5373 5248 5455 gewesen wäre — oder hundertmal!... Ja, dann hätte
1837 5390 3527 5468 er doch daheim geblieben. Ein tüchtiges Handwerk oder
372 5433 1167 5516 und auf den Fahnen flogen
3575 5446 5243 5520 er ihm wohl die Hand küssen dürfen. Dann hätte er seine
1837 5455 3523 5541 irgendeine Arbeit auf freiem Feld, das wäre seine Sache
376 5494 977 5611 oben die Adler mit.
3575 5503 5256 5589 Existenz von Grund auf ändern, ein neues Leben be¬
1846 5520 3519 5602 gewesen, da wär' er heute stark und gesund wie früher
3583 5567 5256 5650 ginnen. ein Mensch... ein Mensch wie andre Menschen
1846 5593 3510 5671 als er sich in Wäldern und auf Bergen herumtreiber
3570 5645 5252 5723 werden können!... Aber dieses eine Goldstück!... Es
1837 5658 3523 5732 oder stundenlang auf den Wiesen liegen und in den
1846 5719 5248 5801 Himmel starren durfte. Daheim hätt' er schon irgendwie war gerade genug, um ihn seine Armut noch bitterer
488 5675 1435 5840 Jungfrau Maria.
1837 5792 5248 5861 ehrlich sein Brot verdient, ohne sich demütigen zu empfinden zu lassen, und ihn tiefer zu erniedrigen als
609 5792 1297 5930 Von E. A. Karlfeldt.
3583 5853 5243 5935 je zuvor.... Die Erinnerung trieb ihm die Schamröte
1846 5857 3255 5948 müssen wie hier. Was war aus ihm geworden!
99 5879 1694 6026 Dort wandelt sie bei Sjugareby hinab ins Wiesenreich,
3575 5913 5248 6008 in die Wangen... Er wünschte seinen Wohltäter ein¬
1975 5922 3510 6008 Durch die stille, kalte Luft drangen die Klänge de
95 5991 1656 6073 Die Jungfrau mit den Wangen, so mandelblütenweich,
3575 5987 5256 6069 treten zu sehen — er würde aufstehen, sich vor ihn hin¬
1837 5952 3519 6077 Tanzmusik scheinbar stärker als früher zu ihm. Ir
99 6056 1660 6151 Licht, wie die Heckenrosen, fernab von Dorf und Steig,
1846 6060 3527 6147 diesem Augenblick merkte er, daß ihn jemand
3570 6052 5256 6173 pflanzen und ihm den Rest des Geldes vor die Füße
99 6112 1465 6194 Ferne dem Staub und der Menschen Wandern.
1837 6129 3527 6211 betrachtete, wie er zähneklappernd, die Hände in den
3570 6121 4007 6233 schmeißen....
99 6194 3523 6281 Wo gingst du, daß die Sonne dich nicht braun gebrannt? Hofentaschen, an der Laterne lehnte. Ein junger Mann
3713 6207 5265 6302 Franz merkte, daß die Gesellschaft drüben auf ihn
82 6246 1660 6363 Welche Träume sind es, die dein junges Herz empfand,
1846 6268 5260 6376 im Pelz, mit einem kleinen Schnurrbart war es, der aufmerksam wurde. Vielleicht hatte er in der Erregung
99 6315 1586 6393 Daß dein Blut nicht brennt gleich dem der andern?
1824 6345 5256 6445 gemächlich durch den Schnee gestapft kam und vlötzlich halblaut gesprochen. Das Mädchen hatte ihm den Rücken
95 6389 1595 6492 Ein wunderbarer Schein um's bloße Haar dir weht,
1837 6419 5248 6510 vor ihm stehenblieb. Er schlug den Pelz zurück, griff zugewandt, ihre Frisur war ein wenig verwirrt, feine,
95 6449 1483 6531 Deine Stirn' ist wie des Mondes Reis zu sehen,
1837 6479 3523 6557 mit einer weißbehandschuhten Hand in die Tasche und
3570 6501 5256 6575 lose Haare kräuselten sich ihr im Nacken. Franz dachte
95 6523 1517 6618 Wenn er geneigt und weiß am Bergeskamme steht
1846 6553 5256 6648 zog seine Börse hervor. Gegen seinen Willen, ja mit an einen Sommerabend daheim: wie er auf der Bank
108 6592 1370 6696 Und schimmert durch die lenzlichen Schlehen.
1837 6626 5269 6713 einem dumpfen Staunen über sich selbst, hielt Franz die am Mühlenweg saß und wie die Kellnerin von der
1837 6687 5269 6782 Augen auf den Herrn fast flehentlich gerichtet und die „Grünen Traube“ ganz erhitzt über die Wiese zu ihm
112 6665 1522 6769 Nun streicht durch Aleleien der Abendwind so kühl,
1846 6756 5248 6851 Rechte wie zum Empfang ausgestreckt. Der Herr suchte gelaufen kam; im Mondenschein hatte es ausgesehen als
99 6760 1504 6834 Und Frieden läutet rings der Lilien gelb Gewühl,
112 6821 1716 6933 Fern wiehert dort ein Füllen, verhallt der Kuh Gebrüll,
1837 6825 3510 6903 in seiner Börse, offenbar ohne zu finden, was er wollte
3583 6838 5265 6925 flöge sie über das Gras. Es war an dem Abend gewesen,
1846 6890 3501 6985 Dann schüttelte er leicht den Kopf, murmelte „Ah was!
112 6881 1470 6985 Kaum wispert es im Schwalbennest und Haine.
3570 6903 5260 6989 bevor er in die Stadt mußte, und seither hatte er keine
1850 6968 5265 7076 und reichte Franz ein Zehnkronenstück. Franz riß mehr in den Armen gehalten. Eine plötzliche Sehnsucht
108 7007 3527 7111 Nun geh'n des Dorfes Burschen und Mädchen Paar um Paar, unwillkürlich Mund und Augen auf. Ein ungeheurei¬
3579 7050 5248 7128 nach dem blinden Geschöpf mit den heißen feuchten
112 7080 1517 7201 Du bist erwählt, ersehnt vor aller Menschenschar.
1846 7098 3527 7180 Entzücken erfüllte ihn. Er wußte, daß er in einer
3570 7111 5256 7184 Wangen, an das er so lange nicht mehr gedacht hatte,
104 7141 1210 7219 Was gehst du so gedankenvoll alleine?
1854 7167 5269 7262 Minute essen konnte. Er noch den Duft von Braten ergriff ihn, und er bekam förmlich Lust, sich morgen früh
99 7167 1738 7301 Du bist wie eine Mail nach erster Weih' des Abendmahls.
1854 7245 3536 7314 und frischgebackenem Brot. Mit Inbrunst faßte er die
3583 7249 5265 7366 auszumachen und zu Fuß nach Hause zu wandern, über
121 7279 1340 7361 Die in der stillen Pfingstnacht will wachen
1854 7305 3527 7387 Hand des jungen Mannes, drückte sie und preßte sich
3583 7314 5248 7404 die verschneiten Straßen und Hügel. Ein blasses
112 7331 1608 7456 Mit ihres Herzens Beben, gedenkend noch des Halles
1833 7383 3527 7456 endlich an die Lippen. Dieser wich, wie erstaunt, zurück
3575 7387 5260 7469 Mädchen stand plötzlich vor ihm, ganz still, mit einem
112 7409 1318 7521 Der Worte, die so Wunderbares sprachen.
1854 7443 5256 7538 schien etwas fragen zu wollen, rasch aber besann er Körbchen voll Blumen und hielt ihm, ohne ihn recht
121 7487 1630 7599 Kehr'um, kehr' um, Maria, es bricht die Nacht herein!
1850 7517 5260 7612 sich, ging ellends über die Fahrstrahe, wand sich drüben anzusehen, ein kleines Bukett von roten Nelken und
112 7586 1491 7668 Die Mutter könnte sorgen, du wandelst so allein.
1850 7595 5248 7677 zwischen zwei Wagen durch und verschwand in der Reseda entgegen. In seiner Verlegenheit griff er wie
121 7625 1686 7763 Du bist wie Weidenzweige zu brechen leicht und sein —
1854 7647 3540 7729 Halle. Franz hatte ihm nachgeschaut, so lang er konnte
3588 7668 5256 7755 mechanisch nach dem Sträuschen und legte es vor sich
121 7711 1422 7815 Und der Bär kommt durch den Wald gegangen
1854 7720 5248 7815 in der dunkeln Empfindung, daß er sich die Gestalt hin. Während er nach einem Zwanzighellerstück suchte
1850 7798 3531 7876 und den Gang seines Retters einprägen müsse. Dann
138 7776 1690 7910 Doch die Rose, die du hältst, schützt dich in dieser Nacht.
3583 7806 5256 7889 nahm das Mädchen die Blumen vom Tische auf, und
138 7854 1444 7949 Aus sel'gem Garten hat ein Engel sie gebracht.
1850 7863 3536 7940 führte er das Goldstück mit plötzlicher Angst näher an
3583 7871 5265 7962 steckte sie ihm ins Knopfloch, immer schweigsam, ohne
143 7910 1413 7992 Du kannst treten auf Dornen und Schlangen.
1850 7927 3531 8005 die Augen, und tief atmete er auf, als er sah, daß er
3588 7940 5278 8027 die Miene zu verziehen, als dächte sie an etwas ganz
151 7936 1681 8087 Sieh den Streifen, der so blinkend dort hinübersprang
1854 7997 3536 8074 sich nicht getäuscht hatte. Nun lief er eine ganze Weile
3588 8014 5278 8092 andres. Franz hatte endlich das Geldstück aus dem
130 8048 1379 8157 Durch den Siljansee aus abendrotem Lande.
1850 8066 3540 8152 durch die Strt jen, ohne an Hunger, Durst und Kälte
3588 8079 5269 8161 Sack hervorgeholt — es war zwar eine Krone, aber er
138 8096 1764 8226 Heut' kannst du geh'n ins Paradies den bräutlichen Gang
1850 8139 5282 8226 zu denken. Aber als er an einer Ecke die erleuchteten schämte sich, weiter zu suchen und gab der Kleinen die
138 8182 1370 8312 Auf dem schmalen und schwankenden Bande.
1863 8208 5278 8308 Fenster eines bescheidenen Gasthauses blinken sah, kam Münze. Sie lächelte ein wenig, und Franz fah, daß sie
475 8260 1785 8386 (Nachdichtung von Fritz Michaelis.)
1846 8260 2900 8381 er zur Besinnung und trat ein.
3557 8273 5291 8403 viel älter sein mußte, als er anfangs vermutet hatte.
