3416 4120
2748 288 2933 444 157
931 457 2814 623 auch zeitig genug morgen um elf Uhr.
929 611 2837 790 Es hat doch bis Mittag Zeit,wenn ich
939 760 2509 921 genötigt bin ihn zu ohrfeigen.
939 946 2892 1113 Egon: Und wenn er die Stadt verlassen
929 1098 1214 1244 hat -
941 1209 2948 1431 Fliederbusch: Ja,was dann? Daran haben
936 1411 2716 1532 wir wahrhaftig noch nicht gedacht.
931 1542 2887 1714 Schromm: Dann halten wir uns an einen
931 1709 2794 1880 Andern. (zu Fliederbusch) Sie legen
941 1860 2935 2009 doch keinen Wert darauf gerade diesem
929 1999 2880 2170 Herrn Fliederbusch eine Kugel durchs
941 2135 1797 2317 Gedärm zu jagen?
941 2271 2930 2471 Fliederbusch: Ich glaube vielmehr, dass
944 2473 2794 2602 Herr Fliederbusch Wert darauf legen
946 2594 2933 2771 wird mir -oder glauben Sie nicht,meine
941 2756 2970 2882 Herren? (sieht auf die Uhr) Auf Wieder-
946 2882 2440 3127 sehen, meine Herren, (eilt ab)
