3352 4056
2597 257 2790 502 189
884 470 2787 687 nehmen. Und wenn es schon ein ernstes
892 612 2707 837 Ende nehmen sollte gibt es eine Ge-
904 784 2787 1004 rechtigkeit auf Erden,so knallen Sie
902 924 2575 1134 Herrn Fink nieder,nicht er Sie.
1231 1056 1541 1164 Kuell.
907 1099 2385 1294 styx: Du hast ein Duell?
914 1236 2880 1424 Abendstern: Sie wussten nicht? Ja, wie
909 1389 2682 1601 styx: Also darum?_ (rasch gefasst)
914 1556 2655 1758 hast du mir den Vorschlag gemacht
914 1698 2855 1911 mich noch heute Herrn Leuchter vorzu-
929 1863 2720 2073 stellen. Ja, das konnte ich freilich
929 2038 1261 2220 nicht-
937 2155 2902 2343 Abendstern: Ich dachte,Sie wissen.Heir
924 2303 2670 2505 Styx. Ich musste natürlich denken-
944 2425 2912 2622 styx: Also,du hast ein Duell mit Fink?
947 2582 2835 2800 Du hast also den famosen Artikel ge-
957 2732 2917 2975 schrieben. Ich gratuliere.Donnerwetter,
954 2907 2962 3087 du hast übrigens Mut.Es ist ja schliem
952 3054 2857 3242 lich klar, dass dieser Fink sich
964 3179 2932 3377 das nicht bieten lassen konnte. Keiner
962 3344 2757 3566 hätte sichs bieten lassen. Alberner
954 3509 2897 3749 Suob. Hm. Sind die Bedingungen eigent.
