3448 4104
2702 371 2898 540 164
1013 540 2619 769 Fanny: Ich bewundere dich sehr.
1003 706 2903 891 Fliederbusch: Du warst wohl auch et
1011 903 1711 1040 was erstaunt?
1020 967 2981 1223 Fanny: Nein, das kann ich nicht sagen.
1013 1162 2910 1355 Ich kenne dich ja. Ich erinnere mich
1033 1287 2954 1487 ja noch an alle die Dinge, die du frü¬
1018 1470 2485 1643 her einmal geschrieben hast.
1020 1633 2742 1775 Fliederbusch: Du hast mir es aber
1028 1765 2934 1953 nicht mehr zugetraut. Du hast wohl ge¬
1025 1953 2864 2087 dacht, dass ich in der Alltagsarbeit
1028 2085 2964 2278 allmählich mein Talent eingebüsst ha-
1030 2258 2993 2383 be, nicht wahr? Dass ich nun verurteilt
1033 2422 2976 2551 wäre mein Lebtag ein kleiner Reporter
1035 2576 2729 2739 und Notizenschreiber zu bleiben?
1042 2720 2939 2932 Fanny: Es war ja um meinetwillen. Wie
1047 2864 3010 3037 weit wärst du schon, wenn du mich nicht
1064 3013 2068 3218 geheirat et hättest?
1050 3117 2942 3340 Fliederbusch: Wirst du wohl -Schämst
1055 3313 2939 3481 du dich nicht solche Dinge zu sagen?
1069 3462 2971 3659 (zur Kleinen) Du hast eine recht dum.
