3416 4104
340 239 2557 550 Rausik. - So - ich ierst als sie Thederk
402 467 2031 727 nuit! - hiemit en teme!
476 588 2652 837 Ich will - class Sie mit an ihre Stelle.
473 760 1706 970 in. Todenet beiose.
440 857 2415 1126 min denbe he elve. he much
449 1020 2457 1289 wil dort bleiben? - Neilken he -
458 1112 2448 1440 dien klett en albewe Jacob
482 1283 2347 1573 prennt wurde : – Verhört
476 1431 2016 1670 not do uit the chee?
559 1588 2022 1839 sit in dort in Reparten
588 1658 2454 1913 has liegt there a diese Hellen
582 1786 2593 2105 sest. une: he knadort diess troppel
2711 1954 3024 2087 Cultivr
579 1972 2593 2256 niet auttante treite - das weil
2696 2066 3083 2300 Loppelmit
559 2131 2643 2445 he den recht! Woi ma clort erfah
553 2294 2575 2619 dep lie keu trut sind - wei es H
1191 2501 2749 2720 Herr College erfahrt - gep.
597 2625 1141 2803 ouvrage
585 2643 2743 2930 of he polecieie - Cbe it all the
591 2841 2977 3092 nen sager - diese College ist mir liebe
618 3051 2921 3287 as he!- Das ist in him. It was
630 3264 2764 3432 theomenterial geben was in beide
689 3397 1463 3683 feilius bin!
565 3503 2941 3743 Il Ich keidert nicht mit Ihren. Ihnen
736 3707 2134 3926 There in Kaill jede
