3448 4104
2815 396 2953 542 85
1000 524 2895 696 Emma: Dass es eigentlich sehr hübsch
1000 696 2895 832 wäre, wenn ein paar von uns mitwirken
998 847 2999 1011 möchten, die was wirklich tanzen können.
998 1000 2825 1152 Satan: Aber das wird ja nicht gehn.
988 1147 2971 1303 Es wirken doch ausschliesslich adelige
985 1326 2885 1482 Damen mit.Die Fürstin Wendolin macht
509 1419 932 1575 du naamt
998 1479 2974 1623 doch das Ganze. In ihrem Park wird das
484 1520 839 1658 einmelt
985 1615 3001 1787 Fest stattfinden. Es sind ja schon Pro-
547 1635 844 1774 Nullet.
983 1772 2916 1920 ben gewesen,hör ich. Und die Fürstin-
988 1925 2868 2054 Emma: Die ist ein viel ärgeres Luder
975 2087 2830 2283 als - als irgend eine, die ich kenn.
985 2213 1419 2376 von uns.
983 2369 3004 2548 Satan: Das geb ich dir ohneweiters zu-
413 2402 869 2538 lichet médecin
451 2497 698 2623 bet wyn—
983 2550 2759 2674 aber es ist schliesslich doch eine
398 2591 829 2701 Nin weil in kein
365 2664 849 2785 Vertellen wird die
980 2691 2868 2832 Veranstaltung dieser Kreise. (Auch bei
421 2764 698 2853 &c. abt he
973 2797 2772 2971 den lebenden Bildern) wirkt absolut
975 3006 2964 3153 kein Bürgerlicher mit und schon gewiss
970 3132 1963 3319 niemandvom Theater.
975 3294 2989 3420 Emma: Du wirst es schon richten können.
990 3412 1381 3505 Wiri hit de
970 3468 2759 3604 Du bist doch ein Redakteur.Und bei
970 3581 2820 3803 Euch stehn doch jeden Sonntag schon
