3416 4184
2589 355 2786 522 253
1013 527 2511 727 der Mann ja vollkommen recht.
1030 710 2699 868 Fliederbusch: Herr Graf finden -
1018 861 2739 1037 Graf: Na, ich will Sie nicht damit
1016 1004 2859 1187 beleidigen, Herr Fink. Man muss eben
1023 1143 2911 1350 alle Mensche n aus ihrem Milieu heraus
1039 1321 2800 1481 verstehn. Oder aus ihrer Sehnsucht.
1037 1444 2885 1627 Oder aus ihren Erlebnissen, Ich fin
1035 1611 2864 1766 de es ja sehr begreiflich, dass zwei
1037 1773 2774 1921 Menschen wie Sie und Herr Flieder.
1051 1914 2920 2109 busch das dringende Bedürfnis verspii
1049 2060 2901 2220 ren sich gegenseitig das Lebenslicht
1049 2250 2840 2377 auszublasen, aber von einem höheren
1065 2337 2880 2542 Standpunkt hat jeder von ihnen sei-
1065 2551 2307 2727 ne Existenzberechtigung.
1079 2702 2742 2892 Fliederbusch: Das sagen sie,Herr
1075 2845 2648 3024 Graf? Sie, der Sie im Parlament
2020 2941 2267 3031 given
1065 2984 2854 3179 Graf: Nun ja. In diesem Augenblick
1079 3141 2866 3304 hätte ich kaum etwas anderes sagen
1089 3259 2869 3470 können und es klang doch wohl auch
1089 3459 1573 3637 sehr gut.
1098 3557 2767 3821 Fliederbusch: Und ehrlich. Sonst
