3416 4104
2835 326 2953 458 51
1125 491 2967 650 ist wieder ausgerückt, das Telegramm
1115 695 2384 803 spricht von sechs Toten.
1129 810 2856 992 Füllmann: Und ich soll noch immer
1129 947 2818 1096 nicht schreiben? über Mazedonien
1129 1165 1668 1273 schreiben?
1134 1269 2174 1488 Leuchter (heftig) Ja.
1139 1467 2939 1571 Füllmann: Und über diese ungeheuer-
1139 1595 2915 1715 lichen Vorfälle - Im Parlament ist
1141 1753 3038 1859 ein Mann aufgestanden und hat gesagt,
1136 1892 2913 2015 dass es eine lächerliche Sentimen¬
1146 2060 2946 2171 talität ist aus wegen ein paar nie
1153 2195 3050 2362 dergeknallter Arbeiter so viel Feder-
1148 2367 2899 2492 lesens zu machen - und wir sollen
1151 2533 1689 2693 schweigen?
1158 2691 2934 2800 Leuchter: Wir werden reden,wenn es
1148 2804 3048 3017 an der Zeit ist. Die Nachrichten sind
1148 2981 2041 3126 hicht beglaubigt.
1158 3116 2996 3315 Fliederbusch: (ist hinter dem Rücken
1162 3298 3043 3409 von Leuchter in sein Bureau gegangen
1162 3435 2396 3622 und kommt jetzt wieder.
1165 3579 2996 3789 Leuchter:Es wird sich überhaupt die
