3400 4104
2583 242 2794 469 204
845 440 2807 657 der angenehmen Mission zu entledigen.
845 646 1942 827 ich lehne dankend ab.
842 765 2902 971 Abendstern: Wieso Mission? Ich soll den
845 932 2745 1125 Sekundanten von Hern Fink sagen, dass
855 1061 2547 1280 Fliederbusch das Duell refüsiert?
865 1213 2766 1421 Fliederbusch: Wenn Sie so freundlich
870 1419 1542 1576 sein wollen -
878 1535 2727 1710 Abendstern: Wie komme ich dazu? Ich
876 1679 2897 1859 gehe auch. Man weiss nicht,wie die Her-
878 1846 2202 2037 ren das aufnehmen würden.
883 1975 2956 2209 Fliederbusch: Nun,so gehn wir eben alle.
894 2137 2418 2354 Darf ich bitten, meine Herren?
914 2279 2851 2518 Obendorfer: Fliederbusch! noch einmal
899 2431 2943 2629 appelliere ich an Ihren Mannesmut. Bla-
909 2588 2835 2791 mieren Sie sich nicht so entsetzlich.
909 2730 2871 2951 Fliederbussh: So will ich Ihnen einen
914 2881 2956 3121 anderen Vorschlag machen Diese Unterre-
912 3036 2807 3270 dung muss jedenfalls sattfinden. Wir
930 3201 2354 3409 sind ja am End keine Buben.
937 3355 2938 3543 Abendstern: Ich hab e eine Idee. Nehmen
932 3502 2663 3780 Sie das Wort zurück, Fliederbusch.
