<?xml version="1.0" encoding="UTF-8" standalone="yes"?>
<PcGts xmlns="http://schema.primaresearch.org/PAGE/gts/pagecontent/2013-07-15" xmlns:xsi="http://www.w3.org/2001/XMLSchema-instance" xsi:schemaLocation="http://schema.primaresearch.org/PAGE/gts/pagecontent/2013-07-15 http://schema.primaresearch.org/PAGE/gts/pagecontent/2013-07-15/pagecontent.xsd">
    <Metadata>
        <Creator>prov=READ-COOP:name=TrHtr:version=2.1.0:model_id=51170:date=30_07_2023_06:36</Creator>
        <Created>2023-05-10T13:33:39.856+02:00</Created>
        <LastChange>2023-07-30T06:36:21.780+02:00</LastChange>
        <TranskribusMetadata docId="1428582" pageId="55413732" pageNr="255" tsid="131485778" status="IN_PROGRESS" userId="64420" imgUrl="https://files.transkribus.eu/Get?id=YYZCMBWZHXFJGVPMTTTOASLL&amp;fileType=view" xmlUrl="https://files.transkribus.eu/Get?id=PJEJSCCBEYNTLPHDFNZHREHB" imageId="44687866"/>
    </Metadata>
    <Page imageFilename="1428582_0255.jpg" imageWidth="3448" imageHeight="4152">
        <ReadingOrder>
            <OrderedGroup id="ro_1711791526034" caption="Regions reading order">
                <RegionRefIndexed index="0" regionRef="tr_1"/>
                <RegionRefIndexed index="1" regionRef="tr_2"/>
            </OrderedGroup>
        </ReadingOrder>
        <TextRegion id="tr_1" custom="readingOrder {index:0;}">
            <Coords points="385,490 2892,490 2892,2571 385,2571"/>
            <TextLine id="tr_1_tl_1" custom="readingOrder {index:0;}">
                <Coords points="2626,560 2642,558 2668,571 2682,564 2695,576 2721,562 2748,571 2776,551 2827,562 2831,408 2808,405 2767,431 2753,417 2721,415 2695,401 2672,403 2663,394 2631,401"/>
                <Baseline points="2638,546 2653,546 2698,543 2743,543 2787,540 2832,543"/>
                <TextEquiv>
                    <Unicode>244</Unicode>
                </TextEquiv>
            </TextLine>
            <TextLine id="tr_1_tl_2" custom="readingOrder {index:1;}">
                <Coords points="1021,751 2829,721 2829,617 2504,521 2410,571 1578,604 1396,548 1253,601 1027,452"/>
                <Baseline points="1035,719 1041,719 1086,722 1131,722 1176,722 1220,725 1265,725 1310,725 1355,725 1399,722 1444,722 1489,722 1534,722 1579,719 1623,719 1668,719 1713,716 1758,716 1802,716 1847,713 1892,713 1937,710 1981,710 2026,710 2071,710 2116,710 2161,710 2205,710 2250,710 2295,704 2340,704 2384,704 2429,701 2474,701 2519,701 2564,701 2608,698 2653,698 2698,698 2743,695 2787,695 2832,698"/>
                <TextEquiv>
                    <Unicode>mein Schicksal und dann kann mOr -</Unicode>
                </TextEquiv>
            </TextLine>
            <TextLine id="tr_1_tl_3" custom="readingOrder {index:2;}">
                <Coords points="1032,901 2606,892 2820,869 2822,742 2631,818 1562,792 1032,845"/>
                <Baseline points="1044,880 1080,880 1125,880 1170,880 1214,880 1259,880 1304,880 1349,877 1393,874 1438,874 1483,874 1528,874 1573,871 1617,871 1662,871 1707,871 1752,871 1796,871 1841,868 1886,868 1931,865 1976,865 2020,865 2065,862 2110,862 2155,862 2199,862 2244,862 2289,862 2334,859 2378,856 2423,856 2468,853 2513,853 2558,853 2602,856 2647,853 2692,853 2737,850 2781,847 2826,853"/>
                <TextEquiv>
                    <Unicode>auch sein Hass nichts anhaben. Und</Unicode>
                </TextEquiv>
            </TextLine>
            <TextLine id="tr_1_tl_4" custom="readingOrder {index:3;}">
                <Coords points="1034,1034 2682,1039 2682,947 2548,931 2039,928 1912,988 1820,942 1037,977"/>
                <Baseline points="1050,1032 1074,1032 1119,1032 1164,1032 1208,1032 1253,1032 1298,1029 1343,1029 1387,1029 1432,1029 1477,1026 1522,1026 1567,1023 1611,1023 1656,1023 1701,1023 1746,1023 1790,1020 1835,1023 1880,1020 1925,1017 1970,1017 2014,1014 2059,1014 2104,1014 2149,1014 2193,1014 2238,1014 2283,1014 2328,1011 2372,1011 2417,1008 2462,1008 2507,1008 2552,1008 2596,1008 2641,1011 2686,1014"/>
                <TextEquiv>
                    <Unicode>dann mit dir als dein Geliebter</Unicode>
                </TextEquiv>
            </TextLine>
            <TextLine id="tr_1_tl_5" custom="readingOrder {index:4;}">
                <Coords points="1053,1209 2737,1209 2781,1094 2099,1106 1848,1030 1057,1053"/>
                <Baseline points="1065,1196 1086,1196 1131,1190 1176,1190 1220,1187 1265,1187 1310,1187 1355,1185 1399,1185 1444,1182 1489,1182 1534,1182 1579,1179 1623,1179 1668,1179 1713,1179 1758,1176 1802,1176 1847,1176 1892,1173 1937,1170 1981,1170 2026,1170 2071,1170 2116,1170 2161,1167 2205,1167 2250,1167 2295,1167 2340,1167 2384,1164 2429,1164 2474,1164 2519,1161 2564,1161 2608,1158 2653,1158 2698,1158 2743,1158 2787,1155"/>
                <TextEquiv>
                    <Unicode>dein Freund, da will ich erst werden.</Unicode>
                </TextEquiv>
            </TextLine>
            <TextLine id="tr_1_tl_6" custom="readingOrder {index:5;}">
                <Coords points="452,1281 680,1274 740,1302 825,1262 940,1292 942,1193 859,1168 712,1203 592,1150 454,1177"/>
                <Baseline points="465,1277 498,1259 543,1256 588,1256 632,1256 677,1256 722,1256 767,1259 811,1256 856,1256 901,1256 946,1253"/>
                <TextEquiv>
                    <Unicode>Titl Neun Frudh</Unicode>
                </TextEquiv>
            </TextLine>
            <TextLine id="tr_1_tl_7" custom="readingOrder {index:6;}">
                <Coords points="1048,1348 2799,1341 2880,1332 2882,1237 1048,1279"/>
                <Baseline points="1062,1340 1095,1337 1140,1340 1185,1340 1229,1340 1274,1337 1319,1337 1364,1337 1408,1337 1453,1337 1498,1337 1543,1334 1587,1334 1632,1331 1677,1331 1722,1331 1767,1331 1811,1328 1856,1325 1901,1325 1946,1325 1990,1322 2035,1322 2080,1322 2125,1322 2170,1319 2214,1319 2259,1319 2304,1319 2349,1319 2393,1319 2438,1319 2483,1316 2528,1313 2572,1313 2617,1310 2662,1310 2707,1310 2752,1310 2796,1310 2841,1307 2886,1307"/>
                <TextEquiv>
                    <Unicode>den, wozu ich geboren bin. Du weisst</Unicode>
                </TextEquiv>
            </TextLine>
            <TextLine id="tr_1_tl_8" custom="readingOrder {index:7;}">
                <Coords points="385,1415 454,1389 537,1401 567,1371 610,1394 721,1380 776,1405 839,1373 852,1387 875,1378 875,1318 816,1309 790,1329 712,1320 673,1338 620,1306 514,1297 461,1336 382,1348"/>
                <Baseline points="394,1364 438,1367 483,1367 528,1367 573,1367 617,1367 662,1367 707,1367 752,1364 796,1367 841,1367 880,1373"/>
                <TextEquiv>
                    <Unicode>saster - und</Unicode>
                </TextEquiv>
            </TextLine>
            <TextLine id="tr_1_tl_9" custom="readingOrder {index:8;}">
                <Coords points="1053,1509 2887,1484 2889,1364 2295,1421 2000,1327 1790,1428 1518,1438 1391,1352 1055,1431"/>
                <Baseline points="1065,1501 1101,1498 1146,1495 1190,1495 1235,1492 1280,1495 1325,1489 1370,1489 1414,1489 1459,1489 1504,1489 1549,1486 1593,1486 1638,1486 1683,1486 1728,1483 1773,1480 1817,1477 1862,1480 1907,1477 1952,1477 1996,1474 2041,1474 2086,1477 2131,1474 2175,1474 2220,1471 2265,1471 2310,1471 2355,1471 2399,1471 2444,1471 2489,1471 2534,1468 2578,1468 2623,1468 2668,1465 2713,1465 2758,1462 2802,1462 2847,1462 2892,1465"/>
                <TextEquiv>
                    <Unicode>ja nicht,was ich für Dinge vor habe,</Unicode>
                </TextEquiv>
            </TextLine>
            <TextLine id="tr_1_tl_10" custom="readingOrder {index:9;}">
                <Coords points="373,1497 553,1507 583,1481 703,1518 765,1504 818,1534 940,1537 938,1405 829,1417 740,1389 631,1431 578,1401 530,1421 458,1412 373,1444"/>
                <Baseline points="385,1474 429,1477 474,1480 519,1480 564,1480 608,1480 653,1480 698,1483 743,1483 788,1483 832,1486 877,1486 922,1486 943,1486"/>
                <TextEquiv>
                    <Unicode>sie hält it sei</Unicode>
                </TextEquiv>
            </TextLine>
            <TextLine id="tr_1_tl_11" custom="readingOrder {index:10;}">
                <Coords points="396,1675 479,1649 599,1670 668,1659 705,1673 707,1530 668,1539 654,1525 617,1523 534,1555 472,1507 399,1525"/>
                <Baseline points="411,1584 444,1584 489,1584 534,1584 579,1584 623,1581 668,1581 713,1579"/>
                <TextEquiv>
                    <Unicode>venu et</Unicode>
                </TextEquiv>
            </TextLine>
            <TextLine id="tr_1_tl_12" custom="readingOrder {index:11;}">
                <Coords points="1034,1654 2718,1645 2735,1546 1037,1585"/>
                <Baseline points="1047,1644 1083,1641 1128,1644 1173,1644 1217,1644 1262,1641 1307,1641 1352,1641 1396,1641 1441,1641 1486,1641 1531,1638 1576,1638 1620,1638 1665,1638 1710,1635 1755,1635 1799,1632 1844,1632 1889,1632 1934,1632 1978,1632 2023,1629 2068,1629 2113,1629 2158,1626 2202,1626 2247,1623 2292,1623 2337,1623 2381,1620 2426,1617 2471,1617 2516,1620 2561,1620 2605,1617 2650,1614 2695,1614 2740,1611"/>
                <TextEquiv>
                    <Unicode>Du ahnst ja nicht, was in mir ver.</Unicode>
                </TextEquiv>
            </TextLine>
            <TextLine id="tr_1_tl_13" custom="readingOrder {index:12;}">
                <Coords points="1034,1829 2481,1815 2675,1785 2677,1709 1037,1744"/>
                <Baseline points="1047,1793 1068,1793 1113,1793 1158,1796 1202,1799 1247,1799 1292,1799 1337,1796 1382,1796 1426,1793 1471,1790 1516,1790 1561,1790 1605,1790 1650,1790 1695,1787 1740,1787 1784,1784 1829,1784 1874,1781 1919,1781 1964,1781 2008,1781 2053,1781 2098,1779 2143,1779 2187,1779 2232,1779 2277,1779 2322,1779 2367,1776 2411,1776 2456,1776 2501,1776 2546,1773 2590,1773 2635,1773 2680,1773"/>
                <TextEquiv>
                    <Unicode>borgen liegt. Meinst du etwa, du</Unicode>
                </TextEquiv>
            </TextLine>
            <TextLine id="tr_1_tl_14" custom="readingOrder {index:13;}">
                <Coords points="1048,1956 2578,1947 2578,1871 2447,1829 2244,1887 1555,1855 1292,1921 1048,1868"/>
                <Baseline points="1062,1949 1107,1946 1152,1946 1196,1946 1241,1949 1286,1949 1331,1949 1376,1946 1420,1943 1465,1943 1510,1943 1555,1940 1599,1940 1644,1940 1689,1940 1734,1940 1779,1937 1823,1937 1868,1937 1913,1934 1958,1934 2002,1934 2047,1934 2092,1931 2137,1931 2181,1928 2226,1931 2271,1928 2316,1928 2361,1928 2405,1928 2450,1925 2495,1925 2540,1925 2584,1928"/>
                <TextEquiv>
                    <Unicode>bist zu mir herabgestiegen. Du</Unicode>
                </TextEquiv>
            </TextLine>
            <TextLine id="tr_1_tl_15" custom="readingOrder {index:14;}">
                <Coords points="1053,2106 2562,2113 2705,2096 2707,1940 2368,2027 2177,1940 1755,1984 1603,1947 1357,2048 1053,2046"/>
                <Baseline points="1065,2104 1098,2101 1143,2101 1187,2101 1232,2101 1277,2098 1322,2101 1367,2098 1411,2098 1456,2095 1501,2095 1546,2092 1590,2092 1635,2092 1680,2092 1725,2092 1770,2092 1814,2092 1859,2089 1904,2089 1949,2086 1993,2086 2038,2083 2083,2083 2128,2080 2173,2080 2217,2080 2262,2080 2307,2080 2352,2080 2396,2080 2441,2080 2486,2080 2531,2080 2575,2077 2620,2074 2665,2074 2710,2074"/>
                <TextEquiv>
                    <Unicode>irrst, Priska, ich bin deinesglei-</Unicode>
                </TextEquiv>
            </TextLine>
            <TextLine id="tr_1_tl_16" custom="readingOrder {index:15;}">
                <Coords points="1048,2265 2746,2255 2776,2152 1051,2195"/>
                <Baseline points="1062,2250 1080,2253 1125,2253 1170,2253 1214,2253 1259,2253 1304,2250 1349,2250 1393,2250 1438,2247 1483,2247 1528,2244 1573,2241 1617,2241 1662,2241 1707,2241 1752,2241 1796,2241 1841,2238 1886,2238 1931,2238 1976,2235 2020,2235 2065,2235 2110,2235 2155,2235 2199,2235 2244,2235 2289,2235 2334,2235 2378,2232 2423,2235 2468,2235 2513,2235 2558,2229 2602,2229 2647,2226 2692,2226 2737,2223 2781,2226"/>
                <TextEquiv>
                    <Unicode>chen.Ihr werdet sehen,dass gerade</Unicode>
                </TextEquiv>
            </TextLine>
            <TextLine id="tr_1_tl_17" custom="readingOrder {index:16;}">
                <Coords points="1668,2345 1691,2345 1709,2329 1735,2338 1758,2320 1769,2331 1781,2327 1795,2341 1815,2338 1813,2267 1778,2269 1772,2276 1751,2262 1746,2267 1730,2265 1707,2283 1684,2274 1666,2278"/>
                <Baseline points="1680,2316 1725,2319 1770,2319 1814,2322 1820,2322"/>
                <TextEquiv>
                    <Unicode>ick</Unicode>
                </TextEquiv>
            </TextLine>
            <TextLine id="tr_1_tl_18" custom="readingOrder {index:17;}">
                <Coords points="1048,2433 2530,2410 2606,2396 2608,2331 2306,2292 1993,2348 1917,2304 1880,2341 1051,2357"/>
                <Baseline points="1062,2402 1092,2405 1137,2405 1182,2405 1226,2405 1271,2405 1316,2402 1361,2399 1405,2399 1450,2399 1495,2399 1540,2396 1584,2396 1629,2396 1674,2399 1719,2399 1764,2396 1808,2396 1853,2393 1898,2393 1943,2393 1987,2393 2032,2390 2077,2390 2122,2387 2167,2384 2211,2384 2256,2384 2301,2384 2346,2384 2390,2384 2435,2381 2480,2381 2525,2381 2570,2384 2614,2384"/>
                <TextEquiv>
                    <Unicode>ein Mann wie Euch gefehlt hat.</Unicode>
                </TextEquiv>
            </TextLine>
            <TextLine id="tr_1_tl_19" custom="readingOrder {index:18;}">
                <Coords points="1046,2592 1253,2631 1567,2555 2762,2557 2778,2463 1486,2502 1315,2419 1048,2435"/>
                <Baseline points="1059,2561 1083,2561 1128,2561 1173,2561 1217,2558 1262,2558 1307,2558 1352,2555 1396,2555 1441,2552 1486,2555 1531,2555 1576,2552 1620,2552 1665,2552 1710,2549 1755,2549 1799,2549 1844,2546 1889,2549 1934,2546 1978,2546 2023,2543 2068,2543 2113,2540 2158,2540 2202,2540 2247,2537 2292,2537 2337,2537 2381,2537 2426,2537 2471,2534 2516,2534 2561,2531 2605,2534 2650,2531 2695,2531 2740,2534 2784,2537"/>
                <TextEquiv>
                    <Unicode>Fürstin: Ja,was meinst du damit?</Unicode>
                </TextEquiv>
            </TextLine>
        </TextRegion>
        <TextRegion id="tr_2" custom="readingOrder {index:1;}">
            <Coords points="1068,2630 2925,2630 2925,3794 1068,3794"/>
            <TextLine id="tr_2_tl_1" custom="readingOrder {index:0;}">
                <Coords points="1053,2801 1617,2820 1795,2705 2813,2707 2841,2576 2292,2652 2092,2610 1055,2652"/>
                <Baseline points="1068,2716 1095,2716 1140,2713 1185,2710 1229,2710 1274,2707 1319,2707 1364,2707 1408,2707 1453,2707 1498,2707 1543,2707 1587,2707 1632,2707 1677,2704 1722,2704 1767,2704 1811,2701 1856,2698 1901,2698 1946,2698 1990,2698 2035,2695 2080,2695 2125,2692 2170,2692 2214,2692 2259,2692 2304,2692 2349,2692 2393,2692 2438,2689 2483,2689 2528,2689 2572,2689 2617,2686 2662,2686 2707,2683 2752,2683 2796,2680 2841,2683"/>
                <TextEquiv>
                    <Unicode>Flied erbusch: Du wirst alles bald</Unicode>
                </TextEquiv>
            </TextLine>
            <TextLine id="tr_2_tl_2" custom="readingOrder {index:1;}">
                <Coords points="1062,2875 1103,2891 1136,2873 1166,2896 1292,2868 1362,2887 1454,2866 1590,2889 1590,2799 1546,2792 1484,2806 1408,2783 1345,2806 1177,2783 1062,2813"/>
                <Baseline points="1074,2862 1101,2859 1146,2856 1190,2859 1235,2859 1280,2859 1325,2859 1370,2856 1414,2856 1459,2856 1504,2856 1549,2859 1593,2859"/>
                <TextEquiv>
                    <Unicode>verstehen.</Unicode>
                </TextEquiv>
            </TextLine>
            <TextLine id="tr_2_tl_3" custom="readingOrder {index:2;}">
                <Coords points="1057,3039 2889,3009 2891,2880 2642,2845 1060,2870"/>
                <Baseline points="1071,3014 1107,3017 1152,3014 1196,3014 1241,3017 1286,3014 1331,3014 1376,3011 1420,3011 1465,3011 1510,3011 1555,3008 1599,3005 1644,3008 1689,3005 1734,3002 1779,3002 1823,3002 1868,3005 1913,3005 1958,3005 2002,3005 2047,3005 2092,3008 2137,3008 2181,3005 2226,3002 2271,2999 2316,2999 2361,2999 2405,2996 2450,2996 2495,2993 2540,2993 2584,2990 2629,2993 2674,2990 2719,2987 2764,2987 2808,2987 2853,2987 2898,2990"/>
                <TextEquiv>
                    <Unicode>Fürstin: Du denkst-ja,das kann doch</Unicode>
                </TextEquiv>
            </TextLine>
            <TextLine id="tr_2_tl_4" custom="readingOrder {index:3;}">
                <Coords points="1069,3195 1567,3170 1659,3239 1861,3163 2490,3168 2490,3062 1891,3112 1673,3011 1491,3105 1071,3112"/>
                <Baseline points="1083,3169 1107,3169 1152,3169 1196,3169 1241,3166 1286,3166 1331,3166 1376,3163 1420,3163 1465,3163 1510,3163 1555,3163 1599,3161 1644,3161 1689,3161 1734,3158 1779,3158 1823,3158 1868,3158 1913,3158 1958,3158 2002,3158 2047,3158 2092,3158 2137,3155 2181,3152 2226,3149 2271,3149 2316,3146 2361,3146 2405,3146 2450,3146 2495,3152"/>
                <TextEquiv>
                    <Unicode>nicht alle s dein Ernst sein?</Unicode>
                </TextEquiv>
            </TextLine>
            <TextLine id="tr_2_tl_5" custom="readingOrder {index:4;}">
                <Coords points="1053,3426 1610,3384 1778,3310 2228,3370 2329,3315 2905,3299 2905,3237 2831,3232 2219,3195 1958,3269 1631,3225 1562,3267 1334,3179 1060,3181"/>
                <Baseline points="1068,3340 1074,3340 1119,3334 1164,3331 1208,3328 1253,3325 1298,3322 1343,3319 1387,3319 1432,3319 1477,3319 1522,3319 1567,3316 1611,3316 1656,3316 1701,3316 1746,3313 1790,3310 1835,3310 1880,3313 1925,3310 1970,3310 2014,3304 2059,3304 2104,3304 2149,3304 2193,3304 2238,3304 2283,3304 2328,3304 2372,3304 2417,3301 2462,3301 2507,3301 2552,3298 2596,3298 2641,3298 2686,3295 2731,3295 2775,3295 2820,3292 2865,3292 2910,3292"/>
                <TextEquiv>
                    <Unicode>pliederbusch: In einer Stunde können</Unicode>
                </TextEquiv>
            </TextLine>
            <TextLine id="tr_2_tl_6" custom="readingOrder {index:5;}">
                <Coords points="1062,3495 2292,3488 2375,3474 2375,3403 1855,3382 1749,3430 1615,3382 1534,3437 1350,3393 1269,3433 1062,3426"/>
                <Baseline points="1074,3480 1083,3480 1128,3474 1173,3474 1217,3477 1262,3474 1307,3474 1352,3474 1396,3471 1441,3471 1486,3471 1531,3471 1576,3471 1620,3471 1665,3468 1710,3468 1755,3468 1799,3468 1844,3465 1889,3465 1934,3465 1978,3465 2023,3465 2068,3465 2113,3462 2158,3459 2202,3459 2247,3456 2292,3456 2337,3459 2381,3459"/>
                <TextEquiv>
                    <Unicode>wir über alle Berge sein.</Unicode>
                </TextEquiv>
            </TextLine>
            <TextLine id="tr_2_tl_7" custom="readingOrder {index:6;}">
                <Coords points="1062,3638 2824,3635 2799,3532 2470,3566 2253,3486 1972,3569 1617,3522 1550,3575 1281,3571 1064,3513"/>
                <Baseline points="1074,3632 1083,3635 1128,3632 1173,3632 1217,3632 1262,3632 1307,3632 1352,3629 1396,3629 1441,3629 1486,3626 1531,3626 1576,3626 1620,3623 1665,3623 1710,3620 1755,3620 1799,3620 1844,3620 1889,3617 1934,3617 1978,3617 2023,3617 2068,3617 2113,3614 2158,3614 2202,3611 2247,3614 2292,3611 2337,3614 2381,3614 2426,3611 2471,3611 2516,3608 2561,3608 2605,3605 2650,3605 2695,3605 2740,3602 2784,3602 2829,3605"/>
                <TextEquiv>
                    <Unicode>Fürstin: Also diese Uebrspannthei¬</Unicode>
                </TextEquiv>
            </TextLine>
            <TextLine id="tr_2_tl_8" custom="readingOrder {index:7;}">
                <Coords points="1074,3815 1537,3785 2156,3843 2562,3764 2882,3831 2921,3693 2585,3612 2244,3727 1859,3677 1532,3739 1076,3718"/>
                <Baseline points="1086,3784 1089,3781 1134,3784 1179,3784 1223,3784 1268,3784 1313,3781 1358,3781 1402,3781 1447,3781 1492,3778 1537,3778 1581,3778 1626,3778 1671,3778 1716,3778 1761,3775 1805,3772 1850,3772 1895,3772 1940,3769 1984,3769 2029,3769 2074,3769 2119,3772 2164,3772 2208,3769 2253,3769 2298,3766 2343,3766 2387,3766 2432,3763 2477,3760 2522,3760 2567,3760 2611,3760 2656,3757 2701,3757 2746,3757 2790,3757 2835,3757 2880,3760 2925,3760"/>
                <TextEquiv>
                    <Unicode>ten kann ich überhaupt nicht leiden.</Unicode>
                </TextEquiv>
            </TextLine>
        </TextRegion>
    </Page>
</PcGts>
