3416 4104
2639 275 2825 449 171
952 471 2406 704 Fliederbusch, Fanny, das Kind.
942 677 1852 883 Abendstern kommt.
952 782 2318 952 Abendstern: Habe die Ehre.
956 961 2632 1153 Flie derbusch: (ihm entgegen) Sehr
964 1111 2739 1280 freundl ich, dass Sie gekommen sind-
1001 1246 2953 1472 (leise zu ihm) Verraten Sie sich nicht.
1756 1317 2921 1445 neun har wens and is a hill
974 1400 2948 1631 Abendstern: Aber es ist mir ja nur ein
998 1572 2921 1751 Vergnügen. Sehn Sie, das haben wir ges-
991 1697 2762 1871 tern Abend noch gar nicht gedacht,
998 1832 2825 2036 dass mir so bald der Wunsch erfüllt
1003 2009 2788 2210 sein würde, in Ihrem Heim - Ich küss
1015 2153 2850 2330 Ihnen die Hand,gnädige Frau. Und das
1023 2291 2884 2497 ist also die berühmte kleine Fritzi.
1030 2455 2842 2683 Fanny: Gib dem Herrn doch die Hand.
1040 2622 2349 2818 Kleine: (gibt ihm die Hand)
1047 2757 2953 2985 Abendstern: So,da hast du was, Kleine.
1045 2904 2970 3129 Darfst du schon rauchen? (er gibt ihr
1050 3039 2938 3311 ein kleines Päckchen Schokoladezigar
1064 3299 1337 3470 ren.)
1074 3382 2950 3608 Fanny: Das ist wirklich zu nett,Herr
1072 3578 1440 3762 Doktor.
