3400 4120
2576 336 2775 504 290
987 514 2626 717 men denn wir dazu uns - - Wohin
997 708 2012 855 hat er uns g'führt?
1006 810 2730 1039 Abendstern: Selbst,wenn wir diese
1011 1018 2775 1172 Annahme akzeptieren,es gibt Dinge,
1009 1122 2772 1347 mit denen man nicht scherzen darf.
1025 1295 2829 1529 Egon: Hierin bin ich ganz Ihrer An-
1023 1456 2180 1638 sicht.Herr Abendstern.
1035 1589 2940 1780 Abendstern: (erfreut) Ich habe nie da-
1039 1750 2609 1913 ran gezweifelt. Ich achte jede
1037 1858 2772 2088 Ueberzeugung. Auch eine solche die
1054 2062 2730 2251 der meinen diametral entgegenge.
1061 2247 1581 2391 setzt ist,
1068 2315 2900 2562 Egon: Auch ich bin bereit jedem ehr.
1080 2510 2820 2682 lichen Gegner die Hand zu drükkan.
1075 2630 2959 2841 Abendstern: Aber ein Mensch ohne
1080 2794 2635 2995 Üeberzeugung,ist ein Schübiak.
1091 2940 2753 3194 Egon: Und jeder Mensch mit einer
1084 3118 2817 3277 Ueberzeugung einer, der bereit ist
1101 3270 2978 3494 sein Leben dafür einzusetzen,ist ein
1106 3473 1629 3608 Ehrenmann
1115 3554 2761 3776 Fliederbusch: Und einer mit zwei
