3320 4072
2712 418 2904 532 286
1084 535 2889 731 Schromm: Gestern waren's noch zwei.
1067 719 2633 900 Die Forderung besteht zurecht,
1077 870 2981 1007 Dr. Kunz: Aber er kann sich doch nicht
1072 999 2439 1206 mit sich selber schiessen.
1069 1164 2901 1360 Schromm: Aber entschuldigen kann er
1069 1333 2969 1469 sich. Entweder der Fink beim Flieder-
1897 1442 2086 1517 ̃'̃ ̃̃
1079 1447 2760 1633 busch oder der Fliederbusch beim
1079 1589 2715 1798 Fink! Das muss im Protokoll zum
1077 1773 2904 1919 Ausdruck kommen.Die Streitsache be-
1077 1912 1798 2061 steht ja noch.
1074 2031 2205 2128 Dr. Kunz: Das find ich
1079 2041 2964 2228 Egen: Sehr richtig.Die beiden Ansich
1084 2238 2752 2379 ten bestehen noch.ps kommt weder
1077 2354 2862 2551 auf den Herrn Fink an noch auf den
1072 2526 2929 2703 Herrn Fliederbusch.Auf das Psychopa-
1077 2660 2857 2849 Dr.Kunz: thologi sche desFalls will
1082 2864 2755 2996 ich vorläufig nicht eingehn. Aber
1082 2998 2984 3138 die Ansichten bestehen ja noch beide.
1059 3148 3058 3297 Die beiden Blätter bestehen auch noch,
1082 3282 2862 3463 Egon: Nicht weiter,Herr Doktor.Ich
1069 3434 2869 3625 habe Sie verstanden. Meine Herren.
1094 3598 2964 3779 ich trete für jedes Wort ein, dass in
