3400 4056
2816 329 3002 444 301
1114 451 2940 673 Fink war, den Antrag gestellt haben,
1114 651 2849 785 sein Privatsekretär zu werden und
1126 754 2937 943 ihn auf seiner Yacht oder sonstwie
1122 940 2914 1083 auf einer Reise um die Welt zu bel
1126 1110 1756 1267 hegleiten. )
1126 1215 2928 1432 Sie erinnern sich meines gestrigen
1145 1420 1728 1563 Vorschlags:
1148 1496 2971 1735 Fliederbusch: Davon kann nicht mehr
1143 1709 2744 1830 die Rede sein. Ich bleibe hier,
1143 1816 3023 2043 Fanny: Du hast auch den andern Arti¬
1143 2007 2873 2133 kel geschrieben? Das ist ja nicht
1143 2117 2968 2296 möglich. Dann bist du ja nicht der,
1150 2281 2716 2451 für den ich dich gehaltenhabe.
1184 2422 2952 2615 (Das innere Wesen Fannys müsste im
1155 2584 3040 2756 dritten und auch schon im ersten Akt
1153 2730 2673 2902 sehr intentiv zu Tage treten)
1160 2918 3078 3078 Dann kenn ich dich nicht. Dann hab ich
1162 3081 2059 3224 dich nie gekannt.
1160 3169 3031 3391 styx: Du wirst dich entscheiden müs-
1172 3315 2649 3544 sen. Was empfindest du jetzt?
1172 3496 3002 3718 Graf: Meine Damen und Herren,da mir
