3416 4056
2771 306 2951 459 181
1022 471 2801 669 meinen Namen so wenig Wert wie auf
1019 634 2810 807 meinen Bant. Ich kann mich am Ende
1024 790 2709 989 auch Fliederbusch nennen. Darauf
1663 925 1912 1034 unser
1034 945 2546 1135 kommt es doch einem nicht an.
1041 1093 2865 1256 Fliederbusch: Warum aber gerade bei
1034 1209 2914 1419 diesem Blatt? Warum beim „Tagewerk“?
1039 1397 2922 1569 Bei deiner Begabung wird es dir doch
1036 1535 2968 1730 möglich sein und bis dahin bin ich ja
1049 1720 1794 1935 gerne bereit -
1049 1833 2988 2063 styx: Ich brauche deine Bereitwillig-
1041 1994 3020 2171 keit nicht,so wenig wie dein Geld. Ich
1061 2127 2944 2366 will in die Redaktion des Tagewerks
1056 2324 2838 2497 eintreten und in keine andere. Und
1061 2455 2981 2662 ich fass es nicht,dass du es noch mit
1066 2586 2892 2803 deiner Ehre vereinbar findet in der
1073 2744 2889 2956 Redaktion eines Blattes zu sitzen, der
1068 2894 2983 3134 Angestellte eines Redakteurs zu blei-
1068 3067 3055 3240 ben, der dich einen albernen Snob nennt.
1416 3200 2060 3284 i. mai veit Rech
1068 3242 2912 3442 Fliederbusch: (zuerst frappiert, dann
1073 3398 2426 3570 Die Leute wissen ja nicht.
1081 3516 3013 3763 styx: Du aber weisst es und damit ich
