3448 4168
2720 388 2919 569 104
986 538 2081 720 jedenfalls,Herr Graf.
989 694 2813 906 (Das müsste vorher kommen. Gleich zu
974 871 1925 1022 Beginn der Szene).
976 1019 2947 1175 Graf: Auf dem Rennplatz. Sie wannspra-
981 1163 2755 1331 chen mit der Fürstin von Wendolin?
380 1157 858 1344 agen hat it
350 1296 850 1462 medellt
981 1298 2775 1530 Fliederbusch: Ein paar Augenblicke.
984 1452 2821 1628 In Angelegenheit des Parkfestes. Ich
267 1560 783 1754 Welck Fai
981 1618 2921 1822 hatte schon einmal die Ehre als Mitar
974 1724 2997 1970 beiter der „Eleganten Welt“ einer Pres-
974 1945 2869 2129 sesitzung zugezogen zu werden,die im
981 2094 2861 2250 Palais der Fürstin stattfand. Sie war
979 2244 2755 2426 so gnädig sich meiner zu erinnern.
986 2597 2886 2748 Graf: Es gibt freilch Leute, die auch
991 2758 2931 2906 anders darüber denken.Sogar erheblich
986 2904 2999 3067 anders.Ich habe Briefe erhalten,die mir
986 3062 1930 3236 den Tod androhen.
986 3160 2952 3407 Satan: Gewisse Artikel im „Tagewerk“
989 3357 2788 3518 deuteten ja auch Aehnliches an. In
999 3500 2931 3666 einem der letzten stand direkt zu le-
996 3649 3012 3830 sen, dass Leute, denen das Leben des Ein-
