3432 4104
2799 265 2936 415 89
990 445 2994 600 Satan: Ich hatte einmal die Ehre durch
2506 545 3034 680 bien au recreté de
990 620 2779 803 Seine Exzellenz Baron Napesny und
998 758 1998 935 auch später- (so!
998 903 2366 1121 Graf: Ich weiss, ich weiss.
1003 1053 2774 1231 Emma: Jetzt will ich aber wirklich
1003 1248 1951 1401 nicht mehr stören.
1008 1333 2929 1586 Graf: Oh, was mich anbelangt, ich komme
1028 1533 2881 1726 etwas früher, als ich ernartet wurde,
1006 1666 2764 1863 Satan: Oh durchaus nicht (zu Emma)
1013 1798 2936 2019 Ich wiederhole, verehrtes Fääulein,ich
1018 1993 2706 2166 werde mein Möglichstes tun.
1018 2141 2896 2351 Emma: Ich habe eine Idee. Vielleicht
1013 2284 3022 2446 muss ich Sie gar nicht bemühn. Wenn der
1021 2436 3009 2591 Herr Graf selbst -Aber Sie werden mich
1018 2591 2999 2756 für sehr unverschämt halten,Herr Graf.
1036 2701 3019 2921 Graf: Verlangen sie von mir,was Sie wol-
1031 2859 2919 3067 len,verehrtes Fräulein Wenn es nur im
1023 3054 2804 3249 Geringsten in meiner Macht steht -
1026 3234 3004 3397 Emma: ich glaub schon. Und weil ich die
1018 3367 2966 3537 Herrn nicht mehr aufhalten will,werde
1033 3514 2966 3657 ich mich ganz kurz fassen. Es ist näm-
