3416 4104
2694 230 2894 433 158
997 433 1733 658 Egon- Schromm.
1002 613 2939 804 Egon: Man sollte ihn nicht aus dem Au
1007 791 1548 979 verlieren.
1000 908 2894 1156 Schromm: Es wird eine Liebesavanture
1005 1104 1276 1276 sein.
1005 1235 2900 1417 Egon: Hm. Und wenn er einfach durch¬
1015 1375 2983 1566 ginge. Denken Sie, wie wir vor den Her-
1007 1519 1720 1681 ren dastehen?
1026 1660 3004 1879 Schromm: Wie kommen Sie nur auf solche
1073 1877 1409 2015 I S S A S S I S l S l d e n?
1013 1931 3109 2148 Egon: Man sollte jemanden in die Schwind-
1026 2119 1824 2297 gasse schicken.
