3432 4104
2699 348 2891 475 165
1036 515 2274 673 me Mamma, weisst du das?
1048 628 3059 845 Fanny: Aber jetzt wird es ja vielleiht
1058 833 2261 1016 wirklich besser werden.
1046 948 2886 1181 Fliederbusch: Das will ich glauben.
1061 1103 2939 1281 Ich habe dir ja erzählt, wie entzückt
1066 1283 2996 1448 mein Chefredakteur von meinem Artikel
588 1358 1063 1508 dorf ce va neler
1068 1423 3022 1606 gewesen ist.Es kommt dazu, dass er jetzt
580 1506 990 1661 nicht sagen.
1073 1603 3064 1743 einen Mann wie mich besonders gut brau-
1071 1733 2949 1903 chen kann, weil wir einen um der gute
1066 1911 2951 2056 alte lepstein gestorben ist. Er machte
1063 2061 2809 2249 allerlei Andeutungen noch gestern
1068 2231 1408 2364 Abend.
1078 2359 2911 2539 Fanny: Jetzt wirst du endlich alles
1068 2499 2874 2674 sagen können, was dirauf dem Herzen
1088 2699 1406 2824 liegt.
1071 2764 2501 2971 Fliederbusch: Das hoff ich,
1086 2984 2956 3179 Fanny: Ich hab mir heute mor-
1098 3109 3067 3284 gens natürlich auch die „glegante Welt
1093 3307 1518 3452 gekauft.
1091 3432 2001 3632 Fliederbusch: So.
1093 3572 3024 3769 Fanny: Es hat mich natürlich interes-
