3480 4120
2858 448 2992 606 86
1047 614 3045 780 lange Notizen. Sie müssen dir doch dank
1037 745 3014 921 bar seinfür die Reklam. Die Schreitner
1027 891 2977 1085 sagt auch, du brauchst nur ein Wort zu
1022 1049 2018 1228 reden für uns Zwei.
1017 1215 2725 1376 Satan: Die Schreitner will auch?
1014 1376 2894 1535 Emma: Wenn’s leicht geht,aber darauf
1001 1507 2730 1683 kommt's mir natürlich weniger an.
996 1686 2916 1847 Geh einfach hin zur Fürstin Wendolin.
1001 1817 2818 2008 Satan: Das ist ja direkt unmöglich,
986 1973 1530 2099 mein Kind.
989 2106 2869 2310 Emma : Das sah ich nicht ein. So. Wenn
984 2280 2841 2443 das unmöglich ist wird verschiedenen
971 2413 2388 2609 andere auch unmöglich sein.
969 2572 1852 2743 Satan: Aber Emma!
969 2723 2959 2911 Emma: Ueberhaupt du! Ich bin ja nur so
956 2866 2936 3067 gutmütig. Wie kommt denn dein Sohn da
951 3030 2169 3201 zu mich so zu behanden?
944 3178 2914 3382 Satan: Liebes Kind,er hat doch in kei-
939 3347 1525 3515 ner Weise -
936 3477 2957 3676 Emma: G'schieht mir ja recht.Ich bin ja
926 3631 2853 3865 eine Gans. Man darf sich x halt nichts
