3464 4184
2699 406 2895 561 249
1094 557 2948 786 Graf: Musst dich nicht be eilen, komme
1087 752 2876 913 nur als Bittsteller für eine Dame.
1120 891 2864 1056 (Er ist vielleicht herausgeritten)
1092 1061 3010 1206 Hat sie dir vielleicht schon geschrie-
1096 1192 2592 1374 ben; das Fräul'n von Negedy?
1111 1333 2941 1548 Fürstin: Also du entschuldigst mich
1099 1491 2265 1667 noch ein paar Minuten.
1106 1675 2804 1861 Graf: Brauchst dich gar nicht zu
1106 1801 2840 1952 beeilen, ich unterhalt mich da in-
1108 1956 2675 2126 dessen mit dem Herrn von Fink.
1118 2102 2941 2298 Fürstin: Bitte,bitte, wenn der
1118 2250 2972 2448 Herr Fink noch Zeit hat -Mir scheint
1104 2403 2300 2599 er ist etwas eilig. (ab)
1106 2537 2855 2769 Graf: Wiesor- Ach ja. Sie schlagen
1111 2749 1684 2907 sich heute.
1125 2850 2943 3072 Fliederbusch: Herr Graf sind unter-
1106 3048 1562 3218 richtet?
1116 3144 2957 3394 Graf: Bei meinen Beziehungen zu Ih-
1118 3332 2995 3521 rem Blatt - Um wie viel Uhr soll dem
1120 3476 2291 3674 das Duell stattfinden?
1123 3652 2520 3848 Fliederbusch: Um zwölf Uhr.
