3416 4200
2636 399 2837 540 254
1040 553 2897 771 hätte ich doch nie für Sie eintreen
1048 771 1435 899 können.
1055 872 2776 1098 Graf: Ehrlich! Ja, es war zum min-
1063 1000 2922 1206 desten keine Lüge. Aber das Gegentel
1060 1173 2543 1367 wäre ebenso ehrlich gewesen.
1078 1306 2909 1495 Fliederbusch: Ich verstei Sie nicht
1078 1495 1854 1666 mehr,Herr Graf.
1085 1618 2779 1789 Graf: Sie können es natürlich am
1093 1784 2912 1957 allerwenigsten.Es wäre mir auch gar
1837 1894 1990 1975 dam
1090 1912 2869 2116 nicht eingefallen,wenn Sie nicht ein
1098 2098 2899 2284 eben daran wären sich mit so einem
1103 2229 2749 2415 braven Jungen auf Tod und „eben
1136 2392 2324 2558 -Es ist ja doch zu toll
1108 2535 2955 2731 Fliederbusch: Nun muss ich Sie aber
1121 2666 2804 2862 bitten. Herr Graf, da es doch Ihre
1133 2839 2811 3020 pede war,so habe ich beinahe das
1136 2997 2970 3173 Recht auf einer Erklärung zu beste-
1133 3153 3000 3342 hen. Ich darf doch nicht daran zwei-
1492 3261 2216 3367 anberseur waren
1141 3294 3161 3497 feln, dass Sie die Wahrheit ausgespreche,
1151 3485 1751 3653 chen haben?
1153 3593 2837 3847 Graf: (ohne Pathos) Gibt es eine
