3400 4120
2823 325 2948 494 56
1115 467 2789 720 versuchen Herrn Leuchterin einer
1108 646 3004 821 Unterredung - (er besinnt sich einen
1118 792 2801 985 Augenblick) Aber es ist wohl das
1115 988 2842 1115 beste, ich gehe. Ich kann doch wohl
1113 1127 2842 1279 annehmen, dass ich meinen Abschied
1118 1284 2845 1489 erhalten habe? (Vorhergehendes in
1106 1448 2421 1583 solchem Sinn zu ändern.)
1118 1590 2825 1727 Abendstern: Es tut mir sehr leid,
1120 1749 2794 1898 vielleicht versuchen Sie es doch
1118 1886 1713 2040 noech inmal
1108 2031 2977 2175 Fliederbusch: Ach nein.Zum Bittstel-
1110 2192 2984 2363 ler bin ich nicht geboren. Leben Sie
1103 2358 2247 2512 wohl,Herr Abendstern,
1108 2508 2987 2628 Abendstern: Wie schade,Sie waren das
1130 2679 2869 2818 jugendliche Element in diesem Kon-
1115 2818 2987 2958 ventikel zerbrochener und verdorrter
1115 2948 2905 3129 Existenzen.Es tut einem alten Mann
1118 3093 3054 3300 wohl (or muss älter sein) mit jungen
1108 3249 3001 3423 Leuten wie sie zu verkehren. Man wird
1108 3408 3018 3625 selbst wieder jünger.Man bekommt wie-
1115 3601 1833 3799 der Lebensmut.
