3416 4104
2719 323 2893 528 141
965 474 2701 730 Fliederbusch: Welche Worte meinen
947 704 1604 862 Durchlaucht?
975 805 2756 1025 Fürstin: Ja, darüber hätte ich eben
968 975 2937 1175 gern mit diesem guten Satan gesprochen.
965 1102 2965 1307 Vielleicht Nachtfest im Parke Wandolin.
963 1250 2699 1459 Aber das ist vieleicht zu langund
963 1433 2838 1594 man möcht zu viele Ballons brauchen.
963 1591 2893 1744 Fliederbusch: Vielleicht Durchlaucht,
973 1744 2981 1941 genügt doch ein einziger und man
968 1902 2844 2065 befestigt an ihm ein grosses Plakat.
975 2047 2766 2282 Fürstin: Das ist sehr gut. Das käm
970 2210 3051 2437 viel biller. Das ist wirklich ausgezeich
983 2337 2963 2590 net. Sind sie schon lang bei der „Ele-
978 2549 1666 2709 gauten Welt“?
991 2665 2595 2857 Fliederbusch: Nein,Durchlaucht,
988 2787 2882 2996 Fürstin: No ja,natürlich,Sie sind ja
991 2973 2401 3118 noch so jung.Herr von Fink.
994 3136 2593 3281 Fliederbusch: Fink schlechtweg.
988 3281 2983 3470 Fürstin: Na ja. Ich hab's ja nicht bös
1017 3478 1431 3607 gemeint.
994 3581 3007 3788 Fliederbusch: Meine Artikel sind aller-
