3432 4120
936 516 2939 735 Vor allem erkläre mir, wieso du an die
933 720 2708 854 sem Tisch hier sitzt,an dem früher
936 852 2817 986 nicht einmal ich - Hast du dich hier
938 971 2820 1198 eingenistet, lieber Fliederbusch? Das
936 1144 2143 1342 war nicht die Absicht
946 1297 2484 1482 Fliederbusch: Ich heisse Fink.
938 1437 2870 1602 Styx: Falschmeldung. Das hätt ich dir
938 1587 1757 1670 nicht zugetraut.
953 1579 2993 1785 Fliederbusch: Du hast es mir doch selbst
946 1790 1375 1978 geraten.
946 1899 2713 2151 styx: Fink? Nicht dass ich wüsste.
923 2057 2883 2276 (Ich habe dich gebeten an meiner Statt
941 2230 2878 2415 unter einem Pseudonym eine Plauderei
1815 2339 2883 2418 für die,Elegante Welt
943 2392 2959 2560 über die Armeesteeplechase zu schreiben
946 2512 2929 2718 Fliederbusch: Rekapitulieren wir doch.
946 2647 2832 2870 Es war während der Verhandlungen vor
943 2830 2942 2998 sechs WochenDu bist als Zeuge vorgela-
951 2959 2845 3117 den. Du entdeckst mich unter den Be-
951 3130 2911 3338 richterstattern.Du erkennst den alten
966 3267 2848 3488 Gymnasialkollegen von den Piaristen.
959 3430 2883 3623 Du erinnerst dich der Zeit, da wir ge-
956 3595 2942 3824 meinsam als junge Burschen mit Begeis-
