3480 4184
2697 361 2882 515 258
1105 487 2971 684 Fleck im Herzen. Was sie aus solchen
1089 670 2788 885 Notiven heraus tuh und reden, das
1103 841 2962 1004 nennen sie den Ausdruck ihrer Ueber-
1100 1007 2847 1161 zeugung. Alle beinahe,glauben Sie
1103 1147 2852 1318 mir. Darum eben haben sie mich so
1114 1292 2849 1435 interessiert,Herr Fink. Sie haben
1119 1466 2894 1627 gefühlt, was Sie geschrieben haben.
1117 1594 2952 1789 Fliederbusch: Das hab ich, ja.So in¬
1126 1742 2835 1894 tensiv als nur möglich. Und doch
1126 1929 1679 2095 Graf: Nun?
1171 2051 2760 2234 Fliederbusch: (starrt plötzlich
1138 2196 3020 2379 durchs Gittertor hinaus und schweigt)
1136 2372 2760 2559 Graf: Und doch? —Was haben Sie?
1131 2522 2866 2674 Fliederbusch: Ein - ein Bekannter
1138 2685 2873 2814 Graf: Ein Bekannter? Das ist doch
1143 2833 2788 2978 wohl der junge Herr Satan, der da
1152 2959 2465 3168 draussen auf und ab geht.
1157 3140 2468 3308 Fliederbusch: In der Tat.
1157 3254 2849 3460 Graf: Ihr Sekundant -er erwartet
1166 3428 1644 3624 Sie hier?
1157 3540 2882 3746 Fliederbusch: Ein sonderbarer Zu-
