3336 4088
2481 341 2678 483 269
958 467 2736 722 Graf: Pardon. Ich habe einen andern
960 644 2578 839 Vorschlag zu machen. Sag einmal
971 800 2782 1020 Priska, hast dueigentlich schon ein-
965 960 2481 1132 mal ein Pistolenduell g’sehn?
990 1107 2749 1313 Fürstin: Was ist das für eine son-
988 1290 1712 1432 derbare Frage.
983 1418 2756 1563 Graf: Na och kenn dich doch, so was
992 1572 2786 1741 würde dich interessieren. Wir fah.
458 1615 726 1771 H. P.
1001 1739 2401 1906 ren mit Ihnen,Herr Kajetan.
417 1751 914 1883 wollt it jure
990 1883 2738 2092 Kajetan: Ich verstehe nicht ganz
390 1870 681 2042 Ulln
999 2021 2782 2227 Graf: Es ist doch ganz einfach. -Um
1013 2184 2165 2346 wieviel Uhr- sagen Sie?
1010 2321 2623 2470 Kajetan: Um zwölf Uhr. Und zwar
2003 2465 2876 2637 telle,wo vor drei
1020 2514 1966 2667 dort an derselben
1026 2646 2800 2795 Jahren we Herr Graf den Herrn Dok¬
1026 2798 2536 2947 tor Belmann erschossen haben.
1036 2928 2876 3139 Graf: Das ist eine charman te Gegend.
1075 3107 2914 3299 (zur Fürstin) Ganz nah von der Donau.
1040 3260 2488 3403 Dabei wunderschönes Wetter -
1054 3393 2896 3620 Fürstin: Du bist vollkommen verrückt,
1049 3526 2887 3755 nicht wahr? Du willst doch nicht im
