3384 4104
2672 340 2854 499 147
899 504 2048 690 fordert gebieterisch -
917 645 2750 849 Fürstin: Aber da wird ja nicht viel
909 811 2849 1010 g'schehn. Das kennt man ja. Dreissig
894 942 2798 1123 Schritt und in die Luftischiessen und
927 1133 2577 1272 vielleicht nicht einmal geladen.
909 1237 2851 1461 Fliederbusch: Es ist möglich, dass das
914 1428 2897 1604 dem andern Herrn genehm wäre Ich hasse
927 1541 2753 1745 diese Art von Komödie. Es fällt mir
909 1735 2756 1907 nicht ein vor Ihnen, Durchlaucht, den
912 1882 2753 2083 blutgierigen Kempen zu spielen -ich
917 2028 2919 2189 begreife auch, dass man über die Berech-
917 2171 2861 2375 tigungen des Duells verschialen denken
924 2350 2889 2489 kann,aber,wenn man einander einmal ge-
927 2524 2818 2665 genübersteht, dann bin ich für Ernst,
924 2640 2766 2808 Meiner Ansicht nach gibt es nur ein
924 2796 2718 2967 Duell,das einen sinn hat, Duell auf
932 2980 2960 3128 Tod und Leben. Das habe ich auch meinen
929 3098 2572 3274 Sekundanten auseinandergesetzt.
945 3269 2358 3425 Fürstin: Auf Tod und Leben?
937 3425 1844 3607 Fliederbusch: Ja.
942 3509 2914 3738 Fürstin: Ja, wird denn aber der Andere
