3336 4072
2619 348 2803 525 281
988 495 2852 748 (Ich hört ein Bächlein rauschen) Ich
974 726 2190 858 hört ein Auto brausen
986 807 2958 1037 Egon: (zu ihm hin) Stehn sie auf. Beden-
986 1037 2739 1153 ken Sie, was Sie uns schuldig sind.
988 1175 2813 1312 In dieser nächsten Viertelstunde be-
983 1322 2833 1454 neh men Sie sich, wie es sich geziemt,
976 1432 2367 1599 Ueber alles andere nachher.
986 1643 2695 1832 Fliederbusch: (hat sich erhoben) Es
983 1763 2178 1928 scheint ja wirklich - -
983 1901 2656 2087 Egon: Haben sie mir nochetwas zu
983 2087 2808 2273 sagen? Es ist der letzte Moment. Ich
986 2197 2798 2362 will vorläufig alles Vorhergegangene
988 2340 2197 2546 vergessen. Bedenken sie.
988 2470 2695 2742 Fliederbusch: Ich danke Ihnen,Sie
981 2661 2830 2901 sind im Ganzen doch ein netter Kerl.
986 2845 2166 2997 Egon: Ich muss bitten -
986 3024 2023 3151 Schromm: Sie kommen.
979 3159 2472 3257 Dr.Kunz: Es sind ja nur Zwei.
