3480 4152
2680 288 2819 424 99
921 427 2950 684 noch ein paar Kleinigkeiten und endlich
944 623 2870 840 vor sechs Wochen nach Ihrer Rede,Herr
972 628 1191 745 sester
939 770 2882 992 Graf, den Artikel, der so viel Aufsehen
941 941 2933 1143 machte.Er fiel ja eigentlich ein wenig
949 1065 2970 1302 aus dem Rahmen unseres Blattes und wem
949 1184 2703 1461 ich ganz aufrichtig sein soll, ich
949 1393 2897 1603 selbst hatte eigentlich nicht viel
2478 1481 2663 1580 wir
962 1547 2988 1774 Lust -er schien mir deplaciert  waren
2367 1633 2559 1739 das
984 1709 2970 1878 ja doch vorwiegend ein Blatt (den sport¬
1168 1812 2145 1951 gesellschaftlichen
974 1863 2986 2027 lichen eventuell noch militärischen In
974 2011 2867 2246 teressen, diente. Ich traute mir ge-
974 2155 2817 2360 wissermassen kein Recht zu, in einer
984 2319 2928 2516 politischen Angelegenheit das Wort zu
982 2471 2973 2632 ergreifen und es war mein Sohn, der das
994 2572 2935 2804 Erscheinen jenes Artikels so lebha-ft
994 2784 2201 2940 befürwortete, dass ich —
1004 2900 3034 3137 Graf: Nun Sie haben es nicht zu bereuen
1012 3059 3026 3266 gehabt. Wir wollen wünschen,dass einmal
1015 3205 2978 3392 von dem Tage des Erscheinens jenes Ar-
1032 3372 2862 3564 tikels an jene neue Iera Ihrer Zeitung
1037 3518 3003 3730 gerechnet werde. Also,um auf unser ei-
