3368 4088
2695 302 2891 485 150
869 450 1678 680 Andern absagen.
882 649 2302 841 Fliederbusch: Durchlaucht -
888 803 2651 970 Fürstin: Meistens geht es gut aus.
891 964 2768 1146 Fliederbusch: Man muss den Tod nicht
888 1118 2393 1300 fürchten, wenn man gelebt hat.
882 1222 2872 1448 Fürstin: Sie müssen mir auch etwas aus
897 1395 1984 1603 Ihrem Leben erzählen.
888 1496 2831 1773 Fliederbusch: Durchlaucht machen mich
894 1732 1681 1918 sehr glücklich.
913 1804 2884 2037 Fürstin: Es ist sonderbar,Sie erinnern
891 1977 2188 2192 mich an irgend jemanden -
891 2141 2897 2349 Fliederbusch: Ich erinnere Durchlaucht-
894 2289 2730 2516 Fürstin: Sie werden sich aber durch
891 2437 2774 2670 nichts abhalten lasen. Sie müssen mir
907 2613 1596 2806 versprechen.
907 2733 2295 2976 Fliederbusch: Durchlaucht -
919 2935 1987 3133 Fürstin:Es kommt wer.
526 3061 3061 3319 Besser sie geht vorher – aus The allein sagt
570 3259 3057 3498 Iit werde ich und enlobt - Ja - Ein neen
538 3394 2922 3662 Leben!- Einmal noch zu mein kleine
592 3561 3108 3854 Fährig - und das in die jetztes ich her¬
957 3722 2110 3926 mit der Schibsel! -
