3432 4088
2726 330 2966 487 180
1033 519 1740 689 Ernst daran -
1048 647 2843 869 styx: Ganz im Ernst (und würde dich
1051 824 2996 991 höflichst bitten dich möglichst rasch
1053 1011 1867 1153 zu entscheiden.
1056 1101 2891 1345 Fliederbusch: Ja,wie stellst du dir
1063 1263 2708 1458 vor, was wünschst du eigentlich?
1068 1398 2856 1633 Styx: Ich wünsche, dass du dich mit
1061 1553 2916 1765 mir in die Redaktion des „Tageswerks
1078 1715 3030 1900 begibst, mich persönlich Herrn Leuchter
1076 1852 3085 2084 vorstellst, einen schleunigen Urlaub an-
1096 2014 3050 2202 trittst und mich vorläufig als Ersatz
1098 2169 2788 2334 empfiehlst.. Mehr steht natürlich
547 2232 969 2361 Lidrichst
507 2341 934 2479 dist in
1091 2354 3043 2519 nicht in deiner Macht, das übrige lass
1093 2481 3060 2654 meine Sorge sein. Was du bei dem Blatt
1111 2604 3075 2796 leistest, kann ich am Ende auch. Es wird
1103 2748 3055 2996 Herrn Leuchter vollkommen gleichgültig
1106 2988 1440 3118 sein —
1116 3068 3003 3330 Fliederbusch: Dein Name - jener Pro-
1116 3275 2404 3442 zess - man weiss ja doch
1400 3293 3220 3487 willst die wir eine veilen sch Unterstützung
2821 3382 3043 3442 and
1138 3437 3020 3592 Styx: Ich habe mich bereits rasieren
1136 3530 2803 3747 lassen, wie du siehst.Ich le geauf
