3480 4200
2804 351 3006 497 216
1109 579 1949 753 Entgegenkommen -
1126 666 2837 917 Egon: Pardon,daran wird nicht ge-
1134 848 2857 1057 zweifelt. Ich möchte nur bemerken,
1899 957 2466 1072 Ritterliche
1151 1014 2864 1213 die schöne edle Sitte des Duells
1151 1154 2971 1360 ist im Laufe der letzten Zeit nicht
1164 1310 2981 1514 nur oft genug durch lächerliche An-
1171 1472 2924 1661 griffe von Leuten entwürdigt wor-
1178 1609 3008 1810 den, die allerlei Gründe haben moch.
1183 1733 2824 1982 ten Austragungen von Konflikten
1196 1914 2869 2108 durch die Waffen aus dem Wege zu
1198 1967 3093 2198 gehen. Aber noch tiefer durch die Art
1208 2111 2954 2340 und Weise,wie man es vielfach ge.
1216 2295 2852 2466 übt hat. Gerade die sogenannten
1218 2414 3095 2650 Journalistenduelle erfreuen sich ei-
1223 2593 3013 2777 nes besonderen üblen Rufs. Man hat
1238 2735 2966 2931 sich allmählich darah gewöhnt, sie
1251 2887 3252 3090 als lächerliche Spielereien zu betrach-
1261 2998 3100 3237 ten und dadurch ist auch oft genug
1275 3148 2944 3399 der Wert,die Ehrlichkeit jeder
1270 3327 3163 3560 Polemik und zugleich die courage der
1275 3478 3140 3700 Polemiker selbst etwas dubios gewor.
