3464 4104
2794 320 2994 510 124
991 507 2925 738 Liebenswürdigkeit! Wie viel Herablas-
986 686 2884 873 sung und Güte zugleich. Ich kann nur
981 827 2999 1035 sagen, dass ich mich wie in einer neuen
973 986 2733 1191 Atmosphäre befand. Ich fühlte aufs
984 1163 3035 1334 Tiefste, dass das Wort Gleichheit nichts
989 1278 2835 1483 ist,als eine politische Phras. Die
994 1442 2787 1614 Menschen sind verschieden geboren.
996 1596 2892 1778 Ein Narr,wer es ableugnet. Sie ahnen
999 1726 2889 1939 nicht,was in mir vorging, als ich der
999 1913 2846 2064 Fürstin die Hand küsste. Welch eine
999 2041 2889 2244 Frau! Aber eine Frau! Das fühlte ich.
1012 2198 2974 2392 In irgend einem Augenblick wusste ich,
996 2349 2945 2571 mehr noch eine Frau alsgeine Fürstin.
1004 2536 3033 2733 Und sie fühlte vielleicht, - doch nein,
1017 2682 1598 2856 ich träume.
1009 2843 2966 3025 Egon: Das scheint mir auch. Haben Sie
1022 2963 2715 3166 den Artikel im Tagewerk gelesen?
1009 3138 2984 3348 Fliederbusch: (leichthin) Ich bin eben
1019 3286 3079 3483 daran ein paar Worte dagegen aufs Papiet
1024 3396 3012 3637 zu werfen.Die letzten in dieser Sache.
1022 3614 2989 3783 Der Graf findet übrigens, dass es kaum
