3480 4104
2722 258 2918 524 142
279 425 854 625 26.13.1914.
1065 500 3053 719 sind allerdings mit von unterzeichnet,
1073 656 2918 865 aber das geschah nur auf Wunsch des
1063 795 2821 1013 Herausgebers.Es ist hier Usus.Ich
1081 974 2894 1151 selber bin nicht von Adel,,leider.
1081 1115 2925 1310 Fürstin: Sie müssen sich nicht ent-
1089 1271 2975 1480 schuldigen. Ich geb gar nichts drauf.
1097 1412 3019 1594 Für mich sind alle Menschen gleich. Ja
1102 1553 3087 1777 Ich bin eigentlich eine Sozialdemokra-
1107 1743 3061 1922 tin, eine Anarchistin könnt man schon
1107 1930 1441 2081 sagen.
1120 2035 3215 2240 Fliederbusch: Doch wohl mehr theoretisch
1118 2235 1758 2397 Durchlaucht.
1123 2324 3095 2550 Fürstin: Sagen sie das nicht, man kann
1138 2548 2042 2707 gar nicht wissen.
1157 2623 2949 2860 Fliederbusch: und doch wird gerade,
1162 2774 3168 2985 wie mir scheint,durch Eure Durchlaucht
1151 2933 3121 3136 in reinster und höchster Weise das ra
1162 3069 3178 3306 präsentiert, was ich von Jugend auf als
1154 3256 3014 3491 Adel empfinden und verehren gelernt
1167 3493 1443 3613 habe.
1180 3525 3202 3814 Fürstin: Ich will Ihre Illusionen nicht
