3384 4120
2690 308 2818 452 58
984 433 2773 620 D. a. Fliederbusch: Sehr erfreut. Ich
987 632 2778 828 habe dich schon früher gesucht. Ich
987 800 2806 965 hätte dich dringend zu sprechen ge-
994 975 1266 1110 habt.
996 1086 2873 1292 Fliederbusch: Seit wann bist du denn
999 1259 1756 1434 wieder zurück?
999 1415 2761 1540 D.a.Fliederbusch: Seit heute Früh.
996 1540 2894 1727 Um es dir gleich zu sagen, die Angele
1008 1687 2773 1879 genheit realisiert sich (nicht.Aber
1015 1869 2733 2040 dafür sind andere Chancen da.) Wenn
994 2037 2778 2189 man jetzt Kapital hätte, mein Sohn,
1003 2151 2733 2321 Millionen liegen auf der Strasse.
1008 2324 2331 2508 Fliederbusch: Glaubst du?
1008 2444 2913 2634 D.a.Fliederbusch: Du wirst dich viel-
1017 2624 2910 2816 leicht wundern. Das Konsortium wegen
1017 2764 2761 2946 der Gründe in den Haimburger Auen
1015 2941 2757 3107 hat sich wieder gemeldet.Ieh muss
1015 3083 2877 3261 morgen oder vielmehr ich sollte mor.
1020 3235 2716 3443 genzum Grafen nach Paliezky nach
1034 3419 1926 3564 Pressburg fahren.
1025 3590 1924 3694 Fliederbusch: So.
