3464 4104
2853 319 2978 530 81
1033 564 3027 722 kel im „Tagewerk" etwas erfolgen muss.
1035 701 3034 905 gatan: Ah, Fink wird schon zu antworten
1033 862 1576 1000 verstehen.
1028 977 3045 1173 Egon: Antworten? Du meinst doch nicht.
1028 1168 2838 1341 Er wird den verl fordern selbstver.
1028 1321 1563 1466 ständlich.
1028 1489 2644 1632 Satan: Die Artikel sind anonym.
1030 1632 2869 1780 Egon: Jemand muss die Verantwortung
1017 1759 2897 1920 übernehmen. Entweder meldet sich der
1028 1923 2861 2111 Verfasser selbst oder es gibt einen
1030 2091 2430 2231 verantwortlichen Redakteur.
1012 2236 2966 2394 Sat an: nu vergisst etwas,as geht doch
538 2313 938 2489 E. hredtaf
1017 2382 2948 2527 wohl nicht an, dass sich ein Mitarbei-
1012 2530 2433 2700 ter unseres Blattesschlägt.
474 2540 834 2728 später.
1015 2675 1657 2859 Egon: Wieso?
1010 2815 3034 3017 Satan: Wir sind klerikal. Schon aus re-
1020 2989 1948 3154 ligiösen Gründen -
1012 3157 2792 3333 Egon: So wweit sind wir noch lange
997 3328 3004 3460 nicht. Wie die Dinge heute stehen,wäre
1002 3448 3052 3616 ein Duell für das prestige unseres Blat-
1002 3585 2950 3802 tes viel förderlicher als eine Duell-
