3432 4120
2620 354 2803 545 121
871 503 2636 750 ten, die Sache wird sich aufklären.
881 660 2949 907 Fliederbusch: Es ist in deinem eigensten
884 819 2810 1063 Interesse, Styx, die Binge an dich he-
886 1004 1909 1169 rankommen zu lassen
896 1143 2823 1338 Styx: Warum soll ich mich von dir zum
902 1295 2736 1472 Narren halten lassen. Ich werde den
902 1423 2828 1659 Leuten einfach erzählen wer du bist.
907 1611 2892 1788 Fliederbusch: Das wird seine Schwierig.
902 1752 2892 1968 keit haben, denn du weisst es ja selber
907 1942 1233 2096 nicht.
909 2037 2903 2273 styx: Ich weiss, dass es einen gewissen
912 2227 2602 2404 Fliederbusch gibt, Mitarbeiter am
932 2376 2749 2533 „Tagewerk“,Gerichtssaalreporter, der
920 2502 2695 2695 sich für einen Herrn Fink ausgibt.
938 2689 2808 2846 Fliederbusch: Man könnte auch sagen,
948 2803 2856 3008 es gibt einen gewissen Fink,Mitarbei-
357 2874 858 3031 tillendt statt
950 2957 2862 3142 ter der „Eleganten Welt“, der sich für
342 2998 845 3154 Haderbuch.
966 3129 2836 3342 einen Herrn Fliederbusch ausgibt. Und
326 3121 850 3296 Président
308 3244 912 3452 un fort de
966 3283 2826 3465 beides wäre gleich unwahr. Hier gibt
306 3383 889 3583 en u Göné
958 3432 2260 3617 sich niemand aus, man ist,
437 3553 691 3727 her
956 3586 2903 3830 styx: (zum Fenster, unter dem eben ein
