3432 4120
2856 387 2978 515 43
1001 541 3087 694 Abendstern und Füllmann sitzen an ihrem
1021 725 2170 860 Pulten und schreiben).
1029 865 1336 1050 Pause.
1027 1003 2874 1224 Füllmann; (wirft plötzlich die Feder
1024 1177 2596 1359 hin, steht auf) Ich kann nicht.
1027 1325 2495 1494 Abendstern: (schreibt weiter)
1021 1471 2757 1603 Füllmann: Ich kann einfach nicht.
1029 1622 3048 1770 Abendstern:Dieser Bursche.Dass er sich
1027 1765 3030 1915 nicht schämt. Wollen Sie wetten, dass er
1546 1869 3100 1991 be der Tresse tenenschauffelt.
1050 1920 3056 2113 jetzt in einer andern Redaktion steckt.
1027 2113 3098 2256 Aber das ist die Art Carriere zu machen
1021 2235 2970 2396 Dabei ist er ein wohlhabender Mensch,
1024 2409 2219 2568 hat es gar nicht nötig.
1032 2547 2978 2718 Füllmann: Soll ich Ihnen etwas sagen,
1027 2682 3022 2877 Abendstern? Es ist ja immer evidenter,
1032 2825 2404 3035 irgend etwas stimmt nicht.
1037 2996 1996 3204 Abendstern: Wieso?
1032 3157 3033 3298 Füllmann: Das ist nicht einfach Tempe-
1723 3272 2097 3371 "Seindl
1032 3298 3020 3441 ramentlosigkeit.Er war nicht immer so.
1058 3454 3035 3664 (näher zu ihm) Wir sind verkauft, Abend-
1040 3643 1351 3794 stern.
