3464 4136
3006 402 3135 529 27
1176 443 2049 693 Frühbeck: Wieso?
1179 640 3190 870 Abendstern: Na ist er vielleicht nicht
1192 870 1713 1030 gestorben.
1182 989 3071 1146 Füllmann: Ich appelliere an Sie, mei-
1182 1169 3066 1311 ne Herren,wir müssen zusammenstehen.
1179 1331 3112 1462 Es wäre eine Schmach für unser Blatt,
1184 1455 3071 1607 wenn wir ruhig blieben. Erklären Sie
878 1607 1004 1756 o
1179 1619 3195 1761 sich mit mir solidarisch,meine Herren.
1214 1789 3180 1941 (leiser) gegen den Verbrecher da drin.
1194 1915 2649 2118 Frühbeck: Mässigen Sie sich.
888 2019 1080 2140 S t
1179 2080 3203 2201 Füllmann: Hier ist mein Artikel, Leuchter
1182 2254 3185 2391 will ihn nicht bringen. Leuchter findet
1179 2363 3208 2517 ihn zu scharf.Wann soll man denn scharf
1174 2530 3132 2672 sein, wenn nicht bei einer solchen Ge-
1857 2646 2464 2748 Welche Gelegenheit E.
1179 2722 3082 2856 legenheit? Im Parlament, im österrei-
1184 2846 3084 2978 chen Parlament ist es klipp und klar
1179 2983 3049 3145 ausgesprochen worden, dass das Leben
1179 3147 3211 3292 des Bürgers, des Arbeiters keinen Heller
1184 3304 3180 3474 wert ist, dass das Prinzip der staatli-
1179 3448 3142 3643 chen Autorität höher steht als das Le-
