3416 4104
2556 337 2760 497 226
932 458 2905 763 Fürstien: Und wahrscheinlich wird auhh.
930 664 1865 876 eine Tombola sein.
932 797 2918 1031 Fliederbusch: Und ich,wo werde ich - -
940 959 2662 1168 Fürstin: Jetzt ist es aber genug.
945 1095 2704 1333 Meine Leut werden gleich auf sein
947 1260 2839 1476 So lang darf eine Comitésitzung doch
964 1397 2686 1633 nicht dauern..besonders zu zweit.
962 1582 2696 1808 Also du kennst den Weg, die kleine
959 1759 1715 1946 Tür ist offen.
974 1845 2888 2091 Fliederbusch: Du wirst noch schlafen?
989 2010 2863 2231 Fürstin: Na Zeit üär s. Komm. Ich führ
994 2184 2910 2389 dich bis hinunter. (beide verschwinden
1001 2371 1629 2553 vom Balkon.)
1038 2450 2861 2689 (Die Bühne bleibt geraume Zeit leer.
1018 2617 2856 2856 Nach einiger Zeit erscheint die Für.
1046 2777 2777 3031 stin und schliesst die Balkontüre.
1026 2977 1980 3183 Dann wieder Pause.
1028 3026 2930 3314 Endlich Fliederbusch von der Rücksei-
1041 3245 2910 3474 te der Villa her,langsam,auf den Ze-
1046 3402 2819 3614 henspitzen.Er will offenbar zuerst
1041 3565 2686 3833 hinaufrufen,besinnt sich wieder
