3496 4184
2667 321 2869 442 260
1186 500 2325 681 das Duell stattfindet.
1202 635 2960 842 Egon: Was allerdings etwas rätsel-
1193 832 1676 981 haft ist.
1216 921 2874 1167 Fliederbusch: Herr satan, ich war
1214 1132 2125 1286 eben auf dem Wege
1221 1151 2955 1444 Egon: Daven war allerdings nichts
1218 1381 3004 1562 zu bemerken. Einem Zufall verdanke
1214 1553 3046 1721 ich habe ich erfahren, dass Sie Herr
1232 1716 2918 1858 Eliederbuseh, Ich komme eben aus
1467 1841 1655 1930 au de
1246 1844 3020 2053 Ihrer Wohnung,Herr Fink,wo ich Sie
1251 1995 2983 2165 leider nicht fand. Es hat sich die
1267 2160 3048 2339 Notwendigkeit ergeb en das Duell um
1260 2297 3097 2464 eine Stunde vorzurücken, um die Poli
1260 2467 3111 2627 zei irre zu führen. Die Sekundanten
1272 2616 3013 2776 des Herrn Fliederbusch sind natür
1276 2762 3143 2934 lich schon verständigt. Durch zufall
1288 2906 3134 3078 habe ich erfahren, dass Sie,Herr von
1290 3097 3127 3236 Fink,für heute Morgens in einer An-
1309 3241 3099 3415 gelegenheit des Parkfestes zur Für.
1295 3353 3153 3555 stin beschieden waren. So habe ich es
1307 3553 2757 3746 für das pichtigste gehalten
