3416 4104
2642 297 2811 493 231
355 389 862 541 10. / 4. 1914.
1124 488 2896 719 Längere Pause. Es ist lichter gewor.
1177 693 2760 871 den. Morgenstimmung..Fliederbusc.
1198 832 2986 968 schläft auf der Bank oder auf einem
1163 972 2889 1163 Sessel, den Hut tief in die Stirne
1177 1133 2894 1320 Der Kammerdiener der Gräfin kommt
1186 1276 2928 1465 etwas verschlafen von rückwärts.Er
1184 1463 2887 1633 geht zuerst gegen das Tor hin, das
1184 1571 2949 1781 er aufsperrt. Dann kommt er wieder
1196 1760 2841 1903 in die Mitte der Bühne, plötzlich
1189 1898 2483 2046 bemerkt er Fliederbusch.)
1189 2078 2792 2179 Diener: Ja,was ist denn das? Wer
1196 2172 2836 2371 sitzt denn da? (will auf ihn zu)
1189 2361 2960 2511 Freilich, man kann nicht wissen. Aber
1196 2474 3052 2725 aufwecken mus man ihn auf jeden Fall.
1233 2638 2907 2864 (er nähert sich,tupft ihm auf die
1193 2834 1652 2963 Schulter)
1205 2937 3018 3177 Fliederbusch: (wacht auf) He, wie? Was
1198 3138 1843 3320 gibt's denn?
1207 3255 2956 3437 Diener: (erkennt ihn) Ah, der Herr
1214 3414 2532 3608 vom Comité. (den Conulé)
1216 3559 2790 3808 Fliederbusch: (fasst sich rasch)
