3432 4104
2789 342 2929 486 47
1033 476 3063 706 Füllmann: Was reden sie denn? mit Ihren
1030 678 2324 845 zwei oder dreiundvierzig.
1025 802 2992 980 Abendstern: Egal. Wenn man sein Leben
1030 975 3068 1104 lang gerobottet hat wenn man von seinen
1030 1101 2870 1268 fünfzehnten Jahr an sich selber die
1030 1268 3025 1420 Eiistenz hat verdienen müssen.Sehn Sie
1028 1461 3053 1590 mich nur an. Zweiundvierzig Jahre, ja aber
1038 1600 2926 1774 grau. Ich war nicht zum Lohnschreiber
1040 1752 2977 1886 geboren, Füllmann. Wenn ich Zeit gehabt
1040 1916 3010 2058 hätte. Aber von meinem sechzehnten Jahr
1033 2060 2939 2245 anhabe ich für das liebe Brot urasen
1769 2136 2658 2240 gen uit feil gehabt hart
1033 2159 2903 2341 müssen.(Ein Preies Jahr hätt ich ge¬
1040 2341 2979 2506 braucht, in diesen ganzen fünfundzwan-
1815 2465 2157 2562 freies
1033 2473 3035 2648 zig Jahren ein ganses Jahr,dann hättet
1038 2658 2886 2830 Ihr sehn sollen. Aber jetzt istes zu
1033 2827 1835 3000 spät für alles.
1048 2931 2984 3141 Füllmann: Was soll da ich erst sagen?
1058 3081 2977 3283 Abendstern: Dasselbe, lieber Füllmann.
1035 3278 2924 3437 Sein Sie froh, dass Sie Ihre Stellung
1030 3432 2934 3630 haben Sie haben ja schliesslich auch
1040 3567 2870 3741 nie literarische Ambitionen gehabt.
