<?xml version="1.0" encoding="UTF-8" standalone="yes"?>
<PcGts xmlns="http://schema.primaresearch.org/PAGE/gts/pagecontent/2013-07-15" xmlns:xsi="http://www.w3.org/2001/XMLSchema-instance" xsi:schemaLocation="http://schema.primaresearch.org/PAGE/gts/pagecontent/2013-07-15 http://schema.primaresearch.org/PAGE/gts/pagecontent/2013-07-15/pagecontent.xsd">
    <Metadata>
        <Creator>prov=READ-COOP:name=TrHtr:version=2.1.0:model_id=51170:date=30_07_2023_06:35</Creator>
        <Created>2023-05-10T13:33:18.915+02:00</Created>
        <LastChange>2023-07-30T06:35:29.133+02:00</LastChange>
        <TranskribusMetadata docId="1428582" pageId="55412841" pageNr="84" tsid="131485588" status="IN_PROGRESS" userId="64420" imgUrl="https://files.transkribus.eu/Get?id=HFWEXERJUDYCRNOSPYVCTPNY&amp;fileType=view" xmlUrl="https://files.transkribus.eu/Get?id=EJGSMAGRWRSTDVOHMJSVDMRL" imageId="44686982"/>
    </Metadata>
    <Page imageFilename="1428582_0084.jpg" imageWidth="3448" imageHeight="4104">
        <ReadingOrder>
            <OrderedGroup id="ro_1711791373190" caption="Regions reading order">
                <RegionRefIndexed index="0" regionRef="tr_1"/>
                <RegionRefIndexed index="1" regionRef="tr_2"/>
            </OrderedGroup>
        </ReadingOrder>
        <TextRegion id="tr_1" custom="readingOrder {index:0;}">
            <Coords points="1035,335 3101,335 3101,2257 1035,2257"/>
            <TextLine id="tr_1_tl_1" custom="readingOrder {index:0;}">
                <Coords points="2797,425 2817,422 2837,432 2865,409 2878,417 2886,409 2893,414 2916,409 2914,308 2886,313 2868,300 2855,313 2848,308 2837,318 2815,308 2807,315 2794,315"/>
                <Baseline points="2811,385 2856,385 2901,388 2922,385"/>
                <TextEquiv>
                    <Unicode>82</Unicode>
                </TextEquiv>
            </TextLine>
            <TextLine id="tr_1_tl_2" custom="readingOrder {index:1;}">
                <Coords points="1032,577 1225,597 1335,572 1381,595 1431,570 1576,613 1703,610 1703,447 1518,511 1375,473 1134,514 1032,493"/>
                <Baseline points="1047,573 1092,567 1137,567 1181,564 1226,564 1271,564 1316,564 1361,567 1405,567 1450,564 1495,564 1540,564 1584,567 1629,567 1674,570 1707,573"/>
                <TextEquiv>
                    <Unicode>verweigerung.</Unicode>
                </TextEquiv>
            </TextLine>
            <TextLine id="tr_1_tl_3" custom="readingOrder {index:2;}">
                <Coords points="1020,905 2748,839 2845,885 2939,872 2942,765 2784,702 2466,788 1022,793"/>
                <Baseline points="1035,871 1065,871 1110,871 1155,868 1199,868 1244,868 1289,868 1334,868 1378,868 1423,868 1468,865 1513,865 1558,862 1602,859 1647,859 1692,859 1737,859 1781,856 1826,856 1871,856 1916,856 1960,859 2005,856 2050,853 2095,853 2140,850 2184,847 2229,847 2274,844 2319,844 2363,841 2408,838 2453,841 2498,838 2542,835 2587,835 2632,835 2677,835 2722,832 2766,832 2811,832 2856,829 2901,826 2945,826"/>
                <TextEquiv>
                    <Unicode>Diener: (tritt ein) Fräulein von Nege.</Unicode>
                </TextEquiv>
            </TextLine>
            <TextLine id="tr_1_tl_4" custom="readingOrder {index:3;}">
                <Coords points="1032,1045 2802,1050 2924,1022 2929,887 2100,864 1566,961 1035,961"/>
                <Baseline points="1047,1023 1050,1023 1095,1026 1140,1026 1184,1023 1229,1020 1274,1017 1319,1017 1364,1017 1408,1017 1453,1014 1498,1014 1543,1014 1587,1011 1632,1008 1677,1008 1722,1008 1766,1008 1811,1005 1856,1005 1901,1005 1946,1002 1990,1002 2035,1002 2080,999 2125,999 2169,999 2214,996 2259,996 2304,993 2348,993 2393,990 2438,990 2483,987 2528,987 2572,987 2617,990 2662,987 2707,984 2751,984 2796,981 2841,978 2886,978 2931,976"/>
                <TextEquiv>
                    <Unicode>dy -möchte den Herrn Redakteur einen</Unicode>
                </TextEquiv>
            </TextLine>
            <TextLine id="tr_1_tl_5" custom="readingOrder {index:4;}">
                <Coords points="1030,1180 1172,1210 1429,1172 1556,1218 1683,1162 1782,1208 1887,1172 1889,1124 1790,1078 1648,1116 1475,1103 1409,1139 1345,1093 1271,1121 1032,1121"/>
                <Baseline points="1044,1178 1086,1175 1131,1175 1175,1172 1220,1172 1265,1170 1310,1170 1355,1170 1399,1170 1444,1170 1489,1167 1534,1167 1578,1164 1623,1164 1668,1161 1713,1161 1758,1158 1802,1158 1847,1161 1892,1164"/>
                <TextEquiv>
                    <Unicode>Moment sprechen.</Unicode>
                </TextEquiv>
            </TextLine>
            <TextLine id="tr_1_tl_6" custom="readingOrder {index:5;}">
                <Coords points="1042,1360 1373,1327 1569,1419 2110,1320 2517,1358 3013,1302 3015,1223 2052,1248 1696,1172 1477,1271 1042,1271"/>
                <Baseline points="1056,1343 1098,1328 1143,1328 1187,1331 1232,1328 1277,1325 1322,1325 1367,1325 1411,1322 1456,1322 1501,1322 1546,1319 1590,1319 1635,1316 1680,1316 1725,1313 1769,1313 1814,1313 1859,1310 1904,1310 1949,1310 1993,1310 2038,1307 2083,1307 2128,1307 2172,1304 2217,1301 2262,1298 2307,1298 2351,1298 2396,1298 2441,1298 2486,1298 2531,1298 2575,1298 2620,1295 2665,1292 2710,1292 2754,1289 2799,1289 2844,1286 2889,1283 2933,1283 2978,1280 3023,1283"/>
                <TextEquiv>
                    <Unicode>satan: (sehr verlegen) Gleich, ich lasse</Unicode>
                </TextEquiv>
            </TextLine>
            <TextLine id="tr_1_tl_7" custom="readingOrder {index:6;}">
                <Coords points="1045,1498 1292,1508 1381,1477 1541,1520 1622,1477 2049,1477 2049,1414 1970,1431 1881,1388 1757,1416 1683,1375 1569,1419 1498,1386 1276,1459 1180,1416 1048,1421"/>
                <Baseline points="1062,1480 1065,1477 1110,1477 1155,1480 1199,1480 1244,1480 1289,1477 1334,1474 1378,1474 1423,1471 1468,1468 1513,1468 1558,1468 1602,1465 1647,1465 1692,1465 1737,1462 1781,1462 1826,1462 1871,1459 1916,1459 1962,1461 1962,1461 1966,1456 2011,1456 2056,1453"/>
                <TextEquiv>
                    <Unicode>nur - eine Minute -</Unicode>
                </TextEquiv>
            </TextLine>
            <TextLine id="tr_1_tl_8" custom="readingOrder {index:7;}">
                <Coords points="1042,1637 1103,1653 1175,1632 1424,1632 1503,1681 1655,1663 1655,1503 1622,1487 1541,1523 1485,1500 1365,1513 1342,1490 1292,1508 1182,1490 1111,1520 1042,1500"/>
                <Baseline points="1056,1632 1080,1632 1125,1629 1170,1629 1214,1629 1259,1629 1304,1629 1349,1629 1393,1629 1438,1629 1483,1626 1528,1623 1572,1623 1617,1626 1662,1623"/>
                <TextEquiv>
                    <Unicode>Diener: (ab)</Unicode>
                </TextEquiv>
            </TextLine>
            <TextLine id="tr_1_tl_9" custom="readingOrder {index:8;}">
                <Coords points="1048,1869 1266,1871 1378,1792 1492,1851 2995,1808 3026,1620 2601,1691 2141,1609 1177,1742 1053,1691"/>
                <Baseline points="1065,1787 1104,1787 1149,1787 1193,1784 1238,1784 1283,1781 1328,1781 1372,1781 1417,1778 1462,1778 1507,1775 1552,1775 1596,1772 1641,1772 1686,1772 1731,1769 1775,1766 1820,1766 1865,1766 1910,1763 1954,1760 1999,1760 2044,1763 2089,1760 2134,1760 2178,1760 2223,1758 2268,1755 2313,1755 2357,1755 2402,1752 2447,1752 2492,1752 2537,1752 2581,1752 2626,1749 2671,1749 2716,1746 2760,1746 2805,1743 2850,1740 2895,1740 2939,1740 2984,1737 3029,1743"/>
                <TextEquiv>
                    <Unicode>Egon: (sieht seinen Vater an und schüt</Unicode>
                </TextEquiv>
            </TextLine>
            <TextLine id="tr_1_tl_10" custom="readingOrder {index:9;}">
                <Coords points="1055,1948 1772,1945 1792,1841 1749,1828 1665,1859 1520,1833 1396,1881 1342,1859 1309,1887 1198,1859 1129,1889 1058,1871"/>
                <Baseline points="1068,1937 1077,1934 1122,1937 1167,1937 1211,1934 1256,1934 1301,1934 1346,1931 1390,1931 1435,1928 1480,1931 1525,1928 1569,1928 1614,1928 1659,1928 1704,1925 1749,1928 1793,1934"/>
                <TextEquiv>
                    <Unicode>telt den Kopf)</Unicode>
                </TextEquiv>
            </TextLine>
            <TextLine id="tr_1_tl_11" custom="readingOrder {index:10;}">
                <Coords points="1048,2131 1131,2092 1358,2105 1396,2087 1548,2120 1597,2085 1747,2105 1782,2095 1785,2037 1691,2003 1617,2039 1470,2003 1393,2037 1289,1998 1241,2031 1050,2019"/>
                <Baseline points="1062,2092 1071,2092 1116,2089 1161,2089 1205,2089 1250,2089 1295,2086 1340,2086 1384,2086 1429,2083 1474,2083 1519,2083 1563,2083 1608,2083 1653,2083 1698,2080 1743,2080 1787,2086"/>
                <TextEquiv>
                    <Unicode>Satan: Nun ja.</Unicode>
                </TextEquiv>
            </TextLine>
            <TextLine id="tr_1_tl_12" custom="readingOrder {index:11;}">
                <Coords points="1055,2248 3031,2245 3092,2235 3094,2126 2573,2115 2448,2187 1703,2087 1553,2181 1058,2176"/>
                <Baseline points="1068,2241 1086,2244 1131,2247 1175,2244 1220,2244 1265,2244 1310,2244 1355,2241 1399,2241 1444,2235 1489,2235 1534,2232 1578,2232 1623,2232 1668,2232 1713,2232 1758,2229 1802,2229 1847,2229 1892,2226 1937,2229 1981,2226 2026,2226 2071,2226 2116,2223 2160,2220 2205,2220 2250,2217 2295,2217 2340,2220 2384,2220 2429,2217 2474,2217 2519,2217 2563,2217 2608,2214 2653,2211 2698,2211 2742,2211 2787,2211 2832,2214 2877,2214 2922,2214 2966,2214 3011,2220 3056,2223 3101,2223"/>
                <TextEquiv>
                    <Unicode>Egon: Ins Bureau! le pr die dem können könne.</Unicode>
                </TextEquiv>
            </TextLine>
        </TextRegion>
        <TextRegion id="tr_2" custom="readingOrder {index:1;}">
            <Coords points="1065,2295 3095,2295 3095,3794 1065,3794"/>
            <TextLine id="tr_2_tl_1" custom="readingOrder {index:0;}">
                <Coords points="1048,2408 3026,2392 3028,2273 2921,2217 1457,2242 1050,2344"/>
                <Baseline points="1065,2396 1107,2396 1152,2396 1196,2396 1241,2393 1286,2393 1331,2393 1375,2393 1420,2393 1465,2387 1510,2384 1555,2384 1599,2381 1644,2378 1689,2378 1734,2375 1778,2378 1823,2378 1868,2375 1913,2375 1957,2372 2002,2372 2047,2372 2092,2369 2137,2366 2181,2363 2226,2363 2271,2363 2316,2363 2360,2360 2405,2360 2450,2360 2495,2357 2540,2357 2584,2354 2629,2354 2674,2354 2719,2351 2763,2351 2808,2351 2853,2348 2898,2345 2942,2345 2987,2345 3032,2345"/>
                <TextEquiv>
                    <Unicode>Satan: Offenbar handelt es sich um ei-</Unicode>
                </TextEquiv>
            </TextLine>
            <TextLine id="tr_2_tl_2" custom="readingOrder {index:1;}">
                <Coords points="1060,2563 2499,2553 2682,2527 2685,2420 1597,2405 1492,2487 1063,2494"/>
                <Baseline points="1074,2551 1077,2548 1122,2548 1167,2545 1211,2545 1256,2545 1301,2542 1346,2542 1390,2542 1435,2540 1480,2537 1525,2537 1569,2534 1614,2534 1659,2534 1704,2534 1749,2531 1793,2531 1838,2531 1883,2528 1928,2528 1972,2525 2017,2525 2062,2525 2107,2525 2151,2522 2196,2522 2241,2522 2286,2519 2331,2519 2375,2516 2420,2513 2465,2513 2510,2510 2554,2510 2599,2510 2644,2510 2689,2513"/>
                <TextEquiv>
                    <Unicode>ne redaktionelle Angelegenheit.</Unicode>
                </TextEquiv>
            </TextLine>
            <TextLine id="tr_2_tl_3" custom="readingOrder {index:2;}">
                <Coords points="1063,2720 2659,2670 2888,2718 2995,2708 2998,2598 1452,2598 1350,2654 1065,2606"/>
                <Baseline points="1077,2707 1122,2704 1167,2704 1211,2704 1256,2701 1301,2701 1346,2701 1390,2695 1435,2692 1480,2689 1525,2689 1569,2686 1614,2686 1659,2686 1704,2683 1749,2683 1793,2683 1838,2680 1883,2680 1928,2677 1972,2677 2017,2677 2062,2677 2107,2674 2151,2674 2196,2671 2241,2668 2286,2668 2331,2668 2375,2665 2420,2665 2465,2662 2510,2665 2554,2665 2599,2668 2644,2668 2689,2662 2734,2659 2778,2659 2823,2656 2868,2656 2913,2656 2957,2662 3002,2665"/>
                <TextEquiv>
                    <Unicode>Egon: Wirst du nie vernünftig werden,</Unicode>
                </TextEquiv>
            </TextLine>
            <TextLine id="tr_2_tl_4" custom="readingOrder {index:3;}">
                <Coords points="1068,2886 1114,2881 1142,2891 1167,2873 1228,2886 1264,2860 1307,2886 1370,2873 1370,2784 1322,2774 1271,2797 1175,2789 1144,2802 1068,2784"/>
                <Baseline points="1083,2850 1128,2850 1172,2853 1217,2853 1262,2850 1307,2850 1352,2853 1375,2853"/>
                <TextEquiv>
                    <Unicode>papa?</Unicode>
                </TextEquiv>
            </TextLine>
            <TextLine id="tr_2_tl_5" custom="readingOrder {index:4;}">
                <Coords points="1058,3020 1648,3064 2456,2972 2746,3028 2957,2980 2962,2855 2405,2886 2021,2825 1853,2881 1607,2827 1060,2942"/>
                <Baseline points="1071,3008 1086,3008 1131,3005 1175,3005 1220,3002 1265,3005 1310,3005 1355,3005 1399,3008 1444,3008 1489,3008 1534,3008 1578,3005 1623,2996 1668,2996 1713,2993 1758,2993 1802,2993 1847,2990 1892,2987 1937,2984 1981,2981 2026,2981 2071,2981 2116,2981 2160,2978 2205,2975 2250,2975 2295,2972 2340,2972 2384,2972 2429,2972 2474,2972 2519,2972 2563,2972 2608,2972 2653,2969 2698,2969 2742,2966 2787,2963 2832,2960 2877,2957 2922,2957 2966,2957"/>
                <TextEquiv>
                    <Unicode>Satan: (ernst) Mein lieber Egonleine</Unicode>
                </TextEquiv>
            </TextLine>
            <TextLine id="tr_2_tl_6" custom="readingOrder {index:5;}">
                <Coords points="1063,3178 3059,3148 3061,3028 2179,3064 1823,3003 1063,3104"/>
                <Baseline points="1077,3154 1098,3154 1143,3157 1187,3157 1232,3157 1277,3157 1322,3157 1367,3154 1411,3151 1456,3151 1501,3148 1546,3145 1590,3145 1635,3145 1680,3145 1725,3142 1769,3142 1814,3139 1859,3139 1904,3139 1949,3136 1993,3139 2038,3136 2083,3133 2128,3133 2172,3130 2217,3130 2262,3127 2307,3127 2351,3130 2396,3127 2441,3127 2486,3125 2531,3125 2575,3125 2620,3125 2665,3125 2710,3125 2754,3122 2799,3119 2844,3116 2889,3116 2933,3116 2978,3116 3023,3116 3068,3113"/>
                <TextEquiv>
                    <Unicode>Geschichte, die zehn Jahre lang währt,</Unicode>
                </TextEquiv>
            </TextLine>
            <TextLine id="tr_2_tl_7" custom="readingOrder {index:6;}">
                <Coords points="1063,3387 1256,3397 1419,3313 1472,3338 1561,3303 1703,3338 2047,3295 2181,3336 2184,3226 2113,3209 1714,3249 1500,3206 1292,3259 1070,3206"/>
                <Baseline points="1080,3316 1110,3316 1155,3316 1199,3313 1244,3313 1289,3313 1334,3313 1378,3310 1423,3307 1468,3304 1513,3301 1558,3301 1602,3298 1647,3295 1692,3295 1737,3292 1781,3292 1826,3292 1871,3292 1916,3289 1960,3289 2005,3286 2050,3286 2095,3286 2140,3289 2187,3292"/>
                <TextEquiv>
                    <Unicode>Egon: Die arme Mama!</Unicode>
                </TextEquiv>
            </TextLine>
            <TextLine id="tr_2_tl_8" custom="readingOrder {index:7;}">
                <Coords points="2690,3328 2794,3315 2881,3323 2919,3310 2942,3326 3000,3308 3033,3338 3076,3341 3079,3270 3033,3265 3015,3249 3003,3257 2982,3239 2919,3267 2860,3242 2825,3257 2794,3249 2751,3275 2693,3252"/>
                <Baseline points="2707,3322 2728,3319 2772,3316 2817,3313 2862,3310 2907,3310 2951,3310 2996,3307 3041,3307 3086,3313"/>
                <TextEquiv>
                    <Unicode>untr rw</Unicode>
                </TextEquiv>
            </TextLine>
            <TextLine id="tr_2_tl_9" custom="readingOrder {index:8;}">
                <Coords points="1075,3486 2822,3468 3089,3430 3092,3341 1078,3382"/>
                <Baseline points="1092,3468 1125,3465 1170,3462 1214,3462 1259,3459 1304,3459 1349,3459 1393,3459 1438,3456 1483,3453 1528,3450 1572,3450 1617,3447 1662,3447 1707,3447 1752,3447 1796,3447 1841,3447 1886,3447 1931,3444 1975,3444 2020,3441 2065,3438 2110,3438 2154,3438 2199,3438 2244,3438 2289,3435 2334,3435 2378,3432 2423,3432 2468,3429 2513,3429 2557,3426 2602,3426 2647,3426 2692,3426 2736,3423 2781,3420 2826,3420 2871,3420 2916,3417 2960,3414 3005,3414 3050,3414 3095,3414"/>
                <TextEquiv>
                    <Unicode>Satan: Du weisst sehr gut, dass ich dei-</Unicode>
                </TextEquiv>
            </TextLine>
            <TextLine id="tr_2_tl_10" custom="readingOrder {index:9;}">
                <Coords points="1075,3656 2481,3626 2588,3600 2591,3537 2120,3473 1915,3544 1081,3547"/>
                <Baseline points="1092,3626 1116,3623 1161,3623 1205,3620 1250,3620 1295,3617 1340,3617 1384,3614 1429,3614 1474,3611 1519,3611 1563,3608 1608,3608 1653,3605 1698,3605 1743,3602 1787,3602 1832,3602 1877,3602 1922,3602 1966,3602 2011,3599 2056,3599 2101,3599 2146,3596 2190,3596 2235,3593 2280,3593 2325,3590 2369,3590 2414,3587 2459,3587 2504,3584 2548,3587 2593,3587"/>
                <TextEquiv>
                    <Unicode>me Mutter immer geliebt habe.</Unicode>
                </TextEquiv>
            </TextLine>
            <TextLine id="tr_2_tl_11" custom="readingOrder {index:10;}">
                <Coords points="1093,3824 1655,3842 1884,3755 2255,3854 2481,3771 3043,3765 3094,3626 1096,3699"/>
                <Baseline points="1107,3784 1125,3778 1170,3784 1214,3781 1259,3778 1304,3778 1349,3775 1393,3775 1438,3772 1483,3769 1528,3766 1572,3763 1617,3760 1662,3760 1707,3757 1752,3757 1796,3754 1841,3754 1886,3754 1931,3754 1975,3751 2020,3751 2065,3751 2110,3748 2154,3745 2199,3745 2244,3748 2289,3745 2334,3742 2378,3742 2423,3742 2468,3742 2513,3739 2557,3739 2602,3736 2647,3733 2692,3730 2736,3733 2781,3733 2826,3730 2871,3730 2916,3727 2960,3727 3005,3724 3050,3724 3095,3721"/>
                <TextEquiv>
                    <Unicode>Egon: Und kan kann dir eigentlich nicht</Unicode>
                </TextEquiv>
            </TextLine>
        </TextRegion>
    </Page>
</PcGts>
