3416 4088
2685 280 2870 450 206
1017 484 2119 701 (Befremden der Andern)
997 613 2863 825 Fliederbusch: Verzeihen Sie mein Zö-
1000 766 2668 966 gern. Es ist schon vorüber. Aber
1005 975 2664 1141 Sie werden begreifen, meine Frau,
997 1102 2887 1267 mein Kind,es ist doch immerhin - Al¬
1002 1231 2783 1401 so, ich lege mein Schicksal in Ihre
995 1404 2739 1591 Hände, meine Herren und nun lassen
1019 1550 2924 1756 Sie mich gehn, ich will meine Frau und
1012 1708 2415 1880 mein Kind noch einmal sehn.
1024 1820 2756 2014 Obendorfer: Halt,halt! Wir müssen
1024 2031 2155 2189 doch noch besprechen -
1022 2136 2814 2377 Fliederbusch: Ich werde zur Stelle
1027 2364 1301 2501 sein.
1048 2454 2929 2676 Obendorfer: Zu welcher Stelle. Es ist
1034 2630 2651 2805 doch noch gar nichts abgemacht.
1044 2763 3002 2977 Fliederbusch: Nun wir könnten ja viel-
1061 2870 2885 3128 leicht gleich jetzt - Es gibt einen
1058 3053 2841 3274 wundervollen Platz im Prater,zwei-
1048 3221 2878 3398 hundert Schritte weit vom Lusthaus,
1065 3371 2741 3559 ein kleiner Weg führt bis zu der
1058 3556 1807 3719 Lichtung hin -
