3400 4056
2689 278 2866 413 302
995 451 2894 649 eine Ahnung gesagt hat, das das Duell
1000 585 2882 776 unblutig verlaufen wird, habe ich mir
1014 734 2911 929 erlaubt, für ein Trühstück im Lusthaus
1010 910 2897 1116 Sorge zu tragen. Darf ich Sie bitten
1019 1047 2797 1222 meine Gäste zu sein? Ich hoffe,Sie
1028 1196 2830 1411 werden sich für die kurze Frist al-
1028 1344 2873 1540 le ganz gut vertragen. Wenn Sie sich
1050 1488 2930 1675 vom Tische wieder erheben kann ja der
1038 1687 2823 1842 wilde Kampf der Ueberzeugungen von
1047 1833 2849 1998 Neuem beginnen. Fink gegen Flieder.
1052 1920 2819 2158 busch und Fliederbusch gegen Fink.
1080 2099 2871 2314 (Kunz könnte irgendwie für die in-
1059 2274 2861 2439 nere Lösung der Sache verwendet wer¬
1071 2418 2934 2597 den, müsste schon im 2.Akt vorkommen.
1071 2562 2708 2748 Das absolut erlösende Wort aber
1078 2736 2764 2901 müsste wohl von Fanny gesprochen
1092 2920 1467 3052 werden)
1125 2996 2984 3208 (Evident ist auch, dass eine Entschei-
1106 3170 2963 3352 dung erfolgen muss,dass gewissermas-
1106 3342 2984 3510 sen der lange in Fliederbusch latent
1116 3493 2892 3701 gewesene Snobismus wie eine akute
