3464 4120
2957 286 3134 533 159
1098 505 2890 691 Der alte Satan kommt.-Schromm. von.
1101 707 2865 888 Satan; (sehr aufgeräumt) Guten Tag.
1107 818 3054 962 Grüss Sie Gott, lieber schromm. Die Sa-
1118 982 3104 1159 che ist so gut wie abgemacht. Der Graf
2513 1076 2696 1212 for
1110 1134 2943 1304 war von allem vollkommen entzückt.
1226 1257 2954 1503 I am best Ihr...- At en taille.
1148 1434 2743 1670 Aber - in wede je clercet.
1043 1559 2710 1795 La Roi un + die jeune sorte.
838 1681 2721 1939 We gafuill theus clercal fit
796 1786 2910 2017 ui un clouvit beginnen, clep... un
405 1786 791 1983 in
330 1944 707 2086 jouai
754 1953 2840 2186 Tuit is it avec le mois - de les
333 2053 688 2208 teen
774 2091 3001 2313 lesei...  u. stelle die vor- u schied
355 2172 558 2272 mi.
774 2252 2935 2466 der klein jude de dies Herr.. in ters
302 2261 680 2413 theire
302 2385 727 2563 Welt
774 2399 2175 2641 en eigertler - weder.
793 2574 1623 2777 vos en fällt.
705 2699 2641 2885 Schrön. ich das alle in die Heur.
674 2851 2763 3071 Sal cil dos est un 1. octob an
768 3004 2896 3290 Egr. Rei Trivolität. er cit till darf
1351 3362 1894 3567 Actschaft
