3400 4120
921 312 1261 547 2 ct
257 526 1465 767 Burch. It believe
346 745 2022 893 Dans Clédé. Das Bildk de Turzler
337 887 2291 1057 Sie hebt dort jnt aus.- Erste Seite...
331 940 2819 1218 drosser en chemin de Beatt. Heut est Ermercke
386 1091 1348 1267 Der Verkant geht sich
386 1202 1688 1413 his dircken dicuvel 2000.
414 1335 2884 1632 Man quicht davon daß das Blatt verhaist ind:- (1)
467 1425 1790 1657 fit de Heur Sater schonda?
485 1570 2371 1815 Der junge Herr schon da? - (ter herstil)
