3416 4104
2762 339 2963 520 173
1079 479 2864 723 gar nicht. Aber ich fürchte,es wird
1086 658 3004 844 dich langweilen. (absichtlich) Lieber
1074 815 2861 1047 Herr Abendstern, Sie können sich ja
1088 999 2975 1180 denken, es handelt sich hauptsächlich
1098 1125 3028 1333 darum, wie ich mich heute Abend Leuch
641 1217 934 1386 da al
1101 1301 2927 1475 ter gegenüber zu verhalten habe. Sie
583 1340 989 1519 Ausrede.
1091 1449 2970 1606 kennen ihn besser als ich. Ich möchte
1105 1575 2985 1785 nicht gleich im Anfang auf Grund ei-
1103 1751 1833 1942 nes Artikels -
1108 1875 3052 2066 Abendstern: Hat ihn die Frau Gemahlin
1115 2080 1563 2237 gelesen?
1125 2187 1792 2390 Fanny: (nickt)
1125 2339 2999 2557 Abendstern: Wie Ihre Augen le ichten.
1125 2508 3004 2668 Sie haben wohl gar nicht gewusst, was
1134 2636 2968 2883 für einen hochtalentierten Mann Sie
1134 2854 1466 3004 haben.
1139 2987 3074 3164 Flie derbusch: Liebes Kind,es ist halb
1146 3115 3026 3285 fünf, du woltest mit dem Zug fünk Uhr
1144 3270 2143 3452 fünfzehn wegfahren.
1156 3374 3094 3633 Fanny: Ich könnte am Ende auch mit ei-
1159 3546 3084 3773 nem späteren Zug,wir sind ja in einer
