3480 4184
2548 333 2734 476 257
1069 500 2807 738 weislich oder gar für erwiesen zu
1076 724 1448 864 halten.
1074 798 2986 988 Fliederbusch: Und für Sie,Herr Graf,
1086 943 2879 1179 Graf: - gehn Sie vielleicht in den
2629 1057 2848 1148 Fink
1088 1148 2908 1336 Tod. Wenn Sie das glauben, Herr Flie¬
1107 1283 2810 1438 derbusch, so dürfen Sie nicht mehr
1107 1412 2774 1617 sagen, dass Sie eine Ueberzeugung
1110 1638 1400 1767 haben
1148 1760 2846 1919 (einfacher: Für Ihre Ueberzeugung
1126 1931 1657 2096 denke ich)
1138 2055 2815 2243 Fliederbusch: Aber Sie waren der
1136 2246 1517 2391 Anlass(?
1145 2355 2986 2538 Graf: Es muss auch ganz interessant
1141 2500 2984 2657 sein eine Ueberzeugung zu haben. Die
1150 2638 2946 2829 Meisten, die sich das einbilden, ha¬
1267 2805 3000 2962 ben ja keine, so wenig wie ich. Sie
1160 2934 3034 3155 sind zufällig irgendwo,sie haben ei-
1169 3096 2917 3305 ne Umgebung oder Sie haben wenig
1183 3258 3024 3455 stens eine Sehnsucht.Sie haben eine
1186 3377 3046 3636 Familie,Sie haben einen Neid.gie ha-
1198 3543 3077 3781 ben vielleicht auch nur einen leeren
