3448 4104
2591 227 2949 409 115
339 304 1110 576 Rausch. H.
285 432 1942 717 R. Ich hätte ein trost mit thuen.
2741 480 2997 630 12
297 665 822 841 H. Bill
323 665 2757 988 R. Es jetz Veränderunge vor - ich verhue darauf, dat
352 892 1148 1081 a il envrit seul
365 950 1679 1164 Jl. 14 hebe. heer Cufler
358 1043 2303 1347 R. he haben Eifluss..*  If he derhof
422 1238 2127 1468 [illegible] in ld gebe, gebe tie auch
425 1347 2818 1587 Sie sind in Korbsleplen. Sie heute wird Teil, theissen
419 1433 2812 1692 Sie wäre wicht - Schimpfrare - Sie entfernen sind
473 1635 1497 1868 in selbige Tracht
336 1804 1347 1999 H. Ja - Liebesabenle
371 1878 2633 2102 R. Ist nehens Hoch mitt übel; Es gefaillt mir.
352 2009 2732 2236 She ist will bee bleib. He ist wen Rat
333 2134 2713 2399 Aus wei es in wg. ausländige Blatt nur
355 2335 1814 2559 Ich habe beine Tage geschr.
390 2444 2076 2665 Si in the S.A.veide gel ichuldly.
400 2601 2399 2780 H. 11 bin an Essen meine Carriere. —
377 2751 2946 2972 R. Mon he - in ick pleidel tabe.. at in an
512 2824 2892 3061 Tillanterie brantte... 14 sall en trainem Operek
454 2994 1468 3196 seigneur - et. -
761 3228 1772 3464 in kind anno de
