3448 4104
2732 390 2876 534 74
917 560 2983 706 Dingen zu kommen? Derartige Frivolitäten
917 691 2814 881 haben für unser Publikum längst kein
927 870 1677 1017 Interesse mehr
1425 976 1682 1071 Sas ut
929 991 2650 1153 Kausig: Wir würden es ja auch nie
922 1163 2940 1338 drucken. Aber ich bin überzeugt,Fräulein
917 1304 2847 1502 Farnhold würde sich’s was kosten las-
911 1463 2714 1618 sen, wenn sie sich da a uf verlassen
917 1605 2788 1774 könnte, dass es nicht gedruckt wird.
917 1766 2868 1933 Und dabei würde sie noch das beste Ge
927 1936 2932 2069 schäft machen. Es hätte einfach die Be-
929 2093 2917 2247 deutung einer kleinen Versicherungsprä-
917 2247 1145 2383 mie.
924 2360 2909 2591 Satan: Genug. Sie wissen sehr gut, dass
922 2547 1954 2691 derartige derartige
927 2673 2596 2845 Kausig: Versicherungsgeschäfte.
929 2804 2924 3037 Satan: Seit Jahren von der „Eleganten
917 3019 2894 3132 Welt" nicht mehr entriert worden sind.
914 3143 2783 3307 Wir können Gott sei Dank darauf ver-
927 3286 2768 3446 zichten. Ich will nichts mehr davon
927 3469 1261 3612 hören.
919 3579 2909 3815 Kausig: Du hast einfach Angst vor dei-
