3432 4104
2813 147 2938 267 90
1009 302 2851 485 lich wegen dem Fest bei der Fürstin
1011 414 2856 651 Wendolin.Es läge mir so riesig viel
1011 572 3044 849 daran, wenn ich mitwirken zur Mitwirkung
1347 811 2821 986 Het man das noch weiter jetzt. Skandali
1034 811 1919 983 eingeladen würde.
1039 925 2915 1156 Graf: Nun, es merden sich’s doch alle
1037 1052 3060 1281 zum besondern Glück anrechnen,wenn eins
1042 1245 1995 1451 Zierde der Kunst
1055 1311 2989 1591 Satan: Es wirken ausschliesslich Her-
1067 1484 3052 1736 ren und Damen des Adels mit,Herr Graf,
1070 1662 2961 1903 wie Sie ja wohl wissen dürf een. Sonst
1083 1759 3103 2041 Würde ich ja selbst gern meinen geringen
1085 1949 3100 2193 Einfluss bei Ihrer Durchlaucht der Für-
1090 2152 2551 2340 stin von Wendolin aufbieten
1105 2282 3052 2511 Graf: Ach ja, meine die Fürstin Priska
1103 2384 3149 2663 macht ja das Ganze. Nun, mein liebes Fräi
1126 2600 2475 2800 lein,Sie werden mitwirken.
1123 2770 2066 2971 Emma: Oh, Herr Graf.
1131 2849 3144 3116 Satan: Halten Herr Graf es wirklich für
1131 2989 3136 3225 möglich, dass zu Gunsten einer Dame das
1141 3222 2297 3393 Prinzip durchbrochen —
1146 3321 3144 3537 Graf: Ach so wegen des Adels - Nun, ich
