3464 4104
2765 301 2893 454 93
1009 457 2898 620 Herr Satan hab ich doch wohl den ei-
1024 597 3041 785 gentlichen Besitzer der „Eleganten Welt
1031 795 1934 936 vor mir zu sehen?
1034 891 2960 1089 Satan: Janohl,ich bin der/Herausgeber
1031 1061 2948 1267 und Chefredakteur. Finanziell ist al¬
1036 1204 3046 1395 lerdings die pruckerei und zum geringen
1031 1375 2248 1560 Teil eine Papierfabrik
1046 1548 3008 1731 Graf: Davon später. Das Recht Verhand-
1049 1686 2925 1851 lungen zu führen steht ja jedenfalls
1046 1836 3048 1989 bei Ihnen, Sie sind der Leiter, gewisser-
1039 1974 2910 2163 massen Kopf und Herz dieses Blattes.)
1039 2178 2928 2313 Also kurz und gut.Es besteht bei mir
564 2210 993 2408 Mrs Hèscher
1051 2288 3026 2449 und einigen meiner politischen Freunde
1064 2464 2933 2599 die Geneigtheit Ihr Blatt zu kaufen.
512 2504 948 2637 in eine pol.
504 2587 978 2790 prippe die
1051 2602 2935 2750 mit Ihrem Blatt in nähere Verbindung
1049 2735 2933 2920 zu treten (über deren Modalitäten wir
1064 2873 2898 3076 natürlich erst sprechen können, wenn
1064 3038 3076 3229 wir erst im Prinzip einig sind.Es würde
1061 3204 2940 3382 sich vor allem darum handeln von Be-
1064 3322 3005 3547 ginn des nächsten Jahres an aus Ihrer
1064 3485 2995 3723 Sonntagszeitung eine täglich erschei-
