3416 4120
2698 289 2887 447 163
1048 432 2884 628 Fliederbusch: Danke, danke. Ich habe
1050 583 2982 776 schon rasch - es blieb mir nichts an¬
1048 716 2955 935 deres übrig als mir in die pedaktion
1055 917 2683 1063 eine etwas kommen zu lassen. Wir
1048 1040 2573 1231 hatten so viel zu besprechen.
1055 1171 2749 1404 Fanny: Gibts irgend etwas neues?
1063 1359 2676 1575 Fliederbusch: Vorläufig nichts.
1053 1505 2962 1729 Fanny: Was sagen die Leute zu deinem
1058 1683 1510 1862 Art ike 1?
1741 1751 2256 1879 in meinem.
1073 1794 2985 1997 Fliederbusch: Er scheint einiges Auf-
1070 2002 1864 2158 sehn zu machen.
1073 2090 2957 2317 Fanny: Das kann ich mir wohl denken.
1078 2266 2349 2482 Fliederbusch: Ja richtig
1103 2442 3035 2628 (Besser sie bringt ihm etwas zu essen
1085 2540 2749 2751 und er isst während dieser Zeit)
1083 2703 3098 2907 Fliederbusch: Was sagst denn du eigent-
1093 2872 2957 3095 lich dazu? Du hast ihn wohl auch ge-
1103 3068 1435 3239 lesen?
1093 3156 2784 3382 Fanny: Ja’gleich nachdem du fort
1093 3389 1404 3548 warst.
1090 3482 2751 3696 Fliederbusch: Nun, was sagst du?
