3432 4120
2714 376 2854 502 48
963 513 2749 705 Füllmann: Aber politische. Ich will
963 642 2900 867 schreiben, was mir am Herzen liegt nicht
960 840 2969 966 was Herr Leuchter von mir verlangt, will
958 974 2645 1152 sagen, was meine Ueberzeuging ist
2491 1040 2993 1188 sus Tarlone
933 1122 2793 1342 Abendstern: So kandidieren Sie. Das
952 1314 2892 1495 kost auch weniger als ein Blatt grün
966 1482 1183 1594 den.
974 1523 2963 1770 Füllmann: (Ich bin kein Redner) Ich brau-
1462 1709 1855 1814 Spraduct.
963 1767 2980 1929 che ein Blatt) habe keine Lust über Ma¬
960 1910 2099 2085 zedonien zu schreiben.
1611 1976 2766 2110 Was regen sie sich auf -
955 2085 2955 2203 Abendstern: Sie werden es ja doch tun,
960 2255 2634 2368 Füllmann: Heute zum letzten Mal.
977 2379 2947 2532 Abendstern: Das haben Sie schon oft ge
387 2439 936 2653 he wllen d
966 2511 2958 2727 sagt geradeso.lieber Füllmann, wie ich
966 2653 2799 2823 gegenüber Herrn Kajetan die erbenene
960 2804 2993 2985 Milde werde walten lassen. Ich bitte Sie
966 2974 2760 3150 warum nicht.) Im Grunde ist es doch
960 3120 2815 3323 wirklich wurscht. (Die Nachwelt wird
974 3279 2911 3474 auf KHerrn Kajetan soheut pfeifen wie
1432 3402 1564 3482 r
958 3432 2864 3638 auf mich Also tun wir Herrn Leuchter
412 3474 862 3668 + Rdeit:-
969 3600 2906 3737 den Gefallen.Die ganze Wahrheit könnt
466 3737 2670 3921 Hores he, Abenstler... Sie eerbrechen. The being with Heim
829 3855 1262 3959 alle & to
