3448 4136
2909 391 3051 581 23
1082 444 1932 670 afrika vermutet.
1097 661 3096 880 Frühbeck: Was hat er denn dort zu tun?
1094 870 2792 1027 Fliederbusch: Ja, wer das wüsste.
1099 997 3036 1191 Kajetan: (im Zimmer hin und her), nimmt.
1099 1159 2996 1331 der Reihe nach eine Anzahl Bücher in
1102 1304 3058 1483 die Hand, die zum Teil noch eingeschla-
2986 1413 3066 1483 G.H.
608 1423 962 1575 Roman vor.
1094 1488 2839 1633 gen auf einem Tisch hinten liegen.
1094 1633 2944 1805 Was ist das? Ah, Rezensionsexemplare.
1084 1762 3016 1929 Nehm ich mit. Das auch. Bringe nächsten
1082 1944 3061 2094 Sonntag die Besprechung. (er packt die
1079 2094 2313 2208 Bücher in seine Tasche).
1072 2253 3018 2403 Obendorfer: Das ist ja kroatisch.Das
1082 2398 2527 2497 verstehn Sie doch gar nicht.
1067 2502 3036 2717 Kajetan: Warum? Ganz ähnlich wie slo-
1067 2704 1496 2834 wenisch.
1072 2826 2914 3028 Obendorfer: Seit wann verstehen Sie
1057 2993 1914 3116 denn slowenisch?
1057 3151 2866 3340 Kajetan: Versteh ich ja auch nicht
1057 3313 3048 3524 haha! (er stopft die Bücher in die Ta-
1057 3450 1324 3634 sche)
1044 3594 2861 3794 Metteur: (kommt,bringt Korrekturen).
