3448 4168
2762 368 2950 515 102
958 528 2986 739 wonnen. Zwei junge Damen waren an Ihren
966 680 2958 868 Tisch. Nicht gerade aus Ihren Kreisen.
376 734 773 915 Le cive est
976 824 2976 1043 Graf: Sehr richtig. Wir hatten sie eben
384 894 909 1074 in unam preis.
971 1025 1767 1180 kennen gelernt.
971 1154 3045 1332 Fliederbusch: Sie,Herr Graf,hatten einen
989 1319 2929 1466 weichen grauen Hut, einen sehr chickan
989 1417 2937 1633 allerdings,aber es wunderte mich doch
2074 1569 2262 1664 zum
989 1595 2829 1780 ein wenig, da man doch) xx Derby noch
1000 1762 3012 1917 den Zylinder trägt. Aber Sie sahen aus,
997 1896 2942 2102 Herr Graf, kurz, Sie waren für mich der
1012 2064 2901 2254 Inbegriff ritterlicher Schönheit und
1010 2254 1440 2409 Eleganz.
1023 2396 2064 2592 Graf: Ohne Zylinder?
1018 2514 2906 2684 Fliederbusch: Gerade das war es viel¬
1378 2636 2231 2795 Tiedurftes nich ullisten
1033 2659 2973 2844 leicht. Weniger Tage vorher hatten Sie
1033 2824 3092 3001 mit dem jungen Wahrmann ein Duell gehabt
1038 2937 3030 3156 und trugen noch den Arm in der Schlin-
1049 3120 2976 3336 ge. Was Sie mit Ihren Bekannten spra-
1056 3300 3048 3483 chen konnte man nicht recht hören, aber
1061 3442 2955 3614 Ihre Stimme klang so, so, wie soll ich
1059 3591 2885 3785 nur sagen,so wundervoll affektiert.
