3480 4152
2777 370 2971 519 106
1036 512 2434 723 Graf: Sie wollen wirklich -
1036 690 2623 877 Satan: Herr Graf glauben nicht
1031 864 2971 1031 Graf: Ich habe selbstverständlich kei
1036 998 3009 1182 nerlei Recht mich in redaktionelle
1028 1139 2870 1333 Angelegenheiten zu mischen,aber ich
1036 1275 3021 1484 glaube diese (etwas persönliche) Polemik
1033 1462 2966 1668 (sie hat zumindes in der letzten Zeit
1031 1603 2916 1772 einen persönlichen Ton angenommen.)
1033 1751 2948 1968 hat ihren Zweck erfüllt (und es schie-
1036 1928 3047 2071 ne mir an der Zeit, dass sich Ihr Blatt
1038 2064 3019 2271 wieder in den Dienst grosser allgemei-
1036 2225 2969 2404 ner Fragen stelle. Ich wüsste manches
1036 2384 2928 2565 Thema für Sie, Herr Fink, das Ihrer Fe-
1038 2548 1882 2719 der würdig wäre.
1041 2676 2976 2903 Fliederbusch: Ich wäre glücklich,Herr
1043 2863 1285 3019 Graf
1048 2943 3032 3175 Graf: Wir wollen bei Gelegenheit darü.
1041 3122 2986 3316 ber sprechen.Lassen sie mich für hat
1043 3309 3067 3490 nur ein paar Schlagworte aussprechen,
1043 3450 3034 3651 die in einem politisch so feinen Geist
1046 3611 2822 3815 zweifellos nachwirken werden. Ehe-
