3400 4120
1022 476 2847 707 terung zum Rennen gingen.Du bittest
1025 687 2847 853 mihh,da du verhindert sein dürftest
1030 856 2867 1027 im Andenken an unsere alte Kamerad-
2439 979 2568 1085 ne
1027 1004 2913 1183 schaft an deiner Statt den morgigen
1032 1145 3021 1364 Rennbericht für die „Elegante Welt" zu
1030 1327 2963 1505 schreiben. Du rätst mir ein Pseudonym
1030 1443 2225 1641 zu Wählen. Ich wähle es.
1030 1596 1621 1810 styx: Fink?
1040 1732 3059 1936 Fliederbusch: Janohl, Fink. Deine Ahnung,
1037 1893 3018 2087 dass du verhindert sein dürftest,trügt
1040 2059 3036 2253 dich nicht. Mitten während der Verhand-
1032 2190 2971 2389 lung wirst du verhaftet. Die Verhand-
1037 2366 3059 2565 lung wird vertagt. Mit einem wehmütigen
1030 2525 2976 2681 Blick nimmst du von mir Abschied. Ich
2022 2656 2867 2769 if him by persied
1032 2674 2925 2870 schreibe den Artikel, ich stelle mich
322 2794 909 2915 mit einen als
1022 2845 2971 3021 Herrn Satan vor er ist befriedigt, ich
312 2900 801 3099 Trip in der
1032 2981 2905 3187 schreibe weitere Artikel,er ist ent-
284 3099 931 3253 toutes emen
378 3180 866 3328 sal de noue
1037 3134 3006 3311 rückt,ich schreibe dies und das, ich ma-
370 3321 496 3477 P.
1032 3288 2971 3469 che mich unentbehrlich, der Absatz des
1030 3441 1787 3643 Blattes steigt
1035 3603 2935 3849 Styx: Ich danke dir für deine Vertre.
