3432 4088
2704 338 2879 528 146
944 513 2416 789 Fürstin: Aber Herr von Fink.
946 666 2794 944 Fliederbusch: Nun,Durchlaucht, Ihnen
964 826 2872 1047 gegenüber gibt’s freilich keine Lüge.
954 991 2942 1254 Fürstin: Es hätte auch wirklich keinen
959 1187 2702 1324 Sinn. Also wirklich auf Pistolen?
961 1352 2747 1550 Na ja.Ein beleidigter Ehemann,wahr
974 1517 2441 1665 scheinlich oder ein Bruder?
986 1670 2919 1800 Fliederbusch: So-so glücklich bin ich
991 1813 2972 1950 leider nicht. Da wüsste man doch wenig-
986 1920 2997 2093 stens wofür.Mein Gegner Durchlaucht, ist
994 2121 2912 2276 einklezner Journalist wie ich selbst.
996 2291 2867 2461 Fürstin: Na nur nicht so bescheiden.
991 2429 2774 2616 Im übrigen auch Journalisten haben
991 2599 2201 2782 Frauen oder Schwestern.
1007 2649 3004 2949 Fliederbusch: Durchlaucht überschätzen
1004 2862 2762 3085 mich. Es ist ein ganz gewöhnlichst
1004 3055 1763 3197 Zeitungsduell.
1019 3110 2994 3398 Fürstin: Ach so. Wegen dieser Polemik.
1019 3320 2439 3533 Ist denn das so ausgeartet?
1019 3443 2964 3731 Fliederbusch: Die Ehre unseres Blattes
