3464 4152
2714 294 2852 419 98
921 437 2862 627 Satan: Das „von" (um Missverständnissen
926 617 2767 820 nicht ausgesetzt zu sein möchte ich
933 718 2913 961 doch lieber gleich bemerken, dass Herr
931 908 2915 1121 Fink,wie er mir selbst mitgeteilt hat,
948 1039 2730 1287 nar mütterlicherseits von Adel ist
951 1244 2835 1432 und ich selbst habe vorgeschlagen -es
958 1352 2968 1553 ist bei unserm Blatt so üblich,es wirkt
958 1518 2807 1731 nach Aussen besser,es hat natürlich
968 1698 2785 1872 nur die Bedeutung eines Pseudonyms.
976 1789 2960 2060 Graf: Ganz recht. Er ist schon lang bei
983 2010 2150 2193 Ihrem Blatt engagiert?
983 2125 3003 2356 Satan: Nein, Herr Graf,und wir verdanken
374 2213 828 2378 Er brachte mir
991 2296 2840 2489 es eigentlich nur einem sonderbaren
386 2353 798 2506 den Colifel.
986 2436 2998 2679 Zufall. Wir hatten da nämlich einen Mit-
406 2544 702 2689 under
996 2571 2985 2792 redakteur, der x wegen Familienverhält-
1006 2752 2760 2963 nissen die Stadt verlassen musste,
1014 2910 2842 3093 ziemlich plötzlich, und der schickte
1021 3036 2955 3274 uns an seiner Statt einen jungen Men-
1026 3194 2968 3384 schen herauf mit dem Bericht über das
1036 3372 2765 3582 erste Frühjahrsrennen.Ex war recht
1034 3520 2825 3713 hübsch geschrieben,er brachte uns
