3416 4120
2974 384 3095 529 59
1199 521 3100 683 D.a.Fliederbusch: Kannst du mir zehn
1221 702 2275 846 Gulden vorschiessen?
1213 815 2932 1007 Fliederbusch: Leider, leider, Wiel
1225 988 3079 1157 leicht, dass meine Frau zuhause noch
1225 1116 2955 1334 D.a.Fliederbusch: Von deiner Frau
1216 1280 3067 1436 komm ich eben. Sie hat leider nichts.
1213 1427 3036 1638 Sie ist überhaupt sehr unglücklich.
1216 1586 3100 1740 Aber das gehört auf ein andere Blatt.
1216 1785 3031 1934 Wir reden davon. wenn ich wieder zu¬
1216 1910 1737 2064 rückkomme.
1213 2050 2835 2242 Fliederbusch: Warum hast du dir
1221 2233 2967 2349 nicht vom Konsortium das Notwendige
1216 2387 2228 2522 vorstrecken lassen?
1216 2531 3034 2657 D.a.Fliederbusch: Das ist schon ge-
1221 2669 1642 2823 schehen.
1216 2811 3114 2944 Fliederbusch: Ja, ich bin leider abso-
1213 3003 2356 3131 lut nicht in der Lage.
1211 3095 2991 3316 D.a.Fliederbuseh: Hm. Ich gebe dir
1218 3249 3069 3422 zu bedenken,dass damit die ganze Af-
1223 3439 2993 3633 faire ins Wasser fallen könnte. Und
1235 3581 3000 3780 es wäre schade. Wegen lampiger zehn
