3304 4088
2714 318 2891 457 143
956 504 2966 658 stören, aber da könnt ich Ihnen mancher-
946 679 1635 822 lei erzählen.
956 749 2977 969 Fliederbusch: Das sind keine Illusionen
964 961 2808 1148 Durchlaucht, ich möcht es eher einen
946 1138 1748 1286 Glauben nennen.
959 1213 2896 1455 Fürstin: (Drum bin ich ja so unbeliebt
959 1397 2795 1574 gerade in meinen Kreisen. Ich werde
959 1511 2982 1728 gewissermassen als Verräterin angesehn.
966 1705 2797 1877 Ich finde, wir sind degeneriert. Auf
961 1836 2903 2043 irgend eine Weise müssen wir uhs wie
959 2013 2911 2217 der verjüngen. Die Zukunft liegt doch
974 2159 2972 2348 bei den Leuten.die aus der Tiefe empor-
964 2341 2921 2533 steigen oder sagen wir wenigstens von
976 2528 1299 2656 unten.
984 2618 2982 2823 Fliederbusch: Ich bin beglückt von dem
207 2626 699 2810 Ich habaut
986 2767 3012 2982 Vertrauen, dessen mich Durchlaucht würdi
192 2762 860 2936 den Leodgelebt
174 2888 795 3030 Wm Valer which
159 2982 769 3130 i en lis
984 2966 1208 3171 gen.
114 3077 729 3221 in de Mëlle m
956 3065 2540 3302 me tnve dei he n den Blatt..
134 3201 520 3393 tobennest.
1057 3229 2162 3421 Reue I die Fraut Filie e
1006 3327 2823 3552 "Revaluter- Eine Unurspreuil ist u de
1004 3494 2717 3736 9 t gehopft worde... was het offentée
1044 3635 2026 3837 bessern auf aus der
1034 3769 3057 3902 1 bonn t cue toi - Ist Ces oui underne het le
