<?xml version="1.0" encoding="UTF-8" standalone="yes"?>
<PcGts xmlns="http://schema.primaresearch.org/PAGE/gts/pagecontent/2013-07-15" xmlns:xsi="http://www.w3.org/2001/XMLSchema-instance" xsi:schemaLocation="http://schema.primaresearch.org/PAGE/gts/pagecontent/2013-07-15 http://schema.primaresearch.org/PAGE/gts/pagecontent/2013-07-15/pagecontent.xsd">
    <Metadata>
        <Creator>prov=READ-COOP:name=TrHtr:version=2.1.0:model_id=51170:date=30_07_2023_06:35</Creator>
        <Created>2023-05-10T13:33:18.688+02:00</Created>
        <LastChange>2023-07-30T06:35:28.556+02:00</LastChange>
        <TranskribusMetadata docId="1428582" pageId="55412827" pageNr="82" tsid="131485586" status="IN_PROGRESS" userId="64420" imgUrl="https://files.transkribus.eu/Get?id=SZCMIIOFEXUWCOHQDCNIXIPS&amp;fileType=view" xmlUrl="https://files.transkribus.eu/Get?id=EDCHIWBZCVXAOOVESFDBWXOY" imageId="44686968"/>
    </Metadata>
    <Page imageFilename="1428582_0082.jpg" imageWidth="3432" imageHeight="4104">
        <ReadingOrder>
            <OrderedGroup id="ro_1711791371349" caption="Regions reading order">
                <RegionRefIndexed index="0" regionRef="tr_1"/>
            </OrderedGroup>
        </ReadingOrder>
        <TextRegion id="tr_1" custom="readingOrder {index:0;}">
            <Coords points="194,436 2990,436 2990,3723 194,3723"/>
            <TextLine id="tr_1_tl_1" custom="readingOrder {index:0;}">
                <Coords points="2778,517 2818,507 2826,499 2846,514 2864,507 2874,517 2889,509 2909,514 2911,409 2886,406 2871,416 2838,389 2816,389 2781,401"/>
                <Baseline points="2793,489 2826,489 2871,486 2916,486"/>
                <TextEquiv>
                    <Unicode>80</Unicode>
                </TextEquiv>
            </TextLine>
            <TextLine id="tr_1_tl_2" custom="readingOrder {index:1;}">
                <Coords points="973,702 2984,675 2929,567 973,549"/>
                <Baseline points="987,656 1020,656 1065,656 1110,653 1155,653 1199,653 1244,653 1289,653 1334,653 1378,653 1423,653 1468,653 1513,653 1558,653 1602,653 1647,650 1692,650 1737,650 1781,650 1826,650 1871,650 1916,650 1960,650 2005,650 2050,650 2095,650 2140,647 2184,647 2229,647 2274,647 2319,647 2363,647 2408,647 2453,647 2498,647 2542,644 2587,644 2632,644 2677,641 2722,644 2766,644 2811,644 2856,641 2901,641 2945,638 2990,641"/>
                <TextEquiv>
                    <Unicode>scherzen). Du bist ein unverschämter Jun</Unicode>
                </TextEquiv>
            </TextLine>
            <TextLine id="tr_1_tl_3" custom="readingOrder {index:2;}">
                <Coords points="970,898 1858,800 2854,830 2838,710 973,737"/>
                <Baseline points="987,817 1023,817 1068,814 1113,811 1158,811 1202,808 1247,808 1292,811 1337,811 1381,808 1426,805 1471,805 1516,808 1561,808 1605,805 1650,802 1695,805 1740,802 1784,802 1829,802 1874,802 1919,799 1963,799 2008,802 2053,802 2098,802 2143,802 2187,802 2232,802 2277,799 2322,799 2366,799 2411,799 2456,799 2501,796 2545,796 2590,796 2635,796 2680,796 2725,796 2769,793 2814,793 2859,796"/>
                <TextEquiv>
                    <Unicode>ge. Du tust dir etwas zu viel darauf</Unicode>
                </TextEquiv>
            </TextLine>
            <TextLine id="tr_1_tl_4" custom="readingOrder {index:3;}">
                <Coords points="965,1006 1527,985 1637,1048 1998,963 2836,990 2899,978 2899,880 2598,832 2307,893 965,898"/>
                <Baseline points="978,961 1023,961 1068,961 1113,961 1158,961 1202,961 1247,961 1292,961 1337,961 1381,958 1426,958 1471,958 1516,958 1561,958 1605,955 1650,958 1695,955 1740,958 1784,955 1829,952 1874,952 1919,952 1963,952 2008,952 2053,952 2098,952 2143,952 2187,952 2232,952 2277,952 2322,949 2366,946 2411,949 2456,949 2501,949 2545,949 2590,946 2635,949 2680,949 2725,949 2769,949 2814,946 2859,946 2904,949"/>
                <TextEquiv>
                    <Unicode>zugute, dass du einmal mit der Pistole</Unicode>
                </TextEquiv>
            </TextLine>
            <TextLine id="tr_1_tl_5" custom="readingOrder {index:4;}">
                <Coords points="970,1191 1214,1191 1352,1153 1404,1179 1454,1161 1487,1181 1590,1176 1590,980 1384,993 1289,1051 970,1028"/>
                <Baseline points="984,1107 1029,1107 1074,1107 1119,1107 1164,1107 1208,1107 1253,1107 1298,1110 1343,1107 1387,1107 1432,1107 1477,1104 1522,1104 1566,1104 1596,1107"/>
                <TextEquiv>
                    <Unicode>in der Hand</Unicode>
                </TextEquiv>
            </TextLine>
            <TextLine id="tr_1_tl_6" custom="readingOrder {index:5;}">
                <Coords points="970,1334 1462,1271 2497,1316 2899,1276 2901,1181 2761,1201 2610,1121 2372,1191 973,1191"/>
                <Baseline points="984,1265 1023,1265 1068,1268 1113,1265 1158,1265 1202,1265 1247,1265 1292,1265 1337,1265 1381,1262 1426,1259 1471,1259 1516,1259 1561,1259 1605,1259 1650,1259 1695,1256 1740,1256 1784,1259 1829,1259 1874,1259 1919,1259 1963,1259 2008,1256 2053,1256 2098,1256 2143,1256 2187,1259 2232,1259 2277,1259 2322,1259 2366,1256 2411,1256 2456,1253 2501,1253 2545,1253 2590,1253 2635,1253 2680,1253 2725,1253 2769,1250 2814,1253 2859,1253 2904,1256"/>
                <TextEquiv>
                    <Unicode>Egon: Oh, nicht darauf, aber, dass ich es</Unicode>
                </TextEquiv>
            </TextLine>
            <TextLine id="tr_1_tl_7" custom="readingOrder {index:6;}">
                <Coords points="960,1444 1499,1419 1640,1482 2570,1407 2896,1479 2971,1457 2971,1331 960,1359"/>
                <Baseline points="973,1420 1008,1417 1053,1414 1098,1414 1143,1414 1187,1414 1232,1414 1277,1414 1322,1411 1367,1411 1411,1411 1456,1411 1501,1411 1546,1411 1590,1411 1635,1408 1680,1411 1725,1411 1769,1411 1814,1411 1859,1411 1904,1411 1949,1408 1993,1408 2038,1405 2083,1408 2128,1405 2172,1402 2217,1402 2262,1402 2307,1405 2351,1405 2396,1402 2441,1402 2486,1399 2531,1399 2575,1399 2620,1399 2665,1402 2710,1402 2754,1402 2799,1405 2844,1405 2889,1405 2933,1408 2978,1414"/>
                <TextEquiv>
                    <Unicode>gewissermassen gegen meine Ueberzeugung</Unicode>
                </TextEquiv>
            </TextLine>
            <TextLine id="tr_1_tl_8" custom="readingOrder {index:7;}">
                <Coords points="2071,1497 2312,1489 2447,1515 2613,1487 2670,1499 2670,1434 2570,1409 2395,1467 2247,1414 2136,1464 2071,1459"/>
                <Baseline points="2086,1489 2092,1489 2137,1489 2181,1489 2226,1486 2271,1486 2316,1489 2360,1489 2405,1492 2450,1489 2495,1486 2540,1486 2584,1483 2629,1480 2674,1477"/>
                <TextEquiv>
                    <Unicode>ist berein nicht.</Unicode>
                </TextEquiv>
            </TextLine>
            <TextLine id="tr_1_tl_9" custom="readingOrder {index:8;}">
                <Coords points="968,1605 1274,1645 1462,1585 2101,1617 2264,1567 2435,1632 2736,1615 2796,1610 2798,1472 970,1492"/>
                <Baseline points="981,1566 1011,1563 1056,1566 1101,1566 1146,1566 1190,1566 1235,1563 1280,1563 1325,1563 1369,1563 1414,1563 1459,1563 1504,1563 1549,1561 1593,1561 1638,1563 1683,1563 1728,1563 1772,1561 1817,1561 1862,1561 1907,1561 1952,1561 1996,1563 2041,1561 2086,1563 2131,1561 2175,1561 2220,1561 2265,1561 2310,1558 2354,1561 2399,1561 2444,1563 2489,1561 2534,1561 2578,1558 2623,1558 2668,1555 2713,1558 2757,1555 2802,1555"/>
                <TextEquiv>
                    <Unicode>tun musste. Im übrigen.es war gut,es</Unicode>
                </TextEquiv>
            </TextLine>
            <TextLine id="tr_1_tl_10" custom="readingOrder {index:9;}">
                <Coords points="965,1748 2894,1763 2949,1615 965,1652"/>
                <Baseline points="978,1719 984,1716 1029,1716 1074,1716 1119,1716 1164,1716 1208,1713 1253,1716 1298,1713 1343,1716 1387,1713 1432,1713 1477,1713 1522,1716 1566,1716 1611,1716 1656,1713 1701,1713 1746,1713 1790,1710 1835,1713 1880,1713 1925,1713 1969,1710 2014,1713 2059,1713 2104,1713 2149,1710 2193,1710 2238,1710 2283,1710 2328,1710 2372,1710 2417,1713 2462,1713 2507,1713 2551,1713 2596,1710 2641,1710 2686,1710 2731,1710 2775,1707 2820,1707 2865,1704 2910,1704 2954,1701"/>
                <TextEquiv>
                    <Unicode>hat unserem Blatt nur genützt. Es wird</Unicode>
                </TextEquiv>
            </TextLine>
            <TextLine id="tr_1_tl_11" custom="readingOrder {index:10;}">
                <Coords points="973,1898 2593,1896 2558,1803 2297,1765 1963,1810 1815,1750 1392,1815 1186,1760 973,1810"/>
                <Baseline points="987,1880 1032,1871 1077,1871 1122,1871 1167,1868 1211,1868 1256,1868 1301,1868 1346,1868 1390,1865 1435,1865 1480,1865 1525,1865 1569,1865 1614,1865 1659,1862 1704,1865 1749,1865 1793,1862 1838,1862 1883,1862 1928,1862 1972,1862 2017,1862 2062,1859 2107,1862 2151,1862 2196,1862 2241,1859 2286,1862 2331,1862 2375,1865 2420,1865 2465,1865 2510,1868 2554,1868 2599,1868"/>
                <TextEquiv>
                    <Unicode>jetzt auch niemand mehr wagen...</Unicode>
                </TextEquiv>
            </TextLine>
            <TextLine id="tr_1_tl_12" custom="readingOrder {index:11;}">
                <Coords points="1331,1951 1530,1973 1562,1943 1886,1963 2327,1928 2327,1893 2056,1866 1871,1881 1805,1918 1678,1876 1620,1906 1331,1891"/>
                <Baseline points="1346,1946 1349,1946 1393,1940 1438,1940 1483,1937 1528,1940 1572,1940 1617,1940 1662,1940 1707,1940 1752,1937 1796,1934 1841,1934 1886,1934 1931,1934 1975,1931 2020,1928 2065,1928 2110,1928 2154,1925 2199,1925 2244,1928 2289,1925 2334,1928"/>
                <TextEquiv>
                    <Unicode>Geist in d.... Wienst dir schon</Unicode>
                </TextEquiv>
            </TextLine>
            <TextLine id="tr_1_tl_13" custom="readingOrder {index:12;}">
                <Coords points="963,2041 1958,2079 2625,2021 2823,2069 2891,2054 2891,1931 963,1963"/>
                <Baseline points="976,2026 1017,2023 1062,2023 1107,2023 1152,2023 1196,2023 1241,2026 1286,2023 1331,2023 1375,2020 1420,2020 1465,2020 1510,2020 1555,2020 1599,2020 1644,2017 1689,2020 1734,2020 1778,2020 1823,2017 1868,2017 1913,2017 1957,2017 2002,2017 2047,2014 2092,2014 2137,2014 2181,2014 2226,2014 2271,2014 2316,2011 2360,2011 2405,2011 2450,2011 2495,2011 2540,2011 2584,2011 2629,2011 2674,2011 2719,2011 2763,2008 2808,2008 2853,2008 2898,2008"/>
                <TextEquiv>
                    <Unicode>Satan: Und heute um zwölf will der</Unicode>
                </TextEquiv>
            </TextLine>
            <TextLine id="tr_1_tl_14" custom="readingOrder {index:13;}">
                <Coords points="963,2194 2209,2249 2585,2171 2934,2227 2966,2054 2558,2114 1652,2061 1479,2124 963,2114"/>
                <Baseline points="976,2175 1002,2172 1047,2175 1092,2172 1137,2175 1181,2172 1226,2172 1271,2172 1316,2172 1361,2169 1405,2169 1450,2169 1495,2169 1540,2169 1584,2169 1629,2169 1674,2172 1719,2169 1763,2169 1808,2169 1853,2169 1898,2169 1943,2166 1987,2166 2032,2166 2077,2169 2122,2169 2166,2169 2211,2169 2256,2169 2301,2166 2345,2166 2390,2166 2435,2166 2480,2166 2525,2166 2569,2166 2614,2166 2659,2166 2704,2166 2748,2163 2793,2166 2838,2163 2883,2160 2928,2160 2972,2163"/>
                <TextEquiv>
                    <Unicode>Graf Niederhof kommen. Auch in parlamen</Unicode>
                </TextEquiv>
            </TextLine>
            <TextLine id="tr_1_tl_15" custom="readingOrder {index:14;}">
                <Coords points="404,2267 441,2257 471,2277 572,2249 599,2269 687,2244 737,2259 785,2232 822,2239 827,2156 762,2164 649,2114 597,2134 464,2101 416,2071"/>
                <Baseline points="417,2247 426,2247 471,2247 516,2244 561,2241 605,2241 650,2238 695,2235 740,2232 784,2226 829,2223"/>
                <TextEquiv>
                    <Unicode>offerbe. but</Unicode>
                </TextEquiv>
            </TextLine>
            <TextLine id="tr_1_tl_16" custom="readingOrder {index:15;}">
                <Coords points="328,2352 354,2355 396,2327 414,2329 429,2350 444,2337 461,2347 524,2309 552,2314 559,2262 519,2254 491,2274 481,2267 471,2277 441,2277 416,2252 401,2259 376,2249 341,2249"/>
                <Baseline points="346,2331 382,2328 426,2322 471,2316 516,2310 561,2307"/>
                <TextEquiv>
                    <Unicode>eyly</Unicode>
                </TextEquiv>
            </TextLine>
            <TextLine id="tr_1_tl_17" custom="readingOrder {index:16;}">
                <Coords points="960,2397 1795,2334 2849,2360 2849,2209 2164,2274 1552,2217 1419,2272 963,2252"/>
                <Baseline points="976,2325 1020,2325 1065,2325 1110,2328 1155,2328 1199,2328 1244,2328 1289,2328 1334,2325 1378,2325 1423,2325 1468,2325 1513,2325 1558,2325 1602,2322 1647,2322 1692,2325 1737,2322 1781,2325 1826,2325 1871,2322 1916,2322 1960,2322 2005,2322 2050,2322 2095,2322 2140,2322 2184,2322 2229,2325 2274,2322 2319,2319 2363,2322 2408,2322 2453,2322 2498,2322 2542,2322 2587,2319 2632,2319 2677,2319 2722,2316 2766,2319 2811,2316 2856,2322"/>
                <TextEquiv>
                    <Unicode>tarischen Kreisen werden die Artikel</Unicode>
                </TextEquiv>
            </TextLine>
            <TextLine id="tr_1_tl_18" custom="readingOrder {index:17;}">
                <Coords points="203,2412 258,2432 542,2390 622,2407 715,2395 762,2385 767,2329 687,2324 657,2294 627,2309 594,2284 461,2347 396,2327 354,2355 301,2312 211,2322"/>
                <Baseline points="220,2408 232,2408 277,2405 322,2405 367,2399 411,2393 456,2387 501,2387 546,2384 590,2381 635,2375 680,2372 725,2369 770,2366"/>
                <TextEquiv>
                    <Unicode>du Conseil n</Unicode>
                </TextEquiv>
            </TextLine>
            <TextLine id="tr_1_tl_19" custom="readingOrder {index:18;}">
                <Coords points="221,2548 374,2550 489,2513 622,2540 680,2525 810,2477 820,2380 670,2390 617,2415 589,2402 454,2440 316,2415 233,2425"/>
                <Baseline points="235,2531 280,2531 325,2525 370,2522 414,2516 459,2513 504,2510 549,2507 593,2504 638,2495 683,2492 728,2486 773,2477 817,2465"/>
                <TextEquiv>
                    <Unicode>Tout den letzt</Unicode>
                </TextEquiv>
            </TextLine>
            <TextLine id="tr_1_tl_20" custom="readingOrder {index:19;}">
                <Coords points="975,2508 1226,2538 1382,2495 1565,2540 1652,2487 1755,2533 2109,2485 2254,2543 2422,2505 2422,2392 1830,2432 1545,2372 1404,2430 1216,2377 975,2427"/>
                <Baseline points="990,2480 996,2480 1041,2480 1086,2483 1131,2483 1175,2480 1220,2480 1265,2480 1310,2477 1355,2477 1399,2480 1444,2477 1489,2477 1534,2477 1578,2477 1623,2477 1668,2477 1713,2477 1758,2477 1802,2477 1847,2477 1892,2477 1937,2477 1981,2477 2026,2477 2071,2477 2116,2477 2160,2477 2205,2477 2250,2474 2295,2474 2340,2477 2384,2474 2429,2477"/>
                <TextEquiv>
                    <Unicode>von Fink lebhaft besprochen.</Unicode>
                </TextEquiv>
            </TextLine>
            <TextLine id="tr_1_tl_21" custom="readingOrder {index:20;}">
                <Coords points="955,2718 1489,2648 2949,2665 2949,2538 955,2555"/>
                <Baseline points="970,2635 984,2635 1029,2638 1074,2638 1119,2638 1164,2635 1208,2635 1253,2635 1298,2635 1343,2632 1387,2632 1432,2632 1477,2635 1522,2635 1566,2632 1611,2632 1656,2632 1701,2632 1746,2632 1790,2632 1835,2629 1880,2632 1925,2629 1969,2629 2014,2629 2059,2629 2104,2629 2149,2629 2193,2629 2238,2629 2283,2632 2328,2632 2372,2629 2417,2629 2462,2629 2507,2629 2551,2626 2596,2626 2641,2623 2686,2626 2731,2626 2775,2623 2820,2623 2865,2623 2910,2620 2954,2626"/>
                <TextEquiv>
                    <Unicode>Egon: Natürlich steht das Interesse des</Unicode>
                </TextEquiv>
            </TextLine>
            <TextLine id="tr_1_tl_22" custom="readingOrder {index:21;}">
                <Coords points="178,2683 256,2688 273,2708 328,2676 399,2708 449,2688 534,2721 735,2701 745,2500 634,2553 559,2550 491,2585 446,2555 354,2545 323,2573 261,2553 186,2563"/>
                <Baseline points="194,2662 205,2659 250,2659 295,2656 340,2656 385,2659 429,2662 474,2659 519,2659 564,2653 608,2647 653,2638 698,2632 743,2632"/>
                <TextEquiv>
                    <Unicode>Auslofs gebe</Unicode>
                </TextEquiv>
            </TextLine>
            <TextLine id="tr_1_tl_23" custom="readingOrder {index:22;}">
                <Coords points="963,2803 1632,2854 2701,2793 2934,2846 2954,2663 963,2713"/>
                <Baseline points="976,2787 990,2787 1035,2787 1080,2787 1125,2787 1170,2784 1214,2784 1259,2784 1304,2784 1349,2787 1393,2787 1438,2787 1483,2787 1528,2784 1572,2784 1617,2784 1662,2784 1707,2784 1752,2784 1796,2784 1841,2784 1886,2784 1931,2781 1975,2781 2020,2781 2065,2781 2110,2781 2154,2781 2199,2781 2244,2784 2289,2781 2334,2784 2378,2781 2423,2781 2468,2778 2513,2778 2557,2778 2602,2778 2647,2778 2692,2781 2736,2781 2781,2778 2826,2781 2871,2781 2916,2784 2960,2784"/>
                <TextEquiv>
                    <Unicode>Grafen vor allem damit im Zusammenhang.</Unicode>
                </TextEquiv>
            </TextLine>
            <TextLine id="tr_1_tl_24" custom="readingOrder {index:23;}">
                <Coords points="993,3001 2041,2951 2482,3009 2558,2956 2949,2971 2951,2866 1830,2823 1314,2884 995,2833"/>
                <Baseline points="1008,2948 1032,2945 1077,2942 1122,2942 1167,2942 1211,2942 1256,2942 1301,2942 1346,2942 1390,2942 1435,2942 1480,2942 1525,2939 1569,2939 1614,2939 1659,2939 1704,2945 1749,2945 1793,2939 1838,2939 1883,2942 1928,2942 1972,2939 2017,2936 2062,2936 2107,2936 2151,2936 2196,2933 2241,2933 2286,2933 2331,2936 2375,2936 2420,2933 2465,2933 2510,2933 2554,2931 2599,2931 2644,2933 2689,2933 2734,2933 2778,2933 2823,2931 2868,2931 2913,2931 2957,2933"/>
                <TextEquiv>
                    <Unicode>(sieht auf die Uhr) Ich will doch noch</Unicode>
                </TextEquiv>
            </TextLine>
            <TextLine id="tr_1_tl_25" custom="readingOrder {index:24;}">
                <Coords points="323,3044 381,3062 587,2986 682,3024 742,2996 822,3029 898,3019 898,2929 782,2931 710,2889 687,2904 657,2874 431,2921 376,2879 321,2869"/>
                <Baseline points="334,2987 379,2987 423,2987 468,2984 513,2984 558,2981 602,2984 647,2984 692,2987 737,2987 781,2987 826,2990 871,2990 904,2990"/>
                <TextEquiv>
                    <Unicode>lgu hat in</Unicode>
                </TextEquiv>
            </TextLine>
            <TextLine id="tr_1_tl_26" custom="readingOrder {index:25;}">
                <Coords points="968,3159 1239,3094 1693,3099 1815,3157 2134,3134 2365,3190 2643,3137 2726,3185 2726,3009 2610,2991 968,3014"/>
                <Baseline points="981,3095 984,3095 1029,3092 1074,3092 1119,3092 1164,3092 1208,3092 1253,3092 1298,3092 1343,3092 1387,3092 1432,3095 1477,3092 1522,3092 1566,3092 1611,3089 1656,3092 1701,3092 1746,3089 1790,3089 1835,3089 1880,3089 1925,3089 1969,3089 2014,3089 2059,3089 2104,3089 2149,3089 2193,3089 2238,3089 2283,3089 2328,3086 2372,3089 2417,3089 2462,3089 2507,3086 2551,3089 2596,3089 2641,3089 2686,3092 2731,3092"/>
                <TextEquiv>
                    <Unicode>einmal in die Schwindgasse schaun.</Unicode>
                </TextEquiv>
            </TextLine>
            <TextLine id="tr_1_tl_27" custom="readingOrder {index:26;}">
                <Coords points="251,3169 293,3157 333,3182 421,3169 451,3142 509,3164 715,3124 855,3144 855,3029 795,3014 664,3032 642,3009 604,3027 562,2999 524,3024 491,3009 411,3067 251,3074"/>
                <Baseline points="265,3130 280,3130 325,3127 370,3125 414,3125 459,3122 504,3122 549,3122 593,3122 638,3119 683,3122 728,3122 773,3122 817,3122 862,3125"/>
                <TextEquiv>
                    <Unicode>gestellt den</Unicode>
                </TextEquiv>
            </TextLine>
            <TextLine id="tr_1_tl_28" custom="readingOrder {index:27;}">
                <Coords points="213,3262 306,3247 419,3282 494,3230 534,3257 905,3255 930,3245 930,3139 742,3147 685,3195 557,3142 501,3169 439,3154 376,3207 291,3157 213,3182"/>
                <Baseline points="226,3226 271,3229 316,3232 361,3232 405,3232 450,3232 495,3229 540,3229 585,3229 629,3229 674,3229 719,3229 764,3229 808,3229 853,3226 898,3229 937,3229"/>
                <TextEquiv>
                    <Unicode>hût de m'estre</Unicode>
                </TextEquiv>
            </TextLine>
            <TextLine id="tr_1_tl_29" custom="readingOrder {index:28;}">
                <Coords points="963,3265 1770,3247 1983,3312 2151,3252 2793,3250 2726,3147 963,3157"/>
                <Baseline points="976,3250 1008,3250 1053,3247 1098,3250 1143,3250 1187,3250 1232,3250 1277,3250 1322,3250 1367,3250 1411,3250 1456,3247 1501,3247 1546,3247 1590,3244 1635,3241 1680,3241 1725,3244 1769,3244 1814,3244 1859,3244 1904,3241 1949,3244 1993,3241 2038,3244 2083,3241 2128,3244 2172,3244 2217,3244 2262,3241 2307,3241 2351,3241 2396,3241 2441,3241 2486,3241 2531,3241 2575,3241 2620,3241 2665,3241 2710,3241 2754,3238 2799,3241"/>
                <TextEquiv>
                    <Unicode>Satan: Was hast du denu so dringend</Unicode>
                </TextEquiv>
            </TextLine>
            <TextLine id="tr_1_tl_30" custom="readingOrder {index:29;}">
                <Coords points="198,3380 333,3368 371,3340 454,3365 481,3345 662,3363 782,3400 873,3375 873,3260 785,3297 677,3255 594,3280 504,3235 444,3285 376,3285 306,3250 278,3275 198,3270"/>
                <Baseline points="211,3339 256,3339 301,3339 346,3339 390,3339 435,3336 480,3333 525,3330 570,3330 614,3333 659,3336 704,3339 749,3339 793,3339 838,3342 877,3345"/>
                <TextEquiv>
                    <Unicode>die sehr entge N</Unicode>
                </TextEquiv>
            </TextLine>
            <TextLine id="tr_1_tl_31" custom="readingOrder {index:30;}">
                <Coords points="965,3443 2237,3480 2523,3410 2969,3498 2936,3280 2500,3342 965,3322"/>
                <Baseline points="978,3402 1002,3399 1047,3399 1092,3399 1137,3399 1181,3399 1226,3399 1271,3399 1316,3399 1361,3399 1405,3399 1450,3399 1495,3399 1540,3396 1584,3396 1629,3396 1674,3396 1719,3396 1763,3399 1808,3396 1853,3396 1898,3396 1943,3396 1987,3396 2032,3396 2077,3396 2122,3396 2166,3396 2211,3399 2256,3396 2301,3399 2345,3396 2390,3396 2435,3393 2480,3393 2525,3393 2569,3393 2614,3393 2659,3393 2704,3393 2748,3396 2793,3393 2838,3393 2883,3393 2928,3393 2972,3390"/>
                <TextEquiv>
                    <Unicode>mit Herrn Fink — Er muss doch bald kom-</Unicode>
                </TextEquiv>
            </TextLine>
            <TextLine id="tr_1_tl_32" custom="readingOrder {index:31;}">
                <Coords points="203,3495 216,3495 238,3510 266,3500 288,3510 313,3490 336,3508 366,3500 369,3363 346,3358 323,3368 311,3358 293,3373 268,3365 226,3385 206,3383"/>
                <Baseline points="217,3432 238,3432 283,3435 328,3435 373,3429"/>
                <TextEquiv>
                    <Unicode>n'en</Unicode>
                </TextEquiv>
            </TextLine>
            <TextLine id="tr_1_tl_33" custom="readingOrder {index:32;}">
                <Coords points="953,3588 980,3586 1000,3601 1033,3588 1061,3598 1096,3583 1111,3593 1146,3591 1146,3480 1126,3485 1101,3468 1088,3468 1076,3480 1056,3473 1023,3490 998,3483 953,3490"/>
                <Baseline points="967,3551 1011,3554 1056,3551 1101,3551 1146,3554 1152,3554"/>
                <TextEquiv>
                    <Unicode>men</Unicode>
                </TextEquiv>
            </TextLine>
            <TextLine id="tr_1_tl_34" custom="readingOrder {index:33;}">
                <Coords points="950,3796 2417,3709 2966,3774 2966,3623 2778,3553 2164,3641 1497,3581 1211,3661 950,3618"/>
                <Baseline points="964,3707 1008,3710 1053,3713 1098,3713 1143,3713 1187,3713 1232,3713 1277,3713 1322,3713 1367,3710 1411,3713 1456,3707 1501,3707 1546,3707 1590,3707 1635,3707 1680,3704 1725,3704 1769,3704 1814,3704 1859,3707 1904,3704 1949,3704 1993,3701 2038,3701 2083,3704 2128,3704 2172,3704 2217,3704 2262,3704 2307,3704 2351,3707 2396,3704 2441,3701 2486,3701 2531,3701 2575,3704 2620,3704 2665,3704 2710,3707 2754,3704 2799,3701 2844,3701 2889,3704 2933,3701 2969,3710"/>
                <TextEquiv>
                    <Unicode>Egon: Es ist klar, dass auf diesen Arti-</Unicode>
                </TextEquiv>
            </TextLine>
        </TextRegion>
    </Page>
</PcGts>
