3368 4040
2675 286 2862 443 186
981 438 2613 634 sen die Angelegenheit doch noch
968 615 2859 833 durchsprechen. Heute geht es absolut
981 792 1288 959 nicht.
988 879 2855 1094 styx: Es ist fünf Uhr,du wirst nicht
985 1051 2806 1213 deinen ganzen Abend vergeben haben.
995 1208 2857 1402 Fliederbusch: Doch. Das ist es eben.
981 1332 2782 1567 Begreife doch endl ich. (Zwinge mich
993 1523 2281 1685 nicht, indiskret zu sein.
988 1644 2830 1843 styx: Ach so, du willst mich glauben
981 1826 2726 1995 machen, dass du durch eine galante
981 1976 2312 2133 Aventure verhindert bist.
1005 2116 2864 2334 Fliederbusch: Ich habe nicht behaup-
998 2303 1220 2460 tet-
998 2421 2738 2629 styx: Dergleichen unterstütze ich
1000 2552 2823 2760 nicht. Du hast eine entzückäde Frau.
1010 2709 2896 2896 Wenn es wahr ist, dass du auf solchen
1012 2898 2755 3077 Wegen wandelst,habe ich nur einen
1010 3051 2956 3247 Grund mehr darauf zu bestehen,dass du
1017 3225 1944 3436 noch heute Abend —
