3448 4104
2776 312 2957 505 129
1010 485 3000 714 haben länger Mitarbeiter unseres Blat-
1025 658 2854 874 tes zu bleiben,wenn Ihnen überhaupt
1028 809 3020 1020 daran liegt,in gewissen vreisen weiter
1030 947 2965 1151 empfangen zu werden,so werde sie die
1030 1126 2909 1324 Konsequenzen ziehn, die ein Gentle
1028 1264 2882 1490 man in einem solchen Fall zu ziehen
1043 1462 1427 1653 pflegt.
1040 1621 2932 1812 Fliederbusch: (gefestigt) Ich brauche
1040 1759 2834 1942 Ihnen nicht erst zu sagen, dass ich
1055 1915 2897 2075 vollkommen bereit bin. Aber wie ich
942 2043 1085 2176 G.C.H.P
1055 2103 2982 2256 die Verhältnisse in jenem Lager an-
1060 2224 2899 2402 sehe, wir werden auf unüberwindliche
1055 2364 3073 2543 Hindernisse stossen. Wir haben es gera-
1063 2540 2801 2716 dezu mit Sozialdemokraten zu tun.
1060 2688 3070 2872 Schon das Duell gilt diesen Individuen
1070 2827 2917 3075 als eine Art Snobismus) Man wird uns
1075 2997 2224 3198 unter die Nase lachen.
1095 3163 3060 3352 Egon: Uns? Das lassen Sie unsere Sorge
1080 3309 2877 3510 sein. Was Sie zu tun haben, darüber
1085 3470 3015 3671 kann ein Zweifel wohl nicht bestehen.
1080 3608 2917 3814 Wenn die Herrschaften sich weigern,
