3480 4168
2844 326 2986 527 97
1033 516 1534 720 sprechen?
1043 649 3063 893 Satan: Er pflegt um diese Stunde in der
1045 829 2935 1018 Redaktion zu erscheinen,insbesondere
1043 995 2994 1234 heute,da morgen unser Blatt wieder er
1058 1160 1480 1341 scheint.
1063 1259 3002 1488 Graf: Es wäre ja sehr erfreulich,wenn
1053 1463 3068 1646 ich ihn - Ich xxx für meinen Teil fühle
1058 1580 3014 1781 mich ja sogar verpflichtet ihm meinen
1058 1791 2071 1954 Dank auszusprechen.
1068 1905 3080 2081 Satan: Er müsste wohl noch mehr Ihnen,
1066 2066 3111 2226 Herr GrafjIhre berühmte Rede gab ja den
1068 2231 3037 2409 Anlass zu der ganzen Polemik zwischen
1081 2361 2849 2554 unserer Zeitung und dem „Tagewerk“
1079 2485 3096 2696 Allerdings nehmen die Herrschaften drü
1086 2676 3114 2852 ben neuerdings einen Ton an -Haben Herr
1084 2808 2356 3035 Graf vielleicht gelesen?
1094 2905 2997 3177 graf: Selbstverständlich.Es amüsiert
1091 3144 3101 3322 mich ja ganz hervorragend.Denn es gibt
1104 3259 3050 3470 doch eigentlich viel Begabung auf der
1104 3432 2946 3610 Welt. Noch ein junger Mensch, dieser
1101 3589 2391 3828 Herr Fink? Oder v. Fink?
