3432 4120
2528 363 2703 499 161
207 422 612 630 3./4.1914.
983 454 2955 741 Fanny: (packt den Koffer, indm sie gele.
1052 686 2869 844 gentlich Kleidungsstücke und Wäsche
1034 854 2824 992 aus dem Schrank nimmt. Die Tochter
1044 992 2888 1146 Fritzi,4 Jahre „kniet auf einem Ses
1042 1133 2864 1326 sel und schaut zum Fenster hinaus.)
1044 1252 2992 1452 Fanny: Lang bleibt heut der Vater aus
1054 1434 2987 1622 Aber das macht nichts, dafür fährt er
1069 1597 2834 1753 am Abend mit uns aufs Land hinaus.
1101 1721 2962 1968 (zum Kind hin), legt den einen Arm um
1084 1896 2958 2069 die Schulter der Kleinen) Schön Abht
1079 2019 3039 2259 geben, nicht wahr? Und nicht vielleicht
1081 2197 3054 2382 aufstehn. (wieder zurück,weiter packend
1081 2360 2967 2550 Ja,morgen wird mein Mäderl auf einer
1079 2498 3064 2693 grossen grünen Wiese spielen.Weisst du
1091 2637 2962 2837 noch? Die grogse,grosse grüne Wiese.
1099 2832 2871 2980 Kleine: Wo die vielen Blumen sind.
1101 2945 2977 3190 Fanny: (zum Kind hin) Ja,natürlich,ro-
1106 3083 2884 3318 te und gelbe und weisse und einmal
1111 3269 2911 3476 ist ein Käferl übers Gras gelaufen,
1104 3427 3014 3597 So ist es gelaufen. (mit den Fingern
1121 3555 3096 3790 über den Arm des Kindes. Das Kind lacht
