3400 4088
2703 325 2872 486 148
924 474 2616 689 vielleicht entschuldigt er sich.
934 678 2826 845 Fliederbusch: Entschuld igungen werden
932 809 2921 1009 nicht angenommen. Im übrigen denkt der
927 945 2826 1149 Mann nicht daran. Der letzte Artikel
2171 1093 2330 1162 ¬
937 1108 2949 1283 war ja geschrieben,um mich zu provozie
932 1244 2829 1428 ren. Er war darauf gefasst, dass eine
934 1441 2921 1590 Herausforderung erfolgt. Einer von uns
947 1541 2842 1777 Beiden muss aus der Welt. (Das war in
940 1748 2849 1884 dem Augenblick klar, wo die Fehdeüber.
940 1897 1618 2081 haupt begann.
950 2012 2688 2232 Fürstin: Da ist es also möglich -
960 2186 2373 2358 Fliederbusch: Durchlaucht )
963 2363 2941 2542 Fürstin: Aber es wird schon nichts ge-
952 2524 1329 2680 schehn.
980 2639 3039 2813 Flied erbusch: Durchlaucht sind sehr gü-
965 2775 2982 2947 tig sich dafür zu interessieren.Es wird
970 2964 1754 3136 etwas geschehn.
965 3049 2916 3246 Fürstin: Aber mein Mann hat in seinen
986 3267 2885 3428 jungen Jahren ein paar Duelle gehabt,
963 3372 2926 3599 bevor er noch so krank war,es ist ihm
965 3564 1866 3735 nie was geschehn.
