3384 4072
2594 261 2808 453 200
953 443 2861 599 Fliederbusch: Ach Gott, ich habe auch
948 649 1647 816 meine Fäuste.
963 746 2843 955 Obendorfer: Also hören Sie,mein lie-
965 915 2933 1067 ber Fliederbusch, das sind Ansichten,
965 1080 2898 1234 warum haben Sie uns dann herbestellt,
968 1206 2873 1388 wenn ich fragen darf? Was sagen denn
965 1388 2035 1545 Sie dazu,Abendstern?
980 1507 2756 1699 Abendstern: Ich, ich bin frappiert.
968 1682 2786 1876 Flied=busch: (im Zimmer hin und her,
983 1856 2883 2050 sieht auf die Uhr) Es ist halbsechs.
993 2012 2179 2157 Ich schlage mich nicht.
1005 2122 2776 2321 Obendorfer: Sie haben ihn einmal-
990 2323 2042 2478 bernen Snob genannt.
993 2420 2898 2647 Fliederbusch: Mit einem Menschen, den
1002 2580 2948 2749 ich alberner Snob genannt habe, schlage
1005 2766 2050 2915 ich mich eben nicht.
1015 2876 2716 3082 Obendorfer: So reden S' doch was,
1012 3042 3012 3231 Abendstern. Man möchte sonst glauben,
1012 3189 2858 3403 Abendstern: Ich bin eigentlich auch
1012 3373 2898 3507 der Ansicht. Schaun Sie, Fliederbusch,
1030 3515 2888 3709 es ist doch eigentlich ein Erlebnis.
