3448 4120
2680 391 2875 558 122
994 459 2875 752 Wagen hält) Gott sei Dank. Herr Egon
987 704 2910 863 gatan steigt eben aus. Nun werden wir
977 845 1418 1050 ja sehn.
977 1020 3008 1181 Fliederbusch: (sehr pasch) Du erreichst
977 1186 2917 1365 nicht das Geringste, wenn du jetzt mit
982 1315 2647 1522 deinen Vermutungen herausrückst.
1020 1492 1991 1661 Etyx: Vermutungen -
982 1603 2933 1827 Fliederbusch: Wir wollen uns nicht um
989 1749 2991 1991 Worte streiten. Damit dass du eine Ver-
979 1890 2976 2125 wirrung anrichtest,bei den Leuteh eine
2213 2029 2615 2135 für die
977 2042 2925 2269 Unklarheit hervorbringst, keine be-
974 2228 2917 2435 steht,vermagst du nichts zu gewinnen.
984 2403 2880 2574 Für jetzt nur so viel.Ich stehe auf
984 2526 2776 2733 sehr gutem Fuss mit Egon, überlasse
982 2690 1946 2925 mir alles Weitere.
