3432 4104
2705 332 2911 508 169
1010 497 2808 696 denn dammuss ich natürlich bis in
1020 667 2380 863 die Nacht hinein arbeiten.
1030 783 3104 997 Im übrigen erwarte ich den Doktor Abend
1020 1010 1347 1154 stern,
1038 1092 2924 1304 (Dies gehört schon an den Anfang der
1020 1288 1358 1456 Szene )
1033 1381 3009 1577 denjenigen aus der Redaktion, der es an
1028 1579 2888 1716 besten mit mir meint, der mich schon
1033 1695 2988 1878 früher erkannt hat und mit dem ich zu
1046 1855 3006 2028 besprechen habe, wie ich meine neue Po¬
1038 2040 2715 2200 sition in dem Blatt nutzen darf.
1090 2177 2976 2347 Fanny kenn den Abendstern dadurch
1051 2334 2942 2486 flüchtig, dass sie einige Male
1059 2473 3061 2654 ihren Gatten aus der Pedaktion abgeholt
1059 2636 3009 2829 hat.Auch zu überlegen, ob sie nicht im
1064 2767 2857 2950 ersten Akt etwas besorgt auftreten
1064 2942 2849 3104 könnte,weil ihr Mann wieder einmal
1067 3089 2818 3259 den ganzen Tag unsichtbar war.Ein
1074 3228 3073 3447 beichtes Misstrauen von ihr müsste je -
1067 3406 2744 3614 desfalls schon angedeutet sein.)
