3368 4072
2589 251 2799 433 220
979 421 2845 656 (Vielleicht ein anderer vorschlag,so
969 591 2715 828 dass ein Telegramm an Fliederbusch
969 778 2751 962 notwendig wird, eventuell auch eine
981 888 2904 1105 frühere Stunde. Durch dieses Telegramm
993 1084 2847 1258 das ungefähr zu lauten hätte:Elf Uhr
993 1206 2713 1440 und Ortsbestimmung, käme Fanny zur
990 1369 2735 1615 Kenntnis der Sache und fände sich
1007 1541 2512 1718 selbst an dem Duellort ein.)
1014 1677 2885 1902 Schromm: Somit wären wir einig,meine
1010 1892 1402 2041 Herren.
1022 2000 2897 2218 Egon: Was den Arzt anbelangt, so be-
1022 2072 2849 2335 merke ich, dass wir den Doktor Lein-
1036 2275 2720 2467 bach mitbringen, der ja für beide
1041 2438 2833 2660 Teile genügen dürfte. Also auf mor.
1062 2627 1940 2790 gen, meine Herren.
1086 2761 2113 2974 Schromm: Auf morgen.
1091 2912 2218 3141 (Egon und Schromm ab).
1077 3070 2311 3244 Abendstern - Obendorfer.
1079 3196 2993 3383 Abendstern: Wir hätten doch nicht al-
1084 3316 2986 3603 le Bedingungen so akzeptieran sollen.
1091 3488 2991 3751 Obendorfer: Er kann sich ja noch mor-
