3448 4104
2769 277 2958 500 128
963 471 2984 730 Fliederbusch: (erstaunt fragende Miene),
968 631 3073 859 Egon: Sie haben Freunde, glücklicherweise.
974 817 2735 1005 Es ist ja möglich.dass Sie dieser
968 950 2649 1183 Freunde nicht wert sind,aber wir
982 1146 2882 1338 wenigstens wollen an einer Verschlep.
1031 1243 3031 1471 pung der Angelegenheit nicht die Schul
997 1437 2963 1620 tragen. In den Morgenstunden waren Sie
992 1552 2819 1754 leider nicht zu finden,so haben wir
984 1730 2782 1906 indess auf eigene Faust gehandelt.
953 1872 2916 2099 Der Rittmeister hat sich erbötig gem.
997 2031 3023 2288 macht den Namen Ihres Gegners auszufor-
1000 2227 1330 2400 schen.
1008 2337 2989 2560 Fliederbusch: Man wird den Namen nicht
1003 2447 2743 2686 nennen (Es ist doch offenbar Redak¬
1013 2675 1814 2864 tionsgeheimnis.
1008 2788 2916 2997 Egon: Es gibt einen verantwortlichen
1023 2981 1552 3180 Redakteur
1005 3049 2809 3324 Fliederbusch: Man wird uns auf den
1026 3288 2026 3479 Klageweg verweisen.
1023 3337 3015 3630 Egon: sie lassen sich nicht verweisen.
1029 3513 2864 3767 Verstehen Sie! Wenn sie die Absicht
