3464 4104
2561 322 2741 466 229
1034 466 2825 730 Fink bin ich geworden. Ist das nicht
1032 626 2794 838 eine höhere Art von Recht? Wenn der
1022 754 2882 1013 Fliederbusch Weib und Kind verlässt,
1018 917 2866 1147 so ist es eine Schurkerei, aber wenn
1037 1080 2966 1327 der Fink seine eben begonnene Carrie -
1037 1222 2904 1478 re wieder aufgibt,so ist es eine Un-
1049 1354 2933 1574 treue, eine Feigheit. Wie wird mir, wenn
1049 1538 2779 1738 ich jetzt an mein sogenanntes Heim
1054 1678 2950 1910 in der Rögergasse denke und an alles,
1066 1855 2837 2042 was damit zusammenhängt. Ich denke
1058 1985 2856 2208 mit einer gwissen Rührung daran zu.
1061 2119 2952 2359 rück, wie an etwas, was ich längst ver-
1068 2278 2887 2525 lassen habe. Von einem ewigen Heim-
1070 2450 2978 2657 weh nach diesen Reginnen würde ich ge¬
1085 2563 2976 2794 quält werden, es wäre geradezu unmora-
1078 2743 2909 2981 lisch, dorthin zurückzukehren,Einer
1097 2904 2770 3144 von beiden muss vom Erdboden ver.
1094 3036 2933 3288 schwinden) so verschwinde du,Flieder.
1092 3194 2993 3463 besch. Aber wie? In der Idee ist alles
1094 3346 2789 3571 so einfach,und in der Technik so
1106 3482 2926 3713 schwer. Vor allem gibt es nur eins:
