3464 4120
2805 292 2983 481 153
1053 471 2934 660 Egon: Man wird einfach vor dem Hause
1051 644 2305 815 auf und abpatroullieren.
1048 779 2838 960 Fliederbusch: Aber lassen Sie mich
1038 934 3027 1097 doch ausreden,meine Herren.All das ist
1051 1071 2924 1242 ja gar nicht notwendig. Frau Flieder
1038 1211 2924 1382 busch sagte mir, er sei präzise sechs
1038 1369 2608 1560 Uhr Abands zu Hause zu finden.
1043 1547 2719 1723 Egon: sie sagte das ohneweiters?
1032 1677 2973 1879 Fliederbusch: Warum sollte sie nicht?
1027 1850 3102 2013 Sie ahnt ja nicht,um was es sich handelt
1035 1987 2999 2205 Ich überlasse Ihnen nun alles Uebrige
1027 2142 1723 2329 meine Herren.
1035 2285 3027 2481 Egon: Wir können aber vielleicht alles
1027 2456 3030 2585 Nähere besprechen.um weiteren Aufschub
1025 2595 2989 2751 zu verhindern. Ich hoffe,Herr Flieder.
1027 2748 2921 2893 busch, der über den Zweck unseres Be-
1032 2911 2932 3066 suches orientiert sein wird,wird uns
1027 3071 3089 3252 seine Zeugen gleich nennen und das Raa-
1030 3208 2983 3382 dez-vous könnte im Laufe des morgigen
1038 3369 2448 3547 Vormittags stattfinden.
1027 3537 3051 3754 Schromm: sie Sonne geht schon früh auf,
