3432 4120
2650 345 2844 499 168
949 487 2914 680 so drauf gefreut wieder einmal auf dem
954 692 2721 822 Land mit dir zusammen zu erwachen.
951 812 2584 1024 Fliederbusch: Ja siehst du,mein
941 988 2726 1164 Schatz, nun kommt doch wohl heraus,
951 1105 2880 1298 dass ich meinen kühnen Artikel besser
954 1298 2210 1479 nicht geschrieben hätte.
963 1438 2890 1631 Fanny: Aber morgen kommst du ganz be-
958 1648 1350 1787 stimmt?
976 1751 1861 1890 Fliederbusch: Ja.
968 1900 2328 2086 Fanny: Mit dem erst an Zug?
973 2051 2663 2269 Fliederbusch: Ja,wenn ich meinen
976 2220 2315 2364 Artikel zu schreiben habe
1010 2359 2944 2509 (Es könnte sich vielleichtwieder etwas
990 2516 2721 2677 ereignet haben, was wodurch wahr.
983 2655 2760 2819 scheinlich wird, dass man die Feder
1002 2814 2782 3010 von Fliederbusch benötigt.Schon im
998 2939 2736 3134 zweiten Akt könnte er telefonisch
1005 3105 2878 3298 durch Abendstern erfahren haben, dass
998 3303 2736 3469 Leuchter ihn dringend zu sprechen
995 3443 2103 3636 wünscht.) Eventuell?
995 3594 2839 3834 So wird es wohl nicht möglich sein,
