3528 4216
2692 380 2876 564 247.
1103 561 2151 767 Fliederbusch alle in.
1110 730 2896 939 Fliederbusch: Wie ist mir? Ist das
1120 879 2894 1048 dein Ende, Fink?.Ja, es ist dein En-
1125 996 3018 1215 de? Ein köstliches Ende. Fink stirbt.
455 1058 984 1217 Das ist das
464 1115 1046 1304 Entscheidend
340 1220 1073 1366 4 a    en beiden
1130 1210 2901 1386 Fink muss sterben. Fink tötet sich.
343 1294 1073 1500 leurs slaits, mais
1133 1319 2953 1532 aus unglücklicher Liebe zur Fürstin
293 1383 1068 1585 in't weit den Ein
338 1500 1083 1729 flurre vor anper
1125 1520 2856 1681 Priska. Fink verschwindet aus der
318 1652 795 1813 steilen
1128 1662 2933 1835 Welt auf Nimmerwiedersehen.Flieder.
1133 1796 2928 2019 busch triumphiert.Und nun soll man
1143 1935 2762 2116 ihn erst kennen lernen. Was war
1138 2101 2931 2275 Fink? Eine kleine Episode im Leben
1152 2260 2998 2432 des Fliederbusch. Und nun vor allem
1152 2442 2737 2605 fort, zu ihr,zu Fanny,zu meinem
1160 2558 2243 2759 Kind. (er will gehen).
1254 2732 2702 2906 Vulleicht, chreibt u eine Brief-dep
1386 2839 2673 3000 er sich erschienst. Frits - ge-
1309 2941 2879 3082 Und aber nie erfahrt es Fliederfurch.
1411 3025 2911 3224 at - it sheebe as and an Flrederkist
1202 3169 2879 3390 - Ist jehe - Obendster - in Theile
1110 3318 3107 3537 nuit. Dep Fak in it er done but...
