3448 4072
2680 256 2868 469 177
979 466 2754 664 umarmt seine Frau gibt seiner Frau
976 657 2803 810 die Hand (er begleitet Kind und Frau
972 767 2881 989 ins Vorzimmer, kommt nach ein paar Se-
984 947 2080 1140 kunden wieder zurück)
981 1108 2038 1289 Styx - Fliederbusch:
989 1245 2663 1462 Fliederbusch: Also, hier bin ich.
986 1362 2925 1560 Es hat mir natürlich sehr leid getan,
989 1545 2903 1750 dass Herr Egon Satan in so rüder Wei-
994 1682 2781 1872 se - Aber ich werde jedesfalls bei
998 1848 2078 2038 nächster Gelegenheit
2490 1933 2707 2056 Mit
998 1985 2788 2182 Styx: Dieser Fall ist erledigt.(den
991 2151 2834 2351 Herren von der „Eleganten Welt" habe
998 2309 2966 2475 ich vorläufig nichts zu tun,ausser mit
1011 2461 2812 2637 dir selbstverständlich,mein lieber
1001 2595 2800 2795 Fink. (er lacht) Es ist eigentlich
1003 2768 2947 2971 kostbar. Das hätte ich dir gar nicht
1011 2917 2851 3074 zugetraut. Führst da gewissermassen
1011 3078 2073 3222 eine Doppelexistenz.
1008 3222 2895 3428 Fliederbusch: Ich behalte mir vor et
1023 3403 2908 3567 dir bei nächster Gelegenheit ausführ
303 3513 801 3667 Redarh ja ja
1030 3496 2864 3730 lichst zu erklären. Für jetzt bitte
288 3625 937 3750 nicht. Ich recht
254 3720 940 3869 man and hineen
303 3847 588 3950 tenz
