3368 4040
2712 252 2891 507 191
1012 459 2000 689 Kavallerieoffizier)
1009 595 2893 858 und sind daher in allen auf Ehren-
1004 784 2946 974 fragen versierter, als unsereiner. Ich
1012 938 2934 1117 glaube daher ganz im Interse unseres
1004 1092 2729 1266 Freundes Fliederbusch zu handeln,
1004 1261 2941 1435 wenn ich den Vorschlag mache, dass Sie
996 1370 2941 1572 an meiner Statt die Sekundantenstelle
996 1569 1592 1741 übernehmen.
994 1725 2961 1887 styx: Hm. Darf ich fragen, wer als zwei
1004 1862 2333 2041 ter Zeuge vorgesehen ist?
999 1990 2959 2202 Abendstern: Ein gewisse Herr Obendor-
1004 2144 2825 2323 fer. Ein Ehrenmann durch und durch.
1009 2323 2717 2517 Herr Oberleutnant würden gewiss -
1001 2452 2881 2664 styx: Vor allem möchte ich bemerken,
1004 2603 3027 2772 dass ich meine Offizierscharge vor län-
1012 2752 2727 2961 gerer Zeit zurückgelegt habe. Mit
996 2908 2964 3108 Stolz rechne ich mich zu den Angehöri-
1009 3098 2891 3272 gen Ihres Standes,ich bin Journalist
1004 3224 2686 3426 wie Sie,Herr Abendstern, und mein
1006 3378 2848 3582 Freund Fliederbusch. Aber nicht das
1014 3519 2911 3748 ist der Grund, der mich veranlasst Ih.
