3416 4216
2677 379 2848 546 111
963 535 2866 750 Fliederbusch, entschieden zu weit. Und
377 617 820 794 Stad de
981 740 2968 932 ich fürchte, du wirst es bereuen. Warum
320 727 861 907 will jureit
297 886 802 1045 septem.
973 861 2817 1065 willst du's nicht begreifen,dass es
341 973 838 1183 Kedertin,
984 1024 2963 1199 mich nach den lichtern Regionen zieht,
994 1181 2874 1363 zu Menschen, die in anderer Umgebung
333 1327 799 1488 ſehrte ich und
1004 1350 2840 1511 unter andern Bedingungen auferzogen
338 1450 779 1593 doch hieher -
1004 1483 2889 1683 sind als du und ich Warum blickst du
443 1557 784 1693 ! Freilich
1009 1649 2887 1816 aus deinem dumpfen Winkel,verbittt
338 1583 855 1811 Hilistr
1017 1811 2951 1980 von den Erinnerungen deiner dürftigen
328 1801 881 1962 regera. Thieser
348 1895 876 2080 his in R.d.
1040 1962 2858 2131 jungen Jahre mit Hass und Neid zu
353 2062 830 2180 verstehrt mit
1030 2100 3015 2274 einem auf, der es fertig bringt all das
320 2195 584 2344 nicht
1040 2228 3040 2423 von sich abzuschütteln, sich vom Mitleid
1019 2397 3081 2597 mit den Armen und Elenden die Tage nicht
1048 2564 2989 2730 verdüstern lässt und in Lebenskeeisen
1042 2712 3035 2876 zu atmen sich sehnt, zu denen wohin der
1048 2869 3004 3027 trübe Dunst der Not niemals aufgestia
1060 3002 3043 3209 gen ist. Ich bin milder gegen dich, mein
1063 3171 3004 3355 Freund, als du gegen mich. Es mag wohl
1076 3322 3004 3491 daher kommen, dass es mir besser geht.
1063 3481 2956 3655 Du hast für weib und Kind zu sorgen.
1117 3565 3035 3883 plötzlich fällt ihm etwas ein.Er ver-
