3448 4120
2785 273 2915 445 87
984 465 1832 672 gefallen lassen.
1978 577 2169 703 den
986 626 2205 823 Satan: Was hast du dir?
976 749 2974 963 Emma: Die Leut lachen mich ja aus. Aber
994 899 2879 1096 es ist mir auch schon zu dumm. Also,
994 1106 3005 1257 kurz und gut, wenn wir, bevor die Ferien
1002 1242 2810 1497 manfangen,nicht verheiratet sind,
1012 1456 1589 1589 ist es aus.
1012 1564 2844 1743 Satan: (ganz fassungslos) Aber Kind!
1012 1745 1786 1886 Du weisst doch
1022 1847 2982 2044 Emma: Lass dich scheiden. Wir heiraten
1019 2016 2856 2192 dann in Ungarn. Die Schreitner sagt
1382 2146 1796 2238 in work.
1027 2179 2627 2353 auch, es ist nur eine Geldfrage.
1030 2292 3086 2529 Satan: Ah so, die  hetzt wieder einmal,
1045 2466 2974 2688 Emma: Mich braucht niemand zu hetzen.
1045 2606 2394 2833 Diener: (mit einer Karte).
1060 2749 3005 2946 Satan: Ah! -Mein liebes Kind ich muss
1060 2938 2087 3097 dich leider bitten „
1058 3048 3015 3255 Emma: Was denn, was denn? Hinauswerfen
1071 3263 1625 3416 auch noch?
1073 3380 3076 3582 Satan: Wir können ja später -Es ist der
1068 3557 1850 3730 Graf Niederhof.
1078 3603 3084 3904 Emma: Wegen dem? (zum Diener) Wir las-
