3448 4168
2541 423 2725 538 245
984 566 2715 735 Jetzt ist halb neun,höbhste Zeit.
1019 723 2774 871 (Auf dem Balkon erscheint das Stu-
977 874 2173 1048 benmädchen der Fürstin
984 1045 2797 1191 Kammerdiener: (kommt) Die Friseurin
984 1181 1858 1362 Durchlaucht. (ab).
989 1313 2703 1499 Fürstin: Gleich. Adieu, Herr Fink.
991 1489 2682 1639 Wir wollen ja weiter hoffen, dass
994 1632 2673 1806 die Sache gut ausgeht,aber um Sie
998 1804 2732 1957 nicht im Unklaren zu lassen, heute
991 1900 2877 2069 Abend bin ich keineswegs zu sprechen.
984 2112 2795 2255 Es ist aus. Es scheint ja wirklich
991 2227 2851 2393 Sie haben sich da gewisse Illusionen
998 2382 2833 2548 gemacht und das zwingt mich deutli-
998 2577 2833 2692 cher zu sein, als ich es für notwen
1003 2675 2823 2873 dig gehalten hätte. Unsereiner, lie-
1003 2844 2649 2985 ber Herr von Fink, hat eben auch
1003 2981 2851 3140 seine kleinen Abenteuer.Sie wissen,
1010 3117 2884 3309 ich bin für vollkomme ne Gleichbreech-
456 3166 831 3328 sant né
437 3316 918 3495 s an m t.
1015 3338 2908 3471 tigung. Es gibt Dinge sans consequen¬
1015 3450 2802 3622 ce. Einmal verlockt einen dies, das
1010 3634 2703 3819 andere Mal jenes. Ich hatte noch
