3416 4088
2481 307 2658 479 228
944 451 2689 717 und schleppen mich auch zum Duell,
939 601 2764 814 Entweder ist dann der Fink der Bla-
953 771 2720 1002 mierte oder der Fliederbusch. Aber
962 915 2805 1113 ich auf jeden Fall. (Fahr ich zu mei-
953 1102 2696 1311 ner Frau hinaus, so holen sie mich
972 1241 2783 1432 von draussen ab.Aber zu etwas muss
969 1387 2739 1561 ich mich doch entschiden.) Ich kann
1010 1512 2830 1729 jetzt nur der Eine sein oder der An-
979 1679 2647 1904 dere. Wenigstens auswendig. Aber
984 1830 2755 2045 wer? Als Fliederbusch hab ich Weib
998 2017 2856 2175 und Kind, aber als Fink habe ich eine
991 2139 2864 2328 Geliebte,die Fürstin ist. Wohin zieht
998 2300 2897 2491 es mich? Wo gehör ich hin? Hieher ge¬
1005 2434 2772 2672 hör ich, da bin ich in Wirklichkeit
1010 2590 2833 2795 zuhaus. Ein Traum meiner Jugend ist
1010 2736 2786 2958 wahr geworden. Wer darf sagen, dass
1026 2906 2793 3114 das eine Maskerade ist? Eine Maske
1028 3062 2698 3288 kann man hinwerfen Mit demselben
1061 3191 2925 3434 gecht könnte man sagen, dass meine an-
1038 3345 2856 3581 dere Existenz eine Maskeradeist.Als
1038 3510 2760 3781 Fliederbusch bin ich geboren, aber
