3384 4072
2587 278 2787 429 202
958 403 2839 638 sechs Fuss lang sein und beim ersten
393 461 731 677 /4. 1914.
947 625 2871 807 Schneider seine Anzüge schuldig blei-
398 710 809 864 est ici
968 739 2899 945 ben. Alles überflüssig.Charme allein
481 856 820 1046 5 at
963 890 2920 1090 genügt. Auch ich habe Weib und Kind.
971 1046 2889 1280 Obenderfor: Aber wir müssen jetzt zur
963 1202 2938 1411 Sache kommen. Reden Sie endlich einmal
973 1392 1962 1575 ernst, Fliederbusch.
968 1473 2808 1725 Fliederbusch: Das hab ich getan. Ich
973 1658 2951 1882 schlage mich nicht. Es geht gegen meine
979 1861 1567 2009 Prinzipien.
989 1952 3008 2204 Obendorfer: Also, dann finde ich es ein-
989 2108 2871 2288 fach eine Ungehörigkeit, dass Sie uns
994 2303 2956 2449 herausbestellt haben. Und mehr als das,
986 2436 1882 2631 Eine Art Büberei.
984 2584 2582 2772 Fliederbusch: Herr Oje udorfer.
1018 2735 2977 2910 Obendorfer: Ich bin ohneweiters bereit
1007 2860 2938 3068 Ihnen Rechenschaft zu geben,wenn Ihre
1010 3024 2941 3235 andere Angelegenheit ausgetragen ist.
1002 3204 3097 3396 Sollten Sie bei Ihrer Weigerung beharren
1015 3329 2964 3534 so behalte ich mir vor meine weiteren
1012 3487 2600 3690 Konsequenzen daraus zu ziehen.
