3400 4088
2618 288 2818 490 217
938 475 2767 679 den. Wir wünschen, dass darin Wandel
950 641 2815 874 geschafft werde. Die Mitarbeiter der
965 809 2760 1025 „Eleganten Welt“ haben es sich suge
941 1018 2863 1142 schworen, dass sie sich niemals einen
2042 1104 2628 1354 fechten nur.
938 1198 1493 1322 Gegner sta
950 1306 2731 1471 Duelle auf Tod und Leben aus. Herr
948 1430 2856 1644 Fink ist bereit nicht nur seine eige-
965 1630 2582 1771 ne, sondern auch die Ehre seines
965 1721 2870 1937 Blattes mit dem Einsatz seines Lebens
965 1915 2870 2054 zu vertreten,wir erwarten das Gleiche
977 2107 2688 2225 umso mehr von Herrn Fliederbusch.
979 2249 2750 2395 Bei dem Duell, das wir vorschlagen,
984 2359 2662 2520 stehen die Chancen gleich, obwohl
974 2498 2654 2674 Herr Fliederbusch der Beleidiger
1001 2650 2777 2842 war. Ich mache kein Hehl daraus, die
986 2825 2899 2981 Bedingungen sind absichtlich so fest-
1015 3012 2945 3158 gesetzt worden,dass einer von den bet
1010 3101 2911 3322 den Herren entweder tot oder zum min-
1008 3298 2738 3475 desten als Krüppel auf dem Platze
1006 3418 2784 3634 bleiben muss. Wir hoffen, dass dia-
1022 3535 2798 3797 ser Ausgang zugleich reinigend auf
