3464 4104
2715 273 2898 466 127
943 441 2901 696 will es nicht wiederholen wie man Sie
948 641 2945 814 nennt - Sie glauben, dass sich so etwas
940 786 2344 989 mit Tinte abwaschen lässt?
961 922 2857 1144 Fliederbusch: Sie glauben,ich sollte
966 1085 2514 1319 mich mit dem Mann duellieren?
966 1221 2522 1466 Egon: Glauben sie etwa nicht?
982 1363 2981 1590 Fliederbusch: Es ist doch immerhin ei-
974 1525 2741 1760 ne Pressfehde und es beweist doch
976 1685 2880 1909 nichts, wenn ich diesen Herrn oder er
992 1894 1332 2048 mich —
989 1966 3017 2213 Egon: Das sind Argumente,Herr von Fink,
1852 2087 2906 2213 der. Herren  in de Gerenpeule
997 2136 3071 2365 die Sie vielleicht Ihrem Gegner überlas-
1007 2311 2909 2522 sen können, obwohl ich denke, dass ein
1015 2450 2898 2659 Mensch, der so etwas geschrieben hat,
1012 2592 2963 2798 sich auch bereit fühlt als Mann dafür
1030 2793 1724 2994 einzustehen)
1033 2865 3055 3138 Fliederbusch: Der Artikel ist genau so
1033 3061 2903 3321 anonym (wie die andern gewesen sind,
1036 3179 3027 3460 Egon: Es wird keine Viertelstunde dau-
1049 3347 2795 3581 ern und wir werden wissen, wie der
1049 3558 1708 3756 Karl heisst.
603 3524 933 3787 Vufer
