3416 4104
2662 310 2846 461 207
1049 439 2933 698 (Das müsste im zweiten Akt Egon Satan
1022 643 1966 828 geschildert haben)
1104 778 2911 970 ein beliebter Ort.Belmann ist dort
1037 967 1526 1142 gefallen.
1034 1102 2935 1313 Obendorfer: Wir werden Sie ja selbst-
1054 1236 2866 1421 verständlich von Ihrer Wohnung abho-
1056 1450 1277 1582 len.
1046 1514 2897 1752 Fliederbusch: Das tun Sie nicht, ich
1049 1706 2810 1906 bin ja nicht hier, ich fahre ja zu
1058 1862 2762 2042 meiner Frau. Ich komme direkt von
1075 1997 2736 2165 dort an den ort des Rendez-vous.
1094 2155 2916 2364 Obendorfer: Das ist ja toll.Das ist
1104 2306 2782 2482 ja nich t üblich.Ueberdies können
1087 2426 3017 2638 wir nicht wissen, ob die beiden andem
1087 2575 2933 2813 Herran mit dem von Ihnen vorgschla¬
1106 2755 2988 2962 genen Ort einverstanden sein werden.
1104 2870 3029 3118 Fliederbusch: Das können sie mir doch
1118 3072 2904 3242 nicht abschlagen. Wahl der Waffen,
1116 3247 2916 3401 Bedingungen sei meinem Gegner über.
1128 3348 2971 3533 lassen. Aber auf diesen Ort habe ich
1118 3542 1958 3725 mich kapriziert.
