<?xml version="1.0" encoding="UTF-8" standalone="yes"?>
<PcGts xmlns="http://schema.primaresearch.org/PAGE/gts/pagecontent/2013-07-15" xmlns:xsi="http://www.w3.org/2001/XMLSchema-instance" xsi:schemaLocation="http://schema.primaresearch.org/PAGE/gts/pagecontent/2013-07-15 http://schema.primaresearch.org/PAGE/gts/pagecontent/2013-07-15/pagecontent.xsd">
    <Metadata>
        <Creator>prov=READ-COOP:name=TrHtr:version=2.1.0:model_id=51170:date=30_07_2023_06:35</Creator>
        <Created>2023-05-10T13:33:21.163+02:00</Created>
        <LastChange>2023-07-30T06:35:34.376+02:00</LastChange>
        <TranskribusMetadata docId="1428582" pageId="55412961" pageNr="103" tsid="131485608" status="IN_PROGRESS" userId="64420" imgUrl="https://files.transkribus.eu/Get?id=NSIAKXDNSQXKZCKNAFMHWHAQ&amp;fileType=view" xmlUrl="https://files.transkribus.eu/Get?id=NPCKIZFCAMJMEYVNOSPUQCRJ" imageId="44687102"/>
    </Metadata>
    <Page imageFilename="1428582_0103.jpg" imageWidth="3448" imageHeight="4152">
        <ReadingOrder>
            <OrderedGroup id="ro_1711791390025" caption="Regions reading order">
                <RegionRefIndexed index="0" regionRef="tr_1"/>
                <RegionRefIndexed index="1" regionRef="tr_2"/>
            </OrderedGroup>
        </ReadingOrder>
        <TextRegion id="tr_1" custom="readingOrder {index:0;}">
            <Coords points="1143,385 3137,385 3137,1836 1143,1836"/>
            <TextLine id="tr_1_tl_1" custom="readingOrder {index:0;}">
                <Coords points="2954,470 3007,470 3044,448 3072,450 3077,443 3117,458 3134,455 3127,310 3109,310 3097,320 3057,315 3007,325 2996,315 2946,308"/>
                <Baseline points="2964,435 3008,435 3053,435 3098,438 3137,447"/>
                <TextEquiv>
                    <Unicode>101</Unicode>
                </TextEquiv>
            </TextLine>
            <TextLine id="tr_1_tl_2" custom="readingOrder {index:1;}">
                <Coords points="1128,623 1498,608 1781,673 2554,645 2556,558 2361,493 2244,530 2071,475 1508,558 1378,503 1131,523"/>
                <Baseline points="1143,605 1173,605 1217,605 1262,605 1307,605 1352,605 1396,605 1441,605 1486,605 1531,602 1576,602 1620,602 1665,602 1710,602 1755,602 1799,602 1844,602 1889,602 1934,599 1978,599 2023,599 2068,596 2113,596 2158,596 2202,596 2247,596 2292,596 2337,599 2381,599 2426,599 2471,599 2516,599 2561,602"/>
                <TextEquiv>
                    <Unicode>Satan- Graf - Fliederbusch.</Unicode>
                </TextEquiv>
            </TextLine>
            <TextLine id="tr_1_tl_3" custom="readingOrder {index:2;}">
                <Coords points="1133,853 1541,825 1623,860 1966,800 2246,828 2369,808 2369,670 2244,643 2051,698 1926,643 1683,715 1553,673 1133,698"/>
                <Baseline points="1146,755 1190,755 1235,755 1280,755 1325,755 1370,755 1414,758 1459,758 1504,758 1549,758 1593,758 1638,755 1683,758 1728,758 1773,758 1817,758 1862,758 1907,758 1952,758 1996,755 2041,752 2086,752 2131,752 2175,755 2220,755 2265,758 2310,758 2355,764 2372,761"/>
                <TextEquiv>
                    <Unicode>Fliederbusch: Guten Teg.</Unicode>
                </TextEquiv>
            </TextLine>
            <TextLine id="tr_1_tl_4" custom="readingOrder {index:3;}">
                <Coords points="1158,915 1581,915 1798,995 2851,958 3122,923 3122,843 1961,800 1158,853"/>
                <Baseline points="1173,910 1202,910 1247,913 1292,913 1337,913 1382,913 1426,916 1471,913 1516,913 1561,910 1605,913 1650,910 1695,910 1740,910 1784,907 1829,907 1874,907 1919,904 1964,907 2008,904 2053,907 2098,907 2143,901 2187,901 2232,904 2277,904 2322,904 2367,904 2411,904 2456,904 2501,904 2546,904 2590,904 2635,901 2680,901 2725,901 2769,901 2814,898 2859,898 2904,898 2949,898 2993,898 3038,898 3083,895 3128,895"/>
                <TextEquiv>
                    <Unicode>Satan: Da ist Herr von Fink.Sie werden</Unicode>
                </TextEquiv>
            </TextLine>
            <TextLine id="tr_1_tl_5" custom="readingOrder {index:4;}">
                <Coords points="1128,1091 3084,1083 3124,1016 2371,955 1926,1031 1131,993"/>
                <Baseline points="1143,1068 1158,1068 1202,1065 1247,1065 1292,1065 1337,1065 1382,1065 1426,1065 1471,1062 1516,1062 1561,1062 1605,1062 1650,1062 1695,1062 1740,1062 1784,1062 1829,1062 1874,1062 1919,1065 1964,1062 2008,1065 2053,1062 2098,1062 2143,1062 2187,1059 2232,1059 2277,1059 2322,1059 2367,1059 2411,1059 2456,1059 2501,1059 2546,1059 2590,1059 2635,1059 2680,1056 2725,1056 2769,1053 2814,1053 2859,1056 2904,1056 2949,1056 2993,1056 3038,1053 3083,1053 3128,1053"/>
                <TextEquiv>
                    <Unicode>schon erwartet. (er weist auf den Gra¬</Unicode>
                </TextEquiv>
            </TextLine>
            <TextLine id="tr_1_tl_6" custom="readingOrder {index:5;}">
                <Coords points="1136,1233 1636,1228 1706,1251 1806,1228 1968,1316 1971,1171 1911,1176 1866,1141 1813,1161 1713,1136 1618,1168 1523,1133 1383,1166 1316,1133 1136,1166"/>
                <Baseline points="1149,1214 1193,1217 1238,1217 1283,1220 1328,1223 1373,1223 1417,1217 1462,1214 1507,1214 1552,1214 1596,1214 1641,1217 1686,1214 1731,1211 1776,1211 1820,1211 1865,1214 1910,1214 1955,1214 1976,1214"/>
                <TextEquiv>
                    <Unicode>fen) Herr Graf -</Unicode>
                </TextEquiv>
            </TextLine>
            <TextLine id="tr_1_tl_7" custom="readingOrder {index:6;}">
                <Coords points="1133,1388 2614,1436 3119,1381 3122,1233 2476,1311 1133,1291"/>
                <Baseline points="1146,1370 1152,1370 1196,1370 1241,1370 1286,1370 1331,1370 1376,1370 1420,1370 1465,1370 1510,1370 1555,1370 1599,1373 1644,1370 1689,1370 1734,1370 1779,1370 1823,1370 1868,1373 1913,1370 1958,1370 2002,1370 2047,1367 2092,1367 2137,1367 2181,1367 2226,1367 2271,1364 2316,1367 2361,1364 2405,1364 2450,1367 2495,1364 2540,1361 2584,1364 2629,1361 2674,1370 2719,1370 2764,1361 2808,1361 2853,1361 2898,1361 2943,1358 2987,1358 3032,1358 3077,1355 3122,1355"/>
                <TextEquiv>
                    <Unicode>Fliederbusch: (unterbricht ihn) Oh,Herr</Unicode>
                </TextEquiv>
            </TextLine>
            <TextLine id="tr_1_tl_8" custom="readingOrder {index:7;}">
                <Coords points="1133,1538 2736,1576 3119,1541 3119,1456 2681,1411 1133,1466"/>
                <Baseline points="1146,1525 1152,1522 1196,1522 1241,1522 1286,1522 1331,1522 1376,1522 1420,1522 1465,1522 1510,1522 1555,1522 1599,1522 1644,1519 1689,1519 1734,1519 1779,1519 1823,1519 1868,1519 1913,1519 1958,1519 2002,1519 2047,1519 2092,1516 2137,1516 2181,1516 2226,1516 2271,1516 2316,1516 2361,1513 2405,1513 2450,1516 2495,1513 2540,1513 2584,1513 2629,1513 2674,1513 2719,1513 2764,1513 2808,1513 2853,1513 2898,1513 2943,1513 2987,1513 3032,1510 3077,1510 3122,1510"/>
                <TextEquiv>
                    <Unicode>Satan, Sie können sich wohl denken, dass</Unicode>
                </TextEquiv>
            </TextLine>
            <TextLine id="tr_1_tl_9" custom="readingOrder {index:8;}">
                <Coords points="1143,1708 1768,1673 2114,1758 2274,1688 2544,1731 2544,1601 2404,1586 2116,1571 1843,1633 1143,1603"/>
                <Baseline points="1158,1674 1161,1671 1205,1674 1250,1674 1295,1674 1340,1671 1384,1674 1429,1671 1474,1671 1519,1674 1564,1671 1608,1671 1653,1671 1698,1671 1743,1671 1787,1668 1832,1671 1877,1668 1922,1671 1967,1668 2011,1668 2056,1668 2101,1665 2146,1668 2190,1668 2235,1668 2280,1665 2325,1665 2370,1665 2414,1665 2459,1665 2504,1668 2549,1671"/>
                <TextEquiv>
                    <Unicode>ich den Herrn Gra fen kenne.</Unicode>
                </TextEquiv>
            </TextLine>
            <TextLine id="tr_1_tl_10" custom="readingOrder {index:9;}">
                <Coords points="1133,1851 1328,1911 1543,1913 1713,1848 2201,1891 2419,1858 2419,1778 2316,1741 1133,1758"/>
                <Baseline points="1146,1823 1190,1826 1235,1823 1280,1826 1325,1826 1370,1826 1414,1826 1459,1826 1504,1826 1549,1826 1593,1826 1638,1823 1683,1826 1728,1823 1773,1826 1817,1826 1862,1823 1907,1823 1952,1823 1996,1823 2041,1820 2086,1820 2131,1820 2175,1820 2220,1820 2265,1820 2310,1820 2355,1820 2399,1826 2426,1823"/>
                <TextEquiv>
                    <Unicode>Graf: Es freut mich sehr,</Unicode>
                </TextEquiv>
            </TextLine>
        </TextRegion>
        <TextRegion id="tr_2" custom="readingOrder {index:1;}">
            <Coords points="641,1881 3146,1881 3146,3684 641,3684"/>
            <TextLine id="tr_2_tl_1" custom="readingOrder {index:0;}">
                <Coords points="628,1958 670,1948 720,1973 768,1963 803,1983 853,1956 888,1981 918,1973 920,1846 890,1846 828,1888 808,1876 758,1888 720,1873 670,1831 648,1846 630,1843"/>
                <Baseline points="641,1940 656,1937 701,1937 746,1937 790,1934 835,1931 880,1931 925,1934"/>
                <TextEquiv>
                    <Unicode>Pursieur</Unicode>
                </TextEquiv>
            </TextLine>
            <TextLine id="tr_2_tl_2" custom="readingOrder {index:1;}">
                <Coords points="1133,2036 1373,2081 1968,2009 2941,2019 2956,1906 1133,1916"/>
                <Baseline points="1146,1978 1190,1976 1235,1976 1280,1976 1325,1976 1370,1978 1414,1978 1459,1976 1504,1976 1549,1976 1593,1978 1638,1978 1683,1976 1728,1976 1773,1976 1817,1976 1862,1976 1907,1973 1952,1973 1996,1973 2041,1973 2086,1973 2131,1973 2175,1973 2220,1973 2265,1973 2310,1973 2355,1973 2399,1973 2444,1970 2489,1973 2534,1973 2578,1970 2623,1970 2668,1970 2713,1970 2758,1970 2802,1970 2847,1970 2892,1973 2937,1976 2961,1978"/>
                <TextEquiv>
                    <Unicode>Fliederbusch: Und kenne Sie länger,</Unicode>
                </TextEquiv>
            </TextLine>
            <TextLine id="tr_2_tl_3" custom="readingOrder {index:2;}">
                <Coords points="1131,2151 3004,2179 3109,2159 3112,2051 1133,2061"/>
                <Baseline points="1146,2131 1149,2131 1193,2131 1238,2131 1283,2131 1328,2134 1373,2134 1417,2131 1462,2131 1507,2131 1552,2131 1596,2131 1641,2134 1686,2131 1731,2134 1776,2131 1820,2131 1865,2131 1910,2128 1955,2128 1999,2128 2044,2128 2089,2125 2134,2125 2178,2125 2223,2125 2268,2125 2313,2125 2358,2125 2402,2125 2447,2125 2492,2125 2537,2125 2581,2125 2626,2125 2671,2122 2716,2122 2761,2122 2805,2122 2850,2122 2895,2122 2940,2122 2984,2119 3029,2116 3074,2116 3119,2119"/>
                <TextEquiv>
                    <Unicode>Herr Graf, als Sie denken. Sie sind eine</Unicode>
                </TextEquiv>
            </TextLine>
            <TextLine id="tr_2_tl_4" custom="readingOrder {index:3;}">
                <Coords points="1126,2299 2479,2309 2479,2234 2334,2194 2241,2239 1688,2191 1481,2234 1128,2211"/>
                <Baseline points="1140,2283 1185,2286 1229,2286 1274,2286 1319,2286 1364,2283 1408,2283 1453,2283 1498,2283 1543,2286 1587,2286 1632,2283 1677,2283 1722,2283 1767,2280 1811,2280 1856,2280 1901,2277 1946,2280 1990,2280 2035,2277 2080,2277 2125,2277 2170,2277 2214,2277 2259,2277 2304,2280 2349,2280 2393,2280 2438,2280 2483,2283 2486,2286"/>
                <TextEquiv>
                    <Unicode>Jugendschwärmerei von mir.</Unicode>
                </TextEquiv>
            </TextLine>
            <TextLine id="tr_2_tl_5" custom="readingOrder {index:4;}">
                <Coords points="1136,2509 1426,2436 2669,2454 2971,2416 2974,2354 1138,2371"/>
                <Baseline points="1149,2438 1185,2435 1229,2438 1274,2438 1319,2435 1364,2435 1408,2441 1453,2435 1498,2435 1543,2432 1587,2435 1632,2435 1677,2435 1722,2432 1767,2432 1811,2432 1856,2432 1901,2429 1946,2432 1990,2432 2035,2432 2080,2429 2125,2429 2170,2429 2214,2426 2259,2429 2304,2429 2349,2429 2393,2429 2438,2429 2483,2426 2528,2423 2572,2423 2617,2423 2662,2420 2707,2417 2752,2411 2796,2408 2841,2405 2886,2405 2931,2402 2975,2402"/>
                <TextEquiv>
                    <Unicode>Graf: Oh, sehr schmeichelhaft.</Unicode>
                </TextEquiv>
            </TextLine>
            <TextLine id="tr_2_tl_6" custom="readingOrder {index:5;}">
                <Coords points="1326,2524 1501,2536 1798,2524 1798,2446 1763,2441 1736,2461 1711,2444 1628,2449 1588,2466 1508,2446 1446,2456 1428,2439 1388,2454 1326,2441"/>
                <Baseline points="1340,2501 1355,2498 1399,2498 1444,2498 1489,2498 1534,2501 1579,2501 1623,2501 1668,2501 1713,2498 1758,2495 1802,2492"/>
                <TextEquiv>
                    <Unicode>verstehe mits</Unicode>
                </TextEquiv>
            </TextLine>
            <TextLine id="tr_2_tl_7" custom="readingOrder {index:6;}">
                <Coords points="1133,2624 1323,2684 1876,2601 2969,2611 2971,2499 2869,2479 2536,2549 2241,2491 1453,2544 1136,2501"/>
                <Baseline points="1146,2593 1185,2590 1229,2590 1274,2590 1319,2587 1364,2590 1408,2590 1453,2590 1498,2590 1543,2590 1587,2590 1632,2590 1677,2590 1722,2587 1767,2587 1811,2587 1856,2584 1901,2584 1946,2584 1990,2584 2035,2581 2080,2584 2125,2581 2170,2581 2214,2584 2259,2584 2304,2584 2349,2584 2393,2584 2438,2581 2483,2581 2528,2578 2572,2578 2617,2578 2662,2578 2707,2578 2752,2575 2796,2575 2841,2575 2886,2575 2931,2575 2975,2575"/>
                <TextEquiv>
                    <Unicode>Fliederbusch: Darf ich Sie an einen</Unicode>
                </TextEquiv>
            </TextLine>
            <TextLine id="tr_2_tl_8" custom="readingOrder {index:7;}">
                <Coords points="1121,2761 1876,2741 2379,2799 2921,2756 2921,2669 1121,2681"/>
                <Baseline points="1134,2746 1137,2743 1182,2743 1226,2743 1271,2743 1316,2743 1361,2743 1405,2743 1450,2740 1495,2740 1540,2740 1584,2740 1629,2740 1674,2740 1719,2740 1764,2740 1808,2740 1853,2740 1898,2737 1943,2737 1987,2737 2032,2737 2077,2737 2122,2737 2167,2737 2211,2737 2256,2737 2301,2737 2346,2737 2390,2734 2435,2734 2480,2734 2525,2734 2570,2734 2614,2734 2659,2734 2704,2734 2749,2734 2793,2734 2838,2731 2883,2731 2928,2734"/>
                <TextEquiv>
                    <Unicode>Sommerabend erinnern, der wohl zehn</Unicode>
                </TextEquiv>
            </TextLine>
            <TextLine id="tr_2_tl_9" custom="readingOrder {index:8;}">
                <Coords points="1128,2899 1736,2906 1953,2971 2381,2916 2839,2949 2901,2934 2901,2809 1581,2811 1128,2869"/>
                <Baseline points="1143,2898 1161,2898 1205,2898 1250,2898 1295,2898 1340,2898 1384,2898 1429,2898 1474,2898 1519,2898 1564,2898 1608,2895 1653,2892 1698,2895 1743,2892 1787,2895 1832,2895 1877,2892 1922,2895 1967,2895 2011,2895 2056,2895 2101,2892 2146,2892 2190,2892 2235,2892 2280,2892 2325,2889 2370,2889 2414,2889 2459,2889 2504,2889 2549,2889 2593,2889 2638,2889 2683,2889 2728,2889 2772,2889 2817,2889 2862,2889 2907,2892"/>
                <TextEquiv>
                    <Unicode>oder zwölf Jahre zurückliegen mag?</Unicode>
                </TextEquiv>
            </TextLine>
            <TextLine id="tr_2_tl_10" custom="readingOrder {index:9;}">
                <Coords points="1121,3062 1613,3054 1776,3127 2056,3129 2459,3064 2661,3117 2971,3059 2971,2974 1121,2984"/>
                <Baseline points="1134,3050 1143,3050 1187,3050 1232,3050 1277,3053 1322,3053 1367,3050 1411,3053 1456,3050 1501,3050 1546,3050 1590,3050 1635,3050 1680,3050 1725,3047 1770,3047 1814,3047 1859,3047 1904,3047 1949,3044 1993,3047 2038,3047 2083,3047 2128,3047 2173,3050 2217,3044 2262,3044 2307,3044 2352,3047 2396,3044 2441,3047 2486,3044 2531,3044 2575,3044 2620,3044 2665,3041 2710,3041 2755,3041 2799,3041 2844,3041 2889,3041 2934,3041 2978,3038"/>
                <TextEquiv>
                    <Unicode>Sie sassen in einer Gesllschaft von</Unicode>
                </TextEquiv>
            </TextLine>
            <TextLine id="tr_2_tl_11" custom="readingOrder {index:10;}">
                <Coords points="1131,3237 1606,3214 1721,3282 1861,3224 3139,3224 3139,3137 2921,3092 1133,3152"/>
                <Baseline points="1146,3208 1176,3208 1220,3205 1265,3205 1310,3205 1355,3208 1399,3205 1444,3205 1489,3205 1534,3208 1579,3205 1623,3205 1668,3205 1713,3205 1758,3205 1802,3202 1847,3202 1892,3202 1937,3199 1981,3199 2026,3202 2071,3202 2116,3202 2161,3202 2205,3202 2250,3199 2295,3199 2340,3199 2384,3196 2429,3199 2474,3196 2519,3196 2564,3196 2608,3196 2653,3196 2698,3196 2743,3196 2787,3193 2832,3193 2877,3193 2922,3193 2966,3193 3011,3193 3056,3190 3101,3193 3146,3196"/>
                <TextEquiv>
                    <Unicode>andern jungen Herrn,der Fürst Radowitz</Unicode>
                </TextEquiv>
            </TextLine>
            <TextLine id="tr_2_tl_12" custom="readingOrder {index:11;}">
                <Coords points="1126,3372 1573,3359 1821,3449 2309,3377 2364,3422 2964,3384 3027,3304 2204,3239 2056,3299 1126,3307"/>
                <Baseline points="1140,3361 1185,3358 1229,3361 1274,3361 1319,3361 1364,3361 1408,3361 1453,3358 1498,3358 1543,3358 1587,3358 1632,3358 1677,3358 1722,3358 1767,3358 1811,3358 1856,3355 1901,3355 1946,3355 1990,3355 2035,3355 2080,3355 2125,3352 2170,3352 2214,3352 2259,3352 2304,3352 2349,3352 2393,3352 2438,3352 2483,3352 2528,3352 2572,3352 2617,3352 2662,3349 2707,3352 2752,3352 2796,3349 2841,3349 2886,3349 2931,3349 2975,3352 3020,3358 3032,3366"/>
                <TextEquiv>
                    <Unicode>war dabei und Herr Demeter Stanzides</Unicode>
                </TextEquiv>
            </TextLine>
            <TextLine id="tr_2_tl_13" custom="readingOrder {index:12;}">
                <Coords points="1128,3519 2174,3597 2459,3512 3119,3537 3122,3442 1128,3459"/>
                <Baseline points="1143,3519 1158,3516 1202,3516 1247,3513 1292,3513 1337,3516 1382,3513 1426,3513 1471,3513 1516,3513 1561,3516 1605,3513 1650,3510 1695,3507 1740,3510 1784,3510 1829,3510 1874,3507 1919,3507 1964,3507 2008,3507 2053,3507 2098,3507 2143,3510 2187,3507 2232,3507 2277,3507 2322,3507 2367,3504 2411,3504 2456,3507 2501,3507 2546,3507 2590,3507 2635,3504 2680,3504 2725,3504 2769,3504 2814,3504 2859,3504 2904,3504 2949,3504 2993,3504 3038,3504 3083,3504 3128,3504"/>
                <TextEquiv>
                    <Unicode>in einem Praterrestaurant im Garten.Es</Unicode>
                </TextEquiv>
            </TextLine>
            <TextLine id="tr_2_tl_14" custom="readingOrder {index:13;}">
                <Coords points="1126,3712 2861,3714 3052,3679 3052,3574 1126,3604"/>
                <Baseline points="1140,3674 1179,3668 1223,3671 1268,3671 1313,3671 1358,3671 1402,3668 1447,3668 1492,3668 1537,3668 1581,3668 1626,3665 1671,3668 1716,3668 1761,3668 1805,3668 1850,3668 1895,3668 1940,3671 1984,3668 2029,3671 2074,3668 2119,3665 2164,3665 2208,3662 2253,3662 2298,3662 2343,3659 2387,3659 2432,3659 2477,3659 2522,3662 2567,3659 2611,3662 2656,3662 2701,3662 2746,3662 2790,3662 2835,3662 2880,3662 2925,3662 2969,3662 3014,3659 3059,3656"/>
                <TextEquiv>
                    <Unicode>war am Derbytag. La Gondola hatte ge-</Unicode>
                </TextEquiv>
            </TextLine>
        </TextRegion>
    </Page>
</PcGts>
