<?xml version="1.0" encoding="UTF-8" standalone="yes"?>
<PcGts xmlns="http://schema.primaresearch.org/PAGE/gts/pagecontent/2013-07-15" xmlns:xsi="http://www.w3.org/2001/XMLSchema-instance" xsi:schemaLocation="http://schema.primaresearch.org/PAGE/gts/pagecontent/2013-07-15 http://schema.primaresearch.org/PAGE/gts/pagecontent/2013-07-15/pagecontent.xsd">
    <Metadata>
        <Creator>prov=READ-COOP:name=TrHtr:version=2.1.0:model_id=51170:date=30_07_2023_06:35</Creator>
        <Created>2023-05-10T13:33:31.359+02:00</Created>
        <LastChange>2023-07-30T06:35:59.540+02:00</LastChange>
        <TranskribusMetadata docId="1428582" pageId="55413400" pageNr="185" tsid="131485692" status="IN_PROGRESS" userId="64420" imgUrl="https://files.transkribus.eu/Get?id=GJXDQEBKAAVIVEPGYZVBHNZK&amp;fileType=view" xmlUrl="https://files.transkribus.eu/Get?id=EYZVGBNJMJEZYBHWLKJOOPKZ" imageId="44687541"/>
    </Metadata>
    <Page imageFilename="1428582_0185.jpg" imageWidth="3416" imageHeight="4104">
        <ReadingOrder>
            <OrderedGroup id="ro_1711791463435" caption="Regions reading order">
                <RegionRefIndexed index="0" regionRef="tr_1"/>
                <RegionRefIndexed index="1" regionRef="tr_2"/>
            </OrderedGroup>
        </ReadingOrder>
        <TextRegion id="tr_1" custom="readingOrder {index:0;}">
            <Coords points="1029,415 2954,415 2954,1896 1029,1896"/>
            <TextLine id="tr_1_tl_1" custom="readingOrder {index:0;}">
                <Coords points="2725,540 2762,530 2774,540 2813,515 2825,520 2845,510 2857,525 2869,517 2901,520 2904,378 2882,385 2852,378 2840,385 2818,375 2791,383 2764,365 2759,370 2727,361"/>
                <Baseline points="2739,471 2784,471 2829,465 2874,468 2907,471"/>
                <TextEquiv>
                    <Unicode>175</Unicode>
                </TextEquiv>
            </TextLine>
            <TextLine id="tr_1_tl_2" custom="readingOrder {index:1;}">
                <Coords points="1015,733 1391,657 2170,640 2462,731 2928,640 2931,530 2335,594 1648,527 1018,606"/>
                <Baseline points="1029,662 1050,662 1095,659 1140,659 1184,659 1229,659 1274,659 1319,659 1364,659 1408,656 1453,656 1498,656 1543,656 1587,653 1632,656 1677,653 1722,650 1766,650 1811,650 1856,647 1901,647 1946,644 1990,644 2035,641 2080,641 2125,641 2169,641 2214,638 2259,638 2304,638 2348,638 2393,635 2438,632 2483,632 2528,629 2572,629 2617,629 2662,629 2707,626 2751,626 2796,626 2841,629 2886,632 2931,632"/>
                <TextEquiv>
                    <Unicode>Kollege aus dem Gymnasium.Herr Styx.</Unicode>
                </TextEquiv>
            </TextLine>
            <TextLine id="tr_1_tl_3" custom="readingOrder {index:2;}">
                <Coords points="1015,849 1910,809 2200,888 2467,871 2867,807 2869,701 1018,741"/>
                <Baseline points="1032,814 1035,817 1080,814 1125,814 1170,814 1214,811 1259,814 1304,811 1349,811 1393,811 1438,808 1483,808 1528,808 1572,805 1617,805 1662,805 1707,805 1752,802 1796,799 1841,799 1886,802 1931,802 1975,796 2020,796 2065,796 2110,793 2154,793 2199,793 2244,793 2289,790 2334,787 2378,787 2423,784 2468,784 2513,781 2557,781 2602,779 2647,779 2692,779 2736,779 2781,779 2826,779 2871,776"/>
                <TextEquiv>
                    <Unicode>Meine Frau - Herr Doktor Abendstern</Unicode>
                </TextEquiv>
            </TextLine>
            <TextLine id="tr_1_tl_4" custom="readingOrder {index:3;}">
                <Coords points="1015,1052 1302,1055 1508,961 2649,944 2904,1003 2909,871 1020,883"/>
                <Baseline points="1032,973 1074,973 1119,970 1164,970 1208,970 1253,970 1298,967 1343,967 1387,967 1432,964 1477,964 1522,961 1566,958 1611,961 1656,958 1701,955 1746,955 1790,955 1835,952 1880,952 1925,949 1969,949 2014,949 2059,946 2104,946 2149,946 2193,949 2238,946 2283,943 2328,943 2372,940 2417,940 2462,937 2507,937 2551,934 2596,934 2641,934 2686,934 2731,931 2775,931 2820,928 2865,928 2910,931"/>
                <TextEquiv>
                    <Unicode>Styx: Ihr Name ist mir natürlich be¬</Unicode>
                </TextEquiv>
            </TextLine>
            <TextLine id="tr_1_tl_5" custom="readingOrder {index:4;}">
                <Coords points="1028,1175 1194,1131 1359,1204 2367,1136 2764,1182 2798,1018 1030,1042"/>
                <Baseline points="1041,1125 1059,1122 1104,1119 1149,1119 1193,1119 1238,1119 1283,1119 1328,1119 1372,1119 1417,1116 1462,1116 1507,1116 1552,1113 1596,1110 1641,1110 1686,1110 1731,1107 1775,1107 1820,1107 1865,1107 1910,1107 1954,1104 1999,1104 2044,1104 2089,1101 2134,1101 2178,1101 2223,1101 2268,1098 2313,1095 2357,1095 2402,1095 2447,1092 2492,1092 2537,1089 2581,1092 2626,1089 2671,1086 2716,1086 2760,1086 2805,1086"/>
                <TextEquiv>
                    <Unicode>kannt. Die Herrschaften sind in der</Unicode>
                </TextEquiv>
            </TextLine>
            <TextLine id="tr_1_tl_6" custom="readingOrder {index:5;}">
                <Coords points="1023,1292 1069,1310 1101,1290 1133,1315 1172,1300 1192,1317 1292,1292 1476,1346 1479,1187 1437,1192 1408,1175 1334,1221 1256,1185 1194,1204 1165,1189 1091,1214 1067,1204 1023,1231"/>
                <Baseline points="1035,1274 1080,1274 1125,1274 1170,1271 1214,1271 1259,1271 1304,1271 1349,1268 1393,1271 1438,1268 1483,1271"/>
                <TextEquiv>
                    <Unicode>Abreise?</Unicode>
                </TextEquiv>
            </TextLine>
            <TextLine id="tr_1_tl_7" custom="readingOrder {index:6;}">
                <Coords points="1025,1506 1449,1484 1589,1538 1773,1425 1925,1486 2143,1405 2735,1445 2950,1408 2953,1297 2168,1366 1030,1349"/>
                <Baseline points="1041,1429 1074,1426 1119,1423 1164,1423 1208,1423 1253,1420 1298,1420 1343,1420 1387,1420 1432,1420 1477,1420 1522,1420 1566,1420 1611,1420 1656,1417 1701,1417 1746,1417 1790,1414 1835,1417 1880,1414 1925,1414 1969,1411 2014,1411 2059,1408 2104,1405 2149,1405 2193,1402 2238,1402 2283,1402 2328,1399 2372,1399 2417,1396 2462,1396 2507,1396 2551,1396 2596,1396 2641,1393 2686,1393 2731,1393 2775,1390 2820,1390 2865,1390 2910,1390 2954,1396"/>
                <TextEquiv>
                    <Unicode>Fliederbusch: Oh,ich verreise nicht.</Unicode>
                </TextEquiv>
            </TextLine>
            <TextLine id="tr_1_tl_8" custom="readingOrder {index:7;}">
                <Coords points="1028,1614 1322,1577 1479,1663 1964,1641 2117,1560 2340,1638 2757,1584 2757,1479 2634,1442 2379,1501 1739,1486 1601,1543 1030,1508"/>
                <Baseline points="1041,1581 1059,1581 1104,1578 1149,1575 1193,1575 1238,1575 1283,1575 1328,1575 1372,1575 1417,1572 1462,1572 1507,1572 1552,1575 1596,1575 1641,1572 1686,1569 1731,1569 1775,1566 1820,1563 1865,1563 1910,1563 1954,1563 1999,1563 2044,1561 2089,1561 2134,1558 2178,1558 2223,1558 2268,1555 2313,1555 2357,1552 2402,1552 2447,1552 2492,1549 2537,1549 2581,1546 2626,1546 2671,1546 2716,1543 2760,1549"/>
                <TextEquiv>
                    <Unicode>Meine Frau geht aufs Land mit der</Unicode>
                </TextEquiv>
            </TextLine>
            <TextLine id="tr_1_tl_9" custom="readingOrder {index:8;}">
                <Coords points="1035,1798 1285,1822 1447,1781 1521,1812 1962,1776 2109,1812 2273,1763 2276,1633 1643,1636 1312,1690 1187,1638 1040,1658"/>
                <Baseline points="1050,1728 1068,1731 1113,1731 1158,1728 1202,1731 1247,1728 1292,1728 1337,1728 1381,1728 1426,1725 1471,1725 1516,1725 1561,1725 1605,1722 1650,1722 1695,1722 1740,1719 1784,1716 1829,1716 1874,1716 1919,1713 1963,1713 2008,1713 2053,1713 2098,1710 2143,1707 2187,1707 2232,1710 2277,1707"/>
                <TextEquiv>
                    <Unicode>Kleinen zu ihrer Mutter.</Unicode>
                </TextEquiv>
            </TextLine>
            <TextLine id="tr_1_tl_10" custom="readingOrder {index:9;}">
                <Coords points="1030,1950 1297,1960 1459,1879 1915,1915 2541,1857 2663,1925 2894,1871 2894,1803 2705,1761 1033,1800"/>
                <Baseline points="1047,1880 1062,1883 1107,1886 1152,1886 1196,1886 1241,1883 1286,1886 1331,1886 1375,1880 1420,1877 1465,1877 1510,1877 1555,1874 1599,1874 1644,1874 1689,1871 1734,1868 1778,1868 1823,1868 1868,1868 1913,1865 1957,1865 2002,1868 2047,1862 2092,1862 2137,1859 2181,1859 2226,1859 2271,1859 2316,1859 2360,1859 2405,1859 2450,1856 2495,1856 2540,1853 2584,1853 2629,1853 2674,1850 2719,1847 2763,1847 2808,1847 2853,1847 2898,1841"/>
                <TextEquiv>
                    <Unicode>Styx: Ich hätte nur wenige Minuten -</Unicode>
                </TextEquiv>
            </TextLine>
        </TextRegion>
        <TextRegion id="tr_2" custom="readingOrder {index:1;}">
            <Coords points="1047,1946 3008,1946 3008,3731 1047,3731"/>
            <TextLine id="tr_2_tl_1" custom="readingOrder {index:0;}">
                <Coords points="1030,2082 1749,2117 1893,2026 2185,2014 2352,2094 2457,2040 2543,2087 2717,2009 3004,2021 3007,1942 1035,1947"/>
                <Baseline points="1047,2035 1083,2038 1128,2035 1172,2032 1217,2035 1262,2032 1307,2032 1352,2032 1396,2032 1441,2029 1486,2029 1531,2026 1575,2026 1620,2023 1665,2023 1710,2023 1755,2023 1799,2020 1844,2020 1889,2017 1934,2017 1978,2017 2023,2017 2068,2017 2113,2014 2157,2014 2202,2011 2247,2011 2292,2011 2337,2011 2381,2008 2426,2008 2471,2005 2516,2005 2560,2008 2605,2008 2650,2002 2695,2002 2739,2002 2784,1999 2829,2002 2874,1999 2919,1996 2963,1999 3008,1999"/>
                <TextEquiv>
                    <Unicode>Fliederbusch: (Mit mir allein + Wenn du</Unicode>
                </TextEquiv>
            </TextLine>
            <TextLine id="tr_2_tl_2" custom="readingOrder {index:1;}">
                <Coords points="1042,2212 1143,2249 1292,2185 1570,2269 1822,2175 2188,2249 2585,2212 2587,2114 2482,2085 1045,2121"/>
                <Baseline points="1056,2187 1071,2187 1116,2187 1161,2187 1205,2187 1250,2187 1295,2184 1340,2184 1384,2181 1429,2181 1474,2181 1519,2181 1563,2178 1608,2178 1653,2178 1698,2175 1743,2175 1787,2172 1832,2172 1877,2172 1922,2175 1966,2175 2011,2175 2056,2172 2101,2169 2146,2169 2190,2166 2235,2166 2280,2163 2325,2163 2369,2160 2414,2160 2459,2160 2504,2157 2548,2157 2593,2154"/>
                <TextEquiv>
                    <Unicode>dich nur ein wenig geduldest -</Unicode>
                </TextEquiv>
            </TextLine>
            <TextLine id="tr_2_tl_3" custom="readingOrder {index:2;}">
                <Coords points="1040,2401 2703,2391 2754,2386 2759,2249 1319,2273 1045,2212"/>
                <Baseline points="1056,2343 1062,2340 1107,2340 1152,2340 1196,2340 1241,2340 1286,2340 1331,2340 1375,2340 1420,2337 1465,2337 1510,2334 1555,2334 1599,2334 1644,2331 1689,2331 1734,2328 1778,2328 1823,2328 1868,2325 1913,2325 1957,2325 2002,2325 2047,2322 2092,2322 2137,2322 2181,2322 2226,2316 2271,2316 2316,2316 2360,2316 2405,2316 2450,2313 2495,2313 2540,2316 2584,2316 2629,2313 2674,2310 2719,2310 2763,2310"/>
                <TextEquiv>
                    <Unicode>Fanny: Also begleitest du uns gar</Unicode>
                </TextEquiv>
            </TextLine>
            <TextLine id="tr_2_tl_4" custom="readingOrder {index:3;}">
                <Coords points="1040,2511 1175,2541 1354,2487 1646,2533 1731,2487 2323,2494 2357,2489 2357,2394 1754,2433 1584,2396 1351,2445 1216,2399 1042,2443"/>
                <Baseline points="1053,2498 1065,2492 1110,2492 1155,2489 1199,2489 1244,2489 1289,2489 1334,2489 1378,2489 1423,2486 1468,2486 1513,2486 1558,2483 1602,2483 1647,2483 1692,2480 1737,2480 1781,2480 1826,2480 1871,2477 1916,2474 1960,2471 2005,2474 2050,2474 2095,2474 2140,2471 2184,2471 2229,2468 2274,2468 2319,2468 2363,2471"/>
                <TextEquiv>
                    <Unicode>nicht einmal an die Bahn?</Unicode>
                </TextEquiv>
            </TextLine>
            <TextLine id="tr_2_tl_5" custom="readingOrder {index:4;}">
                <Coords points="1042,2688 1427,2744 2320,2619 2524,2708 2916,2619 2918,2538 2678,2497 2556,2546 1045,2573"/>
                <Baseline points="1056,2647 1086,2647 1131,2644 1175,2641 1220,2638 1265,2638 1310,2638 1355,2635 1399,2635 1444,2635 1489,2635 1534,2632 1578,2635 1623,2632 1668,2635 1713,2632 1758,2629 1802,2626 1847,2626 1892,2623 1937,2626 1981,2623 2026,2623 2071,2620 2116,2620 2160,2620 2205,2617 2250,2620 2295,2617 2340,2617 2384,2617 2429,2617 2474,2617 2519,2614 2563,2617 2608,2614 2653,2611 2698,2608 2742,2608 2787,2608 2832,2605 2877,2605 2922,2605"/>
                <TextEquiv>
                    <Unicode>Fliederbusch: Das könnte ich ja kei-</Unicode>
                </TextEquiv>
            </TextLine>
            <TextLine id="tr_2_tl_6" custom="readingOrder {index:5;}">
                <Coords points="1040,2867 1445,2793 1881,2901 2259,2820 2963,2857 2965,2683 1042,2732"/>
                <Baseline points="1053,2796 1092,2796 1137,2793 1181,2793 1226,2793 1271,2793 1316,2793 1361,2793 1405,2790 1450,2790 1495,2790 1540,2787 1584,2787 1629,2787 1674,2787 1719,2784 1763,2781 1808,2784 1853,2781 1898,2781 1943,2778 1987,2778 2032,2778 2077,2778 2122,2775 2166,2775 2211,2775 2256,2775 2301,2775 2345,2772 2390,2772 2435,2769 2480,2769 2525,2769 2569,2766 2614,2766 2659,2766 2704,2763 2748,2763 2793,2763 2838,2763 2883,2760 2928,2757 2972,2754"/>
                <TextEquiv>
                    <Unicode>neswegs und morgen Früh sehen wir uns</Unicode>
                </TextEquiv>
            </TextLine>
            <TextLine id="tr_2_tl_7" custom="readingOrder {index:6;}">
                <Coords points="1064,3004 1143,3036 1180,3021 1268,3039 1305,3021 1337,3041 1378,3019 1430,3014 1459,3036 1570,3014 1575,2867 1535,2855 1474,2884 1432,2865 1371,2896 1290,2867 1221,2891 1167,2862 1140,2869 1113,2840 1067,2860"/>
                <Baseline points="1077,2966 1086,2963 1131,2954 1175,2951 1220,2951 1265,2948 1310,2945 1355,2945 1399,2945 1444,2942 1489,2942 1534,2945 1578,2948"/>
                <TextEquiv>
                    <Unicode>ja wieder.</Unicode>
                </TextEquiv>
            </TextLine>
            <TextLine id="tr_2_tl_8" custom="readingOrder {index:7;}">
                <Coords points="1050,3174 2916,3137 2918,3009 2825,2982 1312,3044 1055,2990"/>
                <Baseline points="1065,3107 1086,3110 1131,3107 1175,3110 1220,3107 1265,3107 1310,3107 1355,3104 1399,3101 1444,3098 1489,3098 1534,3098 1578,3095 1623,3095 1668,3092 1713,3092 1758,3089 1802,3089 1847,3089 1892,3089 1937,3089 1981,3089 2026,3086 2071,3086 2116,3086 2160,3086 2205,3083 2250,3080 2295,3080 2340,3080 2384,3080 2429,3080 2474,3077 2519,3077 2563,3077 2608,3077 2653,3080 2698,3083 2742,3080 2787,3077 2832,3074 2877,3074 2922,3074"/>
                <TextEquiv>
                    <Unicode>styx: ich könnte eventuell auch spä-</Unicode>
                </TextEquiv>
            </TextLine>
            <TextLine id="tr_2_tl_9" custom="readingOrder {index:8;}">
                <Coords points="1059,3272 1113,3264 1165,3284 1256,3254 1315,3281 1467,3262 1513,3291 1599,3294 1601,3174 1503,3171 1467,3147 1354,3201 1234,3166 1140,3188 1059,3169"/>
                <Baseline points="1074,3256 1116,3256 1161,3256 1205,3256 1250,3253 1295,3253 1340,3253 1384,3250 1429,3250 1474,3250 1519,3247 1563,3247 1608,3250"/>
                <TextEquiv>
                    <Unicode>ter kommen</Unicode>
                </TextEquiv>
            </TextLine>
            <TextLine id="tr_2_tl_10" custom="readingOrder {index:9;}">
                <Coords points="1057,3470 2955,3456 2990,3326 2869,3281 2426,3345 1913,3291 1059,3340"/>
                <Baseline points="1071,3411 1113,3414 1158,3414 1202,3411 1247,3408 1292,3408 1337,3405 1381,3405 1426,3405 1471,3405 1516,3405 1561,3405 1605,3402 1650,3402 1695,3402 1740,3402 1784,3399 1829,3396 1874,3399 1919,3396 1963,3396 2008,3396 2053,3396 2098,3396 2143,3393 2187,3390 2232,3390 2277,3390 2322,3387 2366,3390 2411,3390 2456,3390 2501,3387 2545,3384 2590,3387 2635,3384 2680,3384 2725,3381 2769,3381 2814,3381 2859,3381 2904,3378 2948,3378 2993,3384"/>
                <TextEquiv>
                    <Unicode>Fliederbusch: Oh, ich stehe gleich zur</Unicode>
                </TextEquiv>
            </TextLine>
            <TextLine id="tr_2_tl_11" custom="readingOrder {index:10;}">
                <Coords points="1064,3610 1236,3659 1329,3632 1403,3649 1432,3625 1457,3644 1587,3647 1584,3483 1494,3468 1425,3500 1342,3478 1297,3495 1064,3497"/>
                <Baseline points="1077,3560 1122,3563 1167,3563 1211,3563 1256,3560 1301,3563 1346,3563 1390,3566 1435,3566 1480,3566 1525,3566 1569,3569 1590,3572"/>
                <TextEquiv>
                    <Unicode>Verfügung.</Unicode>
                </TextEquiv>
            </TextLine>
            <TextLine id="tr_2_tl_12" custom="readingOrder {index:11;}">
                <Coords points="1057,3809 1957,3711 2102,3757 2531,3691 2784,3743 2835,3730 2838,3600 1636,3666 1062,3615"/>
                <Baseline points="1074,3721 1092,3721 1137,3721 1181,3718 1226,3718 1271,3718 1316,3718 1361,3718 1405,3715 1450,3715 1495,3715 1540,3710 1584,3713 1629,3718 1674,3718 1719,3710 1763,3707 1808,3707 1853,3707 1898,3707 1943,3704 1987,3701 2032,3701 2077,3701 2122,3698 2166,3698 2211,3695 2256,3695 2301,3695 2345,3695 2390,3698 2435,3695 2480,3695 2525,3692 2569,3692 2614,3692 2659,3689 2704,3686 2748,3686 2793,3686 2838,3686"/>
                <TextEquiv>
                    <Unicode>Abendstern: Und ich werde so frei</Unicode>
                </TextEquiv>
            </TextLine>
        </TextRegion>
    </Page>
</PcGts>
