3480 4120
2848 408 2984 538 75
1072 566 1588 730 nem Sohn.
1079 702 3032 898 Satan: Es ist überflüssig Egon in die
1082 886 2926 1047 Debatte zu ziehen. Jedenfalls fände
1082 1022 2919 1188 ich es überflüssig,dass er nochmals
1082 1157 2869 1334 so wie in seinem Freiwilligenjahr
1085 1319 2934 1490 für die Ehre meines Blattes, für die
1085 1452 3030 1651 Ehre seines Vaters, für die sogenannte
1092 1623 2350 1827 Kausig; Ich bitte dich —
1090 1794 3040 1953 Sat an: Ein für alle Mal, ich habe keine
1085 1912 2833 2109 Lust noch heute,da wir daran sind
1090 2086 2979 2270 eine geachtete Position im Reicheder
1090 2239 1789 2421 Journalistik-
1087 2360 3042 2594 Kausig: Fad werden wir. Nicht mehr zum
1092 2509 3113 2672 Lesen ist das Blatt (Das sind ja lauter
1092 2690 2250 2869 Einbildungen von Egon.
1097 2838 2941 3040 Satan: Einbildungen? In einer Stunde
1097 2989 2894 3196 wird der Graf Niederhof hier sein.
385 3115 881 3261 Es tat wiis ce
1044 3158 1877 3344 (Kausig: Na und
433 3213 1067 3384 -beile. Hier...
1105 3271 3115 3447 Satan: Und es bereiten sich Dinge vor.
