3416 4104
2850 408 2989 547 46
1759 446 2485 612 basßion schin.
1046 509 3057 716 Abendstern: Aber wer gibt uns das Geld?
2520 655 2870 774 ne bekend
1051 726 2981 857 Füllmann: Das bekommen wir.(Wenn wir
1051 847 2931 1008 nur fest entschlossen sind — und Sie
1046 983 2724 1202 haben doch (ein kleines) Vermögen.
1046 1124 2785 1315 Abendstern: Ich hab ein Vermögen?
1046 1305 2870 1462 Füllmann: Sie haben doch was geerbt
1058 1489 2422 1623 vor zwei oder drei Jahren.
1048 1628 2946 1769 Abendstern: So viel, dass ich von den
1048 1756 2868 1920 Zinsen gnad mein Gabelfrühstück be¬
1048 1910 1792 2094 streiten kann.
1603 1986 2938 2162 Was set sit... an hend alged
1063 2071 3034 2240 Füllmann: Müssen Sie gabelfrühstücken?
1051 2202 2933 2379 Sie werden sowieso viel zu dick. Aber
1053 2364 3074 2565 ganz im Ernst.Wenn die Leute nur unsem
1058 2540 2029 2696 guten Willen sehn.
1058 2656 3039 2838 Abendstern: Unsern guten Willen? Meine
1063 2843 2389 3019 paar Groschen.meinen sie?
1053 3014 3069 3190 Füllmann: Sie wären gut angelegt,Abend
1048 3173 1381 3336 stern.
1051 3276 2903 3508 Abendstern:Sie sind ja ein Narr.Was
1046 3445 3069 3639 mach ich, wenn ich heut oder xxx mei
1051 3588 2805 3793 ne Feder aus der Hand legen muss?
