3400 4104
257 319 1697 499 Wo ist er bin -? - Not xx-
327 401 2019 587 hier er weit dort auch fredet, inde
297 488 1959 696 nicht aufallen - und zurück
281 559 2478 835 u. beiden sie - haben he ihn - ist bleibe.
2246 663 2625 821 n wolle.
330 772 2216 996 Abendlese gelt. the a argulé, ue s
368 922 1594 1141 nd aufgehalt
265 1124 1861 1400 (né point kairit).
371 1302 1902 1544 né en lui et nécessifs.
349 1452 2085 1714 Il ke jeunell.? Et un with
295 1613 2126 1861 mich komen - - unvers toutes! -
483 1768 2158 1957 21 heb  - a delin toill
456 1921 2156 2098 Iil war it cttes " Behaupt -
314 2093 2366 2276 tot in de triell nicht delifsive
396 2218 2268 2434 tres Polize? - Vein je-nime
401 2377 1967 2633 wld am Tn gefunden Fälte -
933 2677 2510 2993 Ob Revid  Treslut
1834 2958 2221 3201 Tanti.
