<?xml version="1.0" encoding="UTF-8" standalone="yes"?>
<PcGts xmlns="http://schema.primaresearch.org/PAGE/gts/pagecontent/2013-07-15" xmlns:xsi="http://www.w3.org/2001/XMLSchema-instance" xsi:schemaLocation="http://schema.primaresearch.org/PAGE/gts/pagecontent/2013-07-15 http://schema.primaresearch.org/PAGE/gts/pagecontent/2013-07-15/pagecontent.xsd">
    <Metadata>
        <Creator>prov=READ-COOP:name=TrHtr:version=2.1.0:model_id=51170:date=30_07_2023_06:35</Creator>
        <Created>2023-05-10T13:33:12.013+02:00</Created>
        <LastChange>2023-07-30T06:35:13.494+02:00</LastChange>
        <TranskribusMetadata docId="1428582" pageId="55412489" pageNr="28" tsid="131485532" status="IN_PROGRESS" userId="64420" imgUrl="https://files.transkribus.eu/Get?id=KRVPZULMGSHIENBWQSYBYVMJ&amp;fileType=view" xmlUrl="https://files.transkribus.eu/Get?id=YJYRBOJUIIRSTHKBAOOMKTRK" imageId="44686630"/>
    </Metadata>
    <Page imageFilename="1428582_0028.jpg" imageWidth="3512" imageHeight="4152">
        <ReadingOrder>
            <OrderedGroup id="ro_1711791322879" caption="Regions reading order">
                <RegionRefIndexed index="0" regionRef="tr_1"/>
            </OrderedGroup>
        </ReadingOrder>
        <TextRegion id="tr_1" custom="readingOrder {index:0;}">
            <Coords points="238,323 3211,323 3211,3597 238,3597"/>
            <TextLine id="tr_1_tl_1" custom="readingOrder {index:0;}">
                <Coords points="2686,411 2718,401 2750,406 2763,399 2802,423 2807,418 2824,423 2827,278 2792,280 2755,305 2740,305 2718,285 2689,288"/>
                <Baseline points="2701,376 2746,376 2790,373 2829,376"/>
                <TextEquiv>
                    <Unicode>30</Unicode>
                </TextEquiv>
            </TextLine>
            <TextLine id="tr_1_tl_2" custom="readingOrder {index:1;}">
                <Coords points="219,608 303,581 379,595 458,556 519,593 571,563 647,590 659,455 603,467 563,430 408,453 330,430 290,460 234,440"/>
                <Baseline points="238,567 256,564 301,558 346,546 391,543 435,540 480,537 525,534 570,531 614,528 659,528"/>
                <TextEquiv>
                    <Unicode>7. / 3. 1914.</Unicode>
                </TextEquiv>
            </TextLine>
            <TextLine id="tr_1_tl_3" custom="readingOrder {index:2;}">
                <Coords points="1006,669 1446,701 1656,637 1779,699 2248,578 2787,563 2799,411 2487,504 2143,475 1739,571 1014,558"/>
                <Baseline points="1020,665 1047,662 1092,656 1137,656 1182,653 1226,647 1271,641 1316,641 1361,638 1405,635 1450,632 1495,629 1540,626 1584,620 1629,617 1674,614 1719,611 1764,608 1808,608 1853,602 1898,596 1943,596 1987,593 2032,591 2077,585 2122,582 2167,576 2211,573 2256,570 2301,567 2346,564 2390,558 2435,558 2480,552 2525,549 2570,549 2614,546 2659,543 2704,540 2749,534 2793,531"/>
                <TextEquiv>
                    <Unicode>Ich versichere Sie, meine Herran, in</Unicode>
                </TextEquiv>
            </TextLine>
            <TextLine id="tr_1_tl_4" custom="readingOrder {index:3;}">
                <Coords points="1060,839 1414,873 1973,817 2138,740 2568,699 2726,738 2736,627 1070,711"/>
                <Baseline points="1077,808 1080,811 1125,805 1170,805 1214,802 1259,799 1304,799 1349,796 1393,793 1438,788 1483,785 1528,782 1573,779 1617,773 1662,770 1707,767 1752,764 1796,761 1841,758 1886,755 1931,752 1976,749 2020,743 2065,740 2110,734 2155,734 2199,728 2244,725 2289,722 2334,719 2378,716 2423,710 2468,707 2513,701 2558,698 2602,695 2647,692 2692,692 2737,692"/>
                <TextEquiv>
                    <Unicode>einem Jahrzehnt haben wir wieder</Unicode>
                </TextEquiv>
            </TextLine>
            <TextLine id="tr_1_tl_5" custom="readingOrder {index:4;}">
                <Coords points="1060,964 1112,999 1289,967 1427,994 1533,950 1663,982 1717,952 1894,977 1904,863 1823,836 1555,883 1272,849 1171,878 1068,841"/>
                <Baseline points="1074,964 1098,964 1143,961 1187,958 1232,955 1277,955 1322,949 1367,949 1411,946 1456,943 1501,940 1546,934 1590,928 1635,925 1680,922 1725,919 1770,916 1814,913 1859,910 1904,910"/>
                <TextEquiv>
                    <Unicode>die Inquisition.</Unicode>
                </TextEquiv>
            </TextLine>
            <TextLine id="tr_1_tl_6" custom="readingOrder {index:5;}">
                <Coords points="2795,962 2812,959 2834,967 2846,962 2856,974 2866,964 2886,964 2890,969 2913,957 2927,959 2932,891 2900,888 2888,881 2886,873 2871,878 2866,871 2856,878 2849,871 2839,871 2827,881 2799,878"/>
                <Baseline points="2808,952 2847,955 2892,949 2937,946"/>
                <TextEquiv>
                    <Unicode>n.</Unicode>
                </TextEquiv>
            </TextLine>
            <TextLine id="tr_1_tl_7" custom="readingOrder {index:6;}">
                <Coords points="1097,1139 2059,1137 2339,1063 2640,1095 2740,1065 2750,937 2012,959 1678,1036 1105,1023"/>
                <Baseline points="1110,1122 1140,1116 1185,1113 1229,1107 1274,1104 1319,1101 1364,1101 1408,1098 1453,1092 1498,1089 1543,1086 1587,1083 1632,1080 1677,1080 1722,1074 1767,1068 1811,1062 1856,1062 1901,1062 1946,1059 1990,1056 2035,1053 2080,1047 2125,1041 2170,1038 2214,1035 2259,1029 2304,1029 2349,1029 2393,1023 2438,1017 2483,1017 2528,1011 2572,1008 2617,1002 2662,999 2707,999 2752,1002"/>
                <TextEquiv>
                    <Unicode>(Obendorfer und Frühbeck lachen)</Unicode>
                </TextEquiv>
            </TextLine>
            <TextLine id="tr_1_tl_8" custom="readingOrder {index:7;}">
                <Coords points="1085,1296 2106,1289 2394,1183 2984,1139 2991,1058 1095,1181"/>
                <Baseline points="1101,1268 1113,1271 1158,1268 1202,1265 1247,1262 1292,1259 1337,1256 1382,1253 1426,1247 1471,1241 1516,1241 1561,1238 1605,1235 1650,1232 1695,1229 1740,1226 1784,1223 1829,1220 1874,1214 1919,1211 1964,1208 2008,1205 2053,1202 2098,1199 2143,1196 2187,1193 2232,1187 2277,1185 2322,1179 2367,1176 2411,1173 2456,1170 2501,1167 2546,1164 2590,1158 2635,1152 2680,1149 2725,1149 2769,1146 2814,1143 2859,1140 2904,1137 2949,1131 2993,1125"/>
                <TextEquiv>
                    <Unicode>Füllmann: Also für Judnaustreibungen</Unicode>
                </TextEquiv>
            </TextLine>
            <TextLine id="tr_1_tl_9" custom="readingOrder {index:8;}">
                <Coords points="2352,1279 2396,1284 2426,1257 2485,1267 2509,1292 2534,1272 2571,1287 2681,1240 2748,1274 2809,1252 2817,1154 2718,1186 2701,1168 2642,1186 2571,1168 2549,1183 2531,1164 2470,1191 2450,1178 2359,1188"/>
                <Baseline points="2370,1244 2414,1238 2459,1235 2504,1235 2549,1232 2593,1229 2638,1220 2683,1217 2728,1217 2772,1214 2817,1214"/>
                <TextEquiv>
                    <Unicode>verfozuur</Unicode>
                </TextEquiv>
            </TextLine>
            <TextLine id="tr_1_tl_10" custom="readingOrder {index:9;}">
                <Coords points="1095,1451 1294,1461 1351,1434 1439,1459 1533,1410 1717,1451 1786,1407 1825,1424 1830,1333 1793,1346 1752,1306 1646,1304 1582,1348 1432,1319 1299,1365 1102,1355"/>
                <Baseline points="1110,1423 1119,1423 1164,1420 1208,1417 1253,1417 1298,1411 1343,1408 1387,1402 1432,1399 1477,1396 1522,1393 1567,1390 1611,1387 1656,1384 1701,1382 1746,1379 1790,1379 1835,1379"/>
                <TextEquiv>
                    <Unicode>garantier ich.</Unicode>
                </TextEquiv>
            </TextLine>
            <TextLine id="tr_1_tl_11" custom="readingOrder {index:10;}">
                <Coords points="1107,1641 2214,1496 2603,1506 2913,1456 2918,1407 2563,1373 2458,1439 2339,1397 1119,1476"/>
                <Baseline points="1125,1579 1131,1573 1176,1570 1220,1570 1265,1567 1310,1561 1355,1555 1399,1552 1444,1549 1489,1546 1534,1543 1579,1540 1623,1537 1668,1534 1713,1528 1758,1525 1802,1522 1847,1519 1892,1516 1937,1513 1981,1510 2026,1507 2071,1504 2116,1501 2161,1498 2205,1495 2250,1492 2295,1489 2340,1483 2384,1480 2429,1477 2474,1474 2519,1471 2564,1465 2608,1462 2653,1456 2698,1453 2743,1450 2787,1447 2832,1444 2877,1438 2922,1435"/>
                <TextEquiv>
                    <Unicode>Frühbeck: Na was sagen Sie, Obendor-</Unicode>
                </TextEquiv>
            </TextLine>
            <TextLine id="tr_1_tl_12" custom="readingOrder {index:11;}">
                <Coords points="1105,1766 1287,1764 1414,1705 1594,1739 1727,1690 1806,1712 1983,1636 2271,1633 2278,1565 2076,1523 1978,1597 1862,1574 1673,1636 1508,1611 1400,1658 1282,1633 1117,1670"/>
                <Baseline points="1122,1728 1158,1725 1202,1719 1247,1719 1292,1713 1337,1716 1382,1710 1426,1698 1471,1692 1516,1686 1561,1680 1605,1677 1650,1671 1695,1665 1740,1659 1784,1653 1829,1647 1874,1641 1919,1638 1964,1632 2008,1629 2053,1626 2098,1623 2143,1617 2187,1614 2232,1608 2277,1602"/>
                <TextEquiv>
                    <Unicode>for? - das ein ein Lebe.</Unicode>
                </TextEquiv>
            </TextLine>
            <TextLine id="tr_1_tl_13" custom="readingOrder {index:12;}">
                <Coords points="1119,1941 1956,1815 2733,1791 2957,1754 2964,1660 1129,1803"/>
                <Baseline points="1137,1877 1170,1877 1214,1871 1259,1868 1304,1865 1349,1859 1393,1859 1438,1856 1483,1853 1528,1853 1573,1847 1617,1844 1662,1844 1707,1841 1752,1835 1796,1829 1841,1826 1886,1823 1931,1820 1976,1814 2020,1808 2065,1805 2110,1805 2155,1802 2199,1799 2244,1796 2289,1793 2334,1787 2378,1784 2423,1781 2468,1779 2513,1776 2558,1773 2602,1767 2647,1764 2692,1761 2737,1758 2781,1755 2826,1752 2871,1749 2916,1743 2961,1743"/>
                <TextEquiv>
                    <Unicode>Obendorfer: Ich weiss nicht, was Sie</Unicode>
                </TextEquiv>
            </TextLine>
            <TextLine id="tr_1_tl_14" custom="readingOrder {index:13;}">
                <Coords points="2162,1894 2226,1872 2244,1892 2256,1879 2320,1892 2381,1865 2428,1884 2467,1857 2502,1872 2647,1852 2674,1867 2679,1820 2630,1825 2539,1786 2438,1813 2398,1793 2229,1823 2167,1808"/>
                <Baseline points="2175,1877 2190,1877 2235,1874 2280,1874 2325,1871 2370,1865 2414,1862 2459,1856 2504,1853 2549,1853 2593,1850 2638,1844 2683,1844"/>
                <TextEquiv>
                    <Unicode>à nler du Hein</Unicode>
                </TextEquiv>
            </TextLine>
            <TextLine id="tr_1_tl_15" custom="readingOrder {index:14;}">
                <Coords points="1137,2049 1641,2054 2568,1929 2689,1968 3011,1914 3014,1865 2881,1815 2458,1902 1985,1877 1515,1973 1141,1968"/>
                <Baseline points="1152,2029 1182,2026 1226,2023 1271,2020 1316,2017 1361,2014 1405,2014 1450,2011 1495,2008 1540,2005 1584,2002 1629,1999 1674,1996 1719,1993 1764,1987 1808,1981 1853,1978 1898,1973 1943,1970 1987,1967 2032,1964 2077,1961 2122,1958 2167,1952 2211,1952 2256,1949 2301,1949 2346,1943 2390,1940 2435,1937 2480,1937 2525,1934 2570,1928 2614,1925 2659,1922 2704,1919 2749,1916 2793,1913 2838,1910 2883,1907 2928,1904 2972,1901 3017,1904"/>
                <TextEquiv>
                    <Unicode>wollen. Sitz ich nicht da 7 Na also.</Unicode>
                </TextEquiv>
            </TextLine>
            <TextLine id="tr_1_tl_16" custom="readingOrder {index:15;}">
                <Coords points="1129,2236 2986,2086 3043,2015 2681,1978 2455,2049 1380,2123 1141,2081"/>
                <Baseline points="1146,2187 1164,2190 1208,2184 1253,2184 1298,2181 1343,2175 1387,2173 1432,2173 1477,2167 1522,2164 1567,2161 1611,2158 1656,2158 1701,2152 1746,2146 1790,2143 1835,2140 1880,2137 1925,2131 1970,2125 2014,2122 2059,2122 2104,2119 2149,2116 2193,2110 2238,2107 2283,2104 2328,2098 2372,2095 2417,2092 2462,2089 2507,2086 2552,2083 2596,2080 2641,2077 2686,2074 2731,2068 2775,2065 2820,2062 2865,2059 2910,2056 2955,2053 2999,2050 3044,2047"/>
                <TextEquiv>
                    <Unicode>Füllmann: Und wir können nicht früh</Unicode>
                </TextEquiv>
            </TextLine>
            <TextLine id="tr_1_tl_17" custom="readingOrder {index:16;}">
                <Coords points="1154,2369 3082,2231 3087,2162 2799,2116 2443,2209 1771,2248 1569,2172 1161,2280"/>
                <Baseline points="1170,2349 1211,2343 1256,2337 1301,2334 1346,2334 1390,2331 1435,2331 1480,2322 1525,2319 1570,2316 1614,2310 1659,2307 1704,2304 1749,2301 1793,2298 1838,2295 1883,2289 1928,2289 1973,2286 2017,2280 2062,2277 2107,2274 2152,2268 2196,2268 2241,2259 2286,2256 2331,2253 2375,2250 2420,2247 2465,2244 2510,2241 2555,2238 2599,2235 2644,2232 2689,2229 2734,2223 2778,2220 2823,2217 2868,2211 2913,2208 2958,2205 3002,2199 3047,2199 3092,2196"/>
                <TextEquiv>
                    <Unicode>genug anfangen gegen ein so gefährli-</Unicode>
                </TextEquiv>
            </TextLine>
            <TextLine id="tr_1_tl_18" custom="readingOrder {index:17;}">
                <Coords points="1897,2357 1929,2362 1958,2362 1963,2357 1973,2362 1983,2359 1998,2374 2007,2374 2012,2310 1995,2307 1975,2322 1958,2305 1948,2310 1936,2305 1929,2310 1902,2307"/>
                <Baseline points="1913,2352 1928,2349 1973,2343 2017,2343"/>
                <TextEquiv>
                    <Unicode>at</Unicode>
                </TextEquiv>
            </TextLine>
            <TextLine id="tr_1_tl_19" custom="readingOrder {index:18;}">
                <Coords points="1164,2512 1894,2517 2726,2384 2982,2416 3028,2288 2539,2305 2347,2379 1171,2401"/>
                <Baseline points="1176,2495 1190,2495 1235,2492 1280,2489 1325,2489 1370,2483 1414,2480 1459,2477 1504,2471 1549,2468 1593,2462 1638,2459 1683,2453 1728,2450 1773,2450 1817,2450 1862,2447 1907,2441 1952,2438 1996,2435 2041,2432 2086,2429 2131,2426 2175,2420 2220,2417 2265,2414 2310,2408 2355,2405 2399,2402 2444,2399 2489,2396 2534,2393 2578,2390 2623,2387 2668,2381 2713,2375 2758,2372 2802,2372 2847,2370 2892,2364 2937,2364 2981,2364 3026,2361"/>
                <TextEquiv>
                    <Unicode>ches Subjekt (mannhaft aufzutreten.)</Unicode>
                </TextEquiv>
            </TextLine>
            <TextLine id="tr_1_tl_20" custom="readingOrder {index:19;}">
                <Coords points="1168,2694 2745,2571 3048,2531 3053,2465 2726,2433 2278,2531 2015,2492 1855,2553 1176,2578"/>
                <Baseline points="1185,2647 1220,2647 1265,2644 1310,2641 1355,2638 1399,2635 1444,2629 1489,2626 1534,2623 1579,2623 1623,2620 1668,2614 1713,2611 1758,2605 1802,2602 1847,2599 1892,2596 1937,2593 1981,2590 2026,2587 2071,2584 2116,2581 2161,2578 2205,2575 2250,2572 2295,2567 2340,2564 2384,2558 2429,2555 2474,2552 2519,2549 2564,2546 2608,2540 2653,2537 2698,2534 2743,2531 2787,2528 2832,2522 2877,2522 2922,2516 2966,2513 3011,2510 3056,2513"/>
                <TextEquiv>
                    <Unicode>Frühbeck: (Sie sind ja ein Narr) Füll-</Unicode>
                </TextEquiv>
            </TextLine>
            <TextLine id="tr_1_tl_21" custom="readingOrder {index:20;}">
                <Coords points="1171,2817 2871,2716 3021,2686 3026,2617 1176,2748"/>
                <Baseline points="1187,2805 1193,2802 1238,2799 1283,2796 1328,2793 1373,2793 1417,2790 1462,2787 1507,2781 1552,2778 1596,2775 1641,2769 1686,2767 1731,2764 1776,2758 1820,2755 1865,2749 1910,2749 1955,2743 1999,2743 2044,2737 2089,2734 2134,2731 2178,2728 2223,2725 2268,2722 2313,2719 2358,2716 2402,2710 2447,2707 2492,2707 2537,2704 2581,2701 2626,2698 2671,2695 2716,2692 2761,2686 2805,2683 2850,2680 2895,2677 2940,2671 2984,2671 3029,2674"/>
                <TextEquiv>
                    <Unicode>mann. Sie leiden an Verfolgungswahn.</Unicode>
                </TextEquiv>
            </TextLine>
            <TextLine id="tr_1_tl_22" custom="readingOrder {index:21;}">
                <Coords points="1191,3009 1825,2908 2908,2831 3018,2876 3045,2758 1200,2886"/>
                <Baseline points="1208,2958 1253,2952 1298,2952 1343,2946 1387,2943 1432,2940 1477,2937 1522,2934 1567,2928 1611,2925 1656,2922 1701,2919 1746,2916 1790,2910 1835,2907 1880,2904 1925,2901 1970,2898 2014,2895 2059,2889 2104,2889 2149,2883 2193,2880 2238,2877 2283,2874 2328,2871 2372,2868 2417,2865 2462,2862 2507,2856 2552,2856 2596,2850 2641,2847 2686,2841 2731,2838 2775,2835 2820,2832 2865,2829 2910,2826 2955,2823 2999,2820 3044,2823"/>
                <TextEquiv>
                    <Unicode>Kein Mensch kümmert sich um das, was</Unicode>
                </TextEquiv>
            </TextLine>
            <TextLine id="tr_1_tl_23" custom="readingOrder {index:22;}">
                <Coords points="1203,3114 3168,3006 3178,2900 1210,3014"/>
                <Baseline points="1217,3110 1253,3107 1298,3104 1343,3098 1387,3098 1432,3095 1477,3089 1522,3086 1567,3083 1611,3080 1656,3077 1701,3074 1746,3068 1790,3065 1835,3062 1880,3059 1925,3056 1970,3053 2014,3047 2059,3044 2104,3041 2149,3038 2193,3035 2238,3032 2283,3026 2328,3023 2372,3020 2417,3017 2462,3014 2507,3008 2552,3005 2596,3005 2641,3002 2686,2999 2731,2993 2775,2993 2820,2987 2865,2984 2910,2981 2955,2978 2999,2972 3044,2969 3089,2966 3134,2961 3178,2964"/>
                <TextEquiv>
                    <Unicode>der Graf Niederhof daherredt. Wir bla</Unicode>
                </TextEquiv>
            </TextLine>
            <TextLine id="tr_1_tl_24" custom="readingOrder {index:23;}">
                <Coords points="1208,3279 2155,3205 2649,3237 2836,3173 2937,3215 3107,3188 3114,3082 2913,3045 1218,3168"/>
                <Baseline points="1223,3265 1238,3265 1283,3262 1328,3256 1373,3253 1417,3244 1462,3241 1507,3241 1552,3235 1596,3232 1641,3229 1686,3226 1731,3226 1776,3226 1820,3220 1865,3217 1910,3214 1955,3208 1999,3208 2044,3205 2089,3199 2134,3196 2178,3193 2223,3187 2268,3184 2313,3181 2358,3178 2402,3175 2447,3169 2492,3163 2537,3163 2581,3163 2626,3161 2671,3155 2716,3152 2761,3146 2805,3143 2850,3140 2895,3137 2940,3137 2984,3134 3029,3134 3074,3128 3119,3128"/>
                <TextEquiv>
                    <Unicode>mieren uns ja, wenn wir ernsthaft re-</Unicode>
                </TextEquiv>
            </TextLine>
            <TextLine id="tr_1_tl_25" custom="readingOrder {index:24;}">
                <Coords points="1228,3446 2787,3316 3205,3351 3215,3203 2566,3223 2288,3304 1237,3294"/>
                <Baseline points="1244,3417 1286,3417 1331,3414 1376,3411 1420,3405 1465,3402 1510,3396 1555,3393 1599,3387 1644,3387 1689,3387 1734,3387 1779,3387 1823,3384 1868,3381 1913,3378 1958,3375 2002,3372 2047,3369 2092,3363 2137,3363 2181,3361 2226,3355 2271,3355 2316,3352 2361,3349 2405,3346 2450,3340 2495,3337 2540,3331 2584,3331 2629,3328 2674,3325 2719,3322 2764,3319 2808,3313 2853,3310 2898,3307 2943,3304 2987,3301 3032,3298 3077,3295 3122,3292 3166,3289 3211,3289"/>
                <TextEquiv>
                    <Unicode>plizieren. Selbst die „Arbeit“ hat sich</Unicode>
                </TextEquiv>
            </TextLine>
            <TextLine id="tr_1_tl_26" custom="readingOrder {index:25;}">
                <Coords points="1210,3633 2074,3631 2708,3506 2836,3552 3176,3478 3181,3397 2753,3365 2403,3449 1796,3419 1626,3486 1223,3483"/>
                <Baseline points="1229,3587 1259,3581 1304,3578 1349,3575 1393,3572 1438,3569 1483,3566 1528,3560 1573,3558 1617,3552 1662,3552 1707,3549 1752,3546 1796,3546 1841,3540 1886,3537 1931,3534 1976,3531 2020,3528 2065,3525 2110,3522 2155,3522 2199,3519 2244,3510 2289,3507 2334,3504 2378,3504 2423,3498 2468,3495 2513,3489 2558,3486 2602,3483 2647,3480 2692,3474 2737,3474 2781,3471 2826,3468 2871,3465 2916,3459 2961,3459 3005,3453 3050,3450 3095,3447 3140,3447 3184,3447"/>
                <TextEquiv>
                    <Unicode>mit ein paar ironischen Be-</Unicode>
                </TextEquiv>
            </TextLine>
        </TextRegion>
    </Page>
</PcGts>
