3464 4088
2698 316 2886 499 123
990 466 2969 670 von einander getrennt wären? Die Polle-
975 647 2871 832 mik müsste ja nicht so lange laufen,
975 810 2864 998 Artikel und Gegenartikel wären viel
988 965 2846 1156 leicht genug. Fliederbusch könnte ja
1000 1123 2926 1316 seine Sportberichte für beide Blätter
995 1291 1562 1484 schreiben).
998 1422 2833 1585 Fliederbusch: Ich hatte Gelegenheit
1006 1597 2793 1790 es sehr gemau zu beobachten,da ich
1000 1735 2833 1921 während dieser Zeit in der Loge der
1000 1881 2630 2084 Fürstin Wendolin mich aufhielt.
1003 2036 2377 2217 Egon: Was Sie nicht sagen.
1003 2187 2838 2334 Fliederbusch: Ein Zufall natürlich.
1016 2357 2986 2523 Ihre Durchlaucht hatte wegen des Park
1011 2508 2969 2691 festes eine Frage an mich zu stellen
1404 2625 1718 2723 winkte
1028 2628 2798 2851 und sie bat mich zur Beantwortung,
1018 2791 2856 2966 als sie mich eben vorübergehen sah,
1023 2931 3037 3124 in ihre Loge hinauf. Es ist wahrschein-
1021 3094 2924 3287 lich, dass ich an dem Arrangement des
1016 3270 2492 3460 Festes beteiligt sein werde.
1028 3418 2410 3628 Egon: Wir wollen's hoffen.
1033 3566 2929 3834 Fliederusch: Welch eine Frau! Welche
