3480 4120
2720 423 2968 617 122 b
945 574 2835 781 Egon: Ohneweiters zugegeben. Aber es
950 758 2963 914 genügt uns nicht zur Qualifikation un-
945 891 2694 1101 serer Mitarbeiter, dass sich ihnen
945 1030 2203 1245 nichts nachweisen lässt.
953 1214 2195 1388 styx: Ich muss bitten -
968 1355 2912 1567 Egon: Jede Biskussion ist überflüssig,
953 1491 2892 1683 so viel mir bekannt ist ist ja finan-
955 1652 2889 1883 siell alles geordnet haben Sie finan-
950 1831 3007 2041 ziell keinerlei Ansprüche an unser Blatt
945 1982 2041 2157 zu st ellen,und somit
958 2098 2997 2323 Fliederbusch: Darf ich Sie nicht bitten,
1411 2277 1529 2338 in
966 2249 2892 2428 lieber (Herr satan'so viel mir bekannt
955 2428 2907 2571 ist hat sich ja Herr styx in so hohem
955 2597 2802 2733 grade verwendbar erwiesen und da ja
963 2730 2600 2912 tatsächlich in der Untersuchung
973 2858 2894 3073 Egon: Ich bedauere nochmals mich hie-
968 3040 2953 3237 rüber in Unterhandlungen nicht einlas-
971 3207 2981 3353 sen zu können, auch mit Ihnen nicht,Her
971 3319 2894 3511 Fink. Und da ich überdies eine redak-
973 3491 2963 3698 tionell wichtige Unterredung mit Ihnen
984 3688 2917 3832 vor habe, würde ich ersuchen, Herr Styx
