3368 4072
2376 312 2562 425 196
819 476 2234 664 kaum mehr Zeit haben werde-
828 599 2666 845 Abendstern: Es handelt sich um Ihre
833 809 1949 993 Frau und um Ihr Kind.
857 889 2712 1147 Fliederbusch: Ganz richtig. Ich muss
855 1046 2642 1302 sie noch sehn. Ich will noch heute
855 1234 2277 1466 Abend ihnen nach aufs Land.
874 1352 2736 1596 Abendstern: Um Sie nach dieser Rich-
884 1495 2799 1739 tung zu beruhigen,unser Chefredakteur
879 1640 2809 1886 ist zwar ein Verbrecher,aber im Grund
894 1790 2777 2041 seiner Seele ein guter Mensch.Er hat
903 1930 2850 2202 den Hinterbliebenen Epsteins eine Ren-
910 2183 1642 2335 te ausgesetzt.
918 2246 2864 2500 Fliederbusch:So, das beruhigt mich sehr.
920 2398 2676 2673 Aber nicht gerade deswegen Ih,da
927 2623 2128 2838 kommt schon Obendorfer,
930 2719 2186 2966 & John will as at alle certets
906 2823 2673 3026 eiel Herr Christler... in sehr wur¬
879 2932 2707 3125 do he sent meed - & if will the
889 3067 2495 3202 wem Facultet an Heis lese.
932 3168 1529 3294 Cher ne ceux?
850 3219 2543 3364 nen ich werd sie nicht wehr sehen.
930 3325 1809 3470 The moller flret
913 3412 2301 3603 Ich und mit viel ablaßen —
