3336 4072
2667 292 2852 543 179
2193 420 2405 565 dass
919 494 2751 695 ich? Ganz abgesehen davon mein Ein-
911 646 2889 820 fluss bei dem Chefredakteur so gut wie
924 771 2891 985 Null ist, es ist augenblicklich absolut
926 978 1665 1157 keine Vakanz -
931 1076 2866 1294 Styx: Doch,Äie Stelle des Herrn Flie-
941 1280 1987 1459 derbusch ist vaka nt.
933 1415 2798 1621 Fliederbusch: Das ist nicht richtig.
933 1550 2785 1759 Du weisst, dass ich au der Redaktion
938 1727 2830 1909 des Tagewerks keineswegs ausgetreten
2211 1960 2473 2051 Ohi...
941 1936 1167 2080 bin.
948 1994 2778 2238 styx: Du wirst austreten. Ich finde
948 2191 2788 2360 es absolut überflüssig,dass du zwei
953 2346 2626 2515 Existenzen führst und ich keine.
951 2476 2918 2640 Wenn du die Absicht hast Fink zu blei-
951 2613 2800 2837 ben,so wirst du gefälligst aufhöran
963 2776 2911 2948 Fliederbusch zu sein. Herr Egon Satan
963 2935 2812 3115 ist ja sehr feinfühlig geworden.Ein
963 3083 2920 3279 so verdächtiges Subjekt wie dich wird
982 3250 2925 3453 er keineswegs in seiner Redaktion dul-
978 3473 1206 3603 den.
975 3512 2930 3797 Fliederbusch: Du denkst doch nicht im
