3480 4120
2706 328 2899 498 155
988 435 2889 660 rigen Fr체hjahr der Graf Schrattenberg
998 628 3009 830 gefallen ist.Kann bestens empfehlen,ha.
1041 805 1503 983 er labht
993 983 2881 1153 Fliederbusch: Das ist ja sehr verlo-
998 1088 2899 1321 ckend. Wie sagten Sie, tausend Schrit.
995 1248 2259 1438 te? Die kleine Lichtung?
990 1403 2894 1586 Schromm: Das Wirtshaus zur Fischerin
998 1558 1986 1733 ist gleich daneben.
1001 1696 2924 1908 Fliederbusch: Oh, ich finde schon hin.
993 1858 2936 2086 Egon: sie finden schon hin? Wir holen
983 2006 2611 2179 Sie doch selbstverst채ndlich ab.
1003 2159 2864 2354 Fliederbusch: Sie wollen so liebens-
983 2349 1638 2516 w체rdig sein?
993 2449 3002 2696 Egon: Sie sind zerstreut,Herr von Fink.
985 2631 2799 2814 Fliederbusch: Vielleicht,ein wenig.
985 2744 2946 2939 Es geht einem doch allerlei durch den
993 2959 1261 3109 Kopf.
988 3084 2101 3292 Schromm: Schon heute?
995 3234 2981 3434 Egon: Wir w체rden sie also um Punkt elf
983 3414 2559 3567 Uhr aus Ihrer Wohnung abholen.
985 3552 2921 3749 Fliederbusch: ja, das halten wir fest.
