3416 4104
2715 304 2893 469 154
898 429 2758 650 vielleicht halb sechs in den Prater.
896 619 1185 830 auen.
959 799 1251 967 ΟΓηηκ
908 855 2842 1094 Fliederbusch: Das wird vielleicht et-
906 985 2753 1155 was zu früh sein. Bedenken Sie, dass
908 1116 2718 1314 die gegenerischen Sekundanten noch
911 1332 2385 1462 nicht einmal nominiert sind.
921 1416 2961 1695 Egon: Da wird sich ja zeigen.Wir berich
921 1614 2921 1781 ten Ihnen jedenfalls noch im Laufe des
921 1812 1713 1939 heutigen Abend.
931 1888 2867 2088 Fliederbusch: Das eben - das ebenNun,
924 2038 2933 2243 meine Herren,in einer solchen Stunde-
941 2213 2740 2398 ich kann morgen um halb sechs noch
929 2416 2959 2576 nicht bereit sein. Man kann ja nie wis-
944 2499 2898 2692 sen, wie so eine Sache ausgeht, ich habe
944 2664 2748 2862 allerlei zu ordnen. Ich xxx würdegie
949 2794 2979 3048 bitten,meine Herren,das Rendez-vous für
939 3017 2839 3187 morgen Mittag zwölf Uhr festzusetzen.
987 3149 2893 3311 (Egon und Schromm sehen einander an).
967 3329 2987 3456 Schromm: Gut denn und in den Praterauen
967 3426 2966 3646 nicht wahr? Der bekannte Platz, tausend
959 3580 2908 3786 Schritte vom Spitz antfernt,wo im vo-
