3400 4152
2680 344 2879 494 239
1014 555 1716 693 nicht besser.
1023 650 2903 874 Fliederbusch: Ich weiss, dass er mich
1025 833 2723 983 töten wird. Ich habe allerlei in
1023 949 2865 1156 Erfahrung gebracht. Es ist ein alter
1014 1142 2659 1301 Hass. Und da sein Hasstiefer ist
1030 1289 2763 1429 als der meine wird er mich töten.
1037 1465 2713 1638 Fürstin: Du hast doch selbst die
1035 1614 2613 1759 strengen Bedingungen gestellt.
1035 1754 2877 1937 Fliedenbusch: Gewiss. Natürlich.Die
1049 1913 2877 2075 edle Sitte des Zweikampf soll nicht
1030 2056 2875 2238 herabgewürdigt werden. Ein Beispiel
1037 2229 2094 2393 soll gegeben werden.
1037 2333 2761 2528 Fürstin: Und du glaubst wirklich
1047 2495 2841 2704 Fliederbusch: (plötzlich in anderem
1073 2687 2877 2832 Ton) Nun,was liegt daran.Man musste
1052 2827 2896 3017 darauf gefasst sein. Freilich,etwas
1049 2958 2832 3150 früh. Um man hat noch so wenig ge¬
1054 3145 1322 3297 lebt.
1059 3254 2357 3480 Fürstin: Ich denke doch
1066 3423 2922 3606 Fliederbusch: (ihre Hand ergreifend)
1059 3575 2972 3810 Freilich, eine soche Nacht - Ich bin
