3400 4056
2719 251 2903 462 185
958 437 2729 661 kennst unsern Chefredakteur nicht.
955 609 2876 855 Styx: Es geht nicht, so? Dann freilich,
2304 730 2515 835 handly
951 784 2925 958 muss es auf andere Weise angelegt wer-
958 914 2338 1130 den. Du zwingst mich dazu.
978 1061 2790 1270 Fliederbusch: Weisst du,wie man das
958 1235 1714 1430 nennen könnte?
963 1376 2896 1611 styx: Erpressung. Aber der Zweck hei-
963 1498 2690 1729 ligt die Mittel. Warum zögern wir
968 1707 1557 1872 noch? Komm.
960 1820 2756 2046 Flie derbusch: Muss es denn auf der
960 1977 2812 2166 Stelle sein? Du hast ja gehört mein
970 2147 2758 2343 Kollege Abendstern kommt zurück,er
975 2299 2918 2469 hat etwas unaufschiebbares mit mir zu
980 2456 2800 2653 besprechen,wir können uns doch wohl
985 2606 1783 2793 nachher treffen.
987 2714 2835 2938 styx: (Treffen?) Das ist mir etwas zu
985 2881 2871 3068 unsicher. Ich werde dich beim Haustor
985 3100 1476 3264 erwarten.
985 3186 2795 3417 Fliederbusch: So komm doch zur Ver¬
992 3350 2906 3566 nunft. Es ist eine fixe Idee von dir,
992 3510 2911 3682 dass es noch heute sein muss.Wir müs-
