3432 4104
2782 383 2984 532 170
1123 510 2992 699 (Einsetzen muss die Szene jedenfalls
1102 658 3095 848 damit, dass Fanny ihren Mann zum gemein
1105 830 3133 996 samen Fortfahren erwartet und er gleich
2475 996 2777 1138 glich.
1105 974 2432 1153 erklärtjes sei leider unm
1105 1135 2883 1317 Vielleicht bringt auch er ihr erst
1115 1254 2934 1458 die Nummer der „Eleganten Welt“ mit
1123 1418 2623 1624 dem Fink'schen Artikel mit. )
1188 1572 2929 1743 A.h.- er het über un Sant- und sie lust
1191 1642 2664 1852 aber - gelst erst - die findet ihn
1231 1766 1768 1937 nfällig. -
1445 1907 2850 2089 (Sie hat i in dei in de Kicke gelese)
903 2149 2757 2311 H. Weciellen - Triemidnus -
898 2285 2719 2462 Neu keine Sähnte mehr-
795 2419 2603 2628 Ich muß, es Pris h. - dort et ne eint
784 2616 1309 2830 si kaft.
