3416 4088
2526 245 2731 432 218
1035 403 2904 644 die journalistische Atmosphäre wir-
1040 590 2823 823 ken wird, dass die journalistischen
1050 726 2819 967 Sitten sich bessern und dass viel-
1059 899 2790 1120 leicht sogar Männer verschiedener
1059 1007 2944 1219 Parteien über dem noch frischen Gra-
2366 1153 2580 1264 sich
1073 1163 2944 1406 be des Herrn Fliederbusch (die Hände
1078 1368 1873 1557 reichen werden.
1099 1446 2760 1675 Obendorfer: Oder des Herrn Fink.
1085 1665 2922 1856 Egon: Somit glaube ich, dass wir die
1087 1783 2922 1988 Besprechung über die Art des Duells
1094 1941 2875 2163 als abgeschlossen erachten können.
1116 2109 2783 2293 Wir kommen nun zur Wahl des Orts
1116 2250 2899 2470 und der Zeit. Wir schlagen vor mor
1123 2406 2109 2625 gen Früh sechs Uhr.
1144 2562 3033 2774 Obandorfer: Hier möchte ich mir einen
1120 2694 2913 2913 Widerspruch erlauben. Unser Mandant
1135 2854 2965 3057 hat einige Angelegenheiten zu ord-
1142 3048 1370 3234 nen.
1144 3168 3043 3387 Egon: Bis morgen Früh sechs Uhr sind
1142 3333 2154 3529 noch zwölf Stunden.
1158 3493 3057 3722 Abendstern: Er hat eine Frau und ein
