3400 4088
2823 295 3008 463 222
1134 446 3112 651 ihm den Ort des Duells in der Hoffnung,
1139 589 3042 789 dass die Polizei das Duell inhibieren
1153 786 1779 960 wird.
1148 876 3031 1131 Jedenfalls muss Styx auf irgend eine
1148 1013 3067 1302 Weise den Ort des Duells in Erfahrung
1156 1252 1597 1476 bringen.
1322 1423 2890 1706 Fanny Rontzurück; - mit dem Kind.
1294 1614 2267 1779 hifft mit Abenstern et -
1336 1717 1978 1832 brie - ei Duell
1386 1757 2223 1922 My könig leichfalls. -
993 1911 2590 2197 Jort Fanny.  It is gelt hie vor
699 2049 2523 2298 wenn es in freifella - ein künfel
623 2225 1521 2391 die Mabekannti —
713 2242 2374 2531 him - he was an Aufklars geten.
887 2467 1748 2618 Herr Hr. fort....
626 2484 2885 2700 Schöne Fait! - Je n'est en ainsi ci nul etre aussi
783 2646 2136 2846 Mr Gette betrugt hi. - Sie nie
732 2764 1482 2969 Sind de Gott:
808 2949 1594 3149 H. ist zu Tücke.
777 3022 2433 3213 A. gantz, er ist einem Frau gefahren.
775 3143 3008 3353 Tanny martet ihn dahin u (netiales vergeblint).
780 3266 2649 3466 A. sagt ihr - es ist in Ihnen auf Land! -
769 3359 2975 3570 Yours I came?  Atelied notre -c  I will.
1636 3539 1768 3628 am
803 3547 2961 3783 Reinik. (Brunt.) Er a wollen he schon mede.
