3432 4104
2807 252 2993 371 213
1117 373 2744 596 der und wenn auch unser Mandant
1115 560 2845 747 sich bereit erklärt hat zur Sühne
1127 756 2109 916 für das harte Wort
1127 829 2962 1057 Egon: Pardon, ich habe die Bedingun-
1139 1030 2967 1202 gen noch nicht mit der nötigen Prä¬
1139 1134 3078 1357 zision formuliert. Dreimaliger Kugel-
1159 1282 3035 1505 wechsel, fünfundzwanzig Schritte Dis¬
1161 1428 3047 1643 tanz mit Avancieren von fünf Schrit-
1168 1588 3056 1811 ten. Den ersten Schuss hat der Belei-
1166 1757 3115 1954 digte.Sellte der dreimalige Kugelwech-
1183 1893 2913 2109 sel erfolglos bleiben,so wird der
1180 2041 2916 2283 Zweikampf mit Säbeln fortgesetzt.
1195 2196 2892 2446 Abendstern: Pardon,meine Herren,
1214 2416 1857 2622 Egon: Bitte?
1209 2552 3098 2722 Abendstern: Wie ich schon früher be-
1212 2673 3100 2855 merkt habe, wir sind doch alle Männer
1226 2841 2962 3037 der Feder.Und wenn wir auch gegen
1229 2952 3018 3178 eine Austragung dieser Sache durch
1229 3127 3020 3323 Waffen nichts einzuwenden haben,so
1236 3287 3153 3473 meine ich doch, ich bezweifle nämlich,
1246 3451 3168 3633 dass unser Freund Fliederbusch mit
