3512 4184
2783 315 2973 440 256
1291 463 2402 657 überhaupt gesprochen?
1240 639 2899 831 Graf: Ich bin doch Abgeordneter.
1247 780 3031 972 Fliederbusch: Warum haben Sie sich
1247 949 2499 1108 wählen lassen,Herr Graf?
1256 1090 3077 1280 Graf: Weshalb sollte ich gerade das
1247 1259 3087 1441 nicht mitmachen? Als ich im vorigen
1254 1351 3080 1548 Jahr mit meinem Freund Stanzids, den
1242 1511 3103 1675 Sie ja auch kennen, auf der Löwenjagd
1256 1691 2982 1846 war, glauben Sie, es kam mir gerade
1249 1867 3105 1960 darauf an,irgend ein bestimmtes Thier
1256 2015 3098 2166 zu erlegen? Ich war auch einmal ver-
1256 2152 3087 2279 heiratet. Meinen Sie, weil ich gerade
1261 2323 3093 2450 phne diese Frau nicht leben konnte?
1268 2457 3040 2601 Ich wollt eben einmal auch die Ehe
1261 2580 3087 2767 mitmachen. Das Leben ist etwas sehr
1263 2746 3087 2925 Reiches und Vielfältiges. Ich bedau
1268 2892 3121 3084 ere eigentlich die Leute, die es sich
1270 3077 2906 3239 durch sogenannte Ueberzeugungen
1270 3223 2948 3397 verengen lassen.Horizont hat die
1268 3371 2959 3526 Welt nur, wenn man sich nicht ver.
1291 3512 3121 3730 pflichtet fühlt,irgend etwas für er-
