3352 4072
2694 329 2907 497 274
1018 516 2576 722 Fliederbusch: Gern. (nimmt an)
1011 706 1347 862 Danke
1018 869 2855 1018 Egon: (gibt ihm Feuer) Dass man sich
1018 935 2687 1186 in einen lichtgrauen Sommeranzug
1023 1113 2888 1364 schiesst, ist jedenfalls noch niemals
1023 1302 1548 1456 dagewesen
1020 1420 2734 1610 Fliederbusch: Sie hätten mir wohl
1011 1603 2834 1776 Zeit geben können mich umzukleiden.
1025 1750 2803 1944 Schromm: Die Herrn lassen auf sich
1023 1880 2860 2064 warten. Es ist zweieinhalb Minuten
1023 2064 1759 2221 über die Zeit.
1032 2173 2798 2375 Kunz: In meiner Erfahrung, die sich
1025 2344 2742 2495 auf achtundsiebzig Duelle stützt,
1035 2514 2933 2673 ist es bisher nur einmal vorgekommen.
1037 2652 2936 2801 dass die gegnerischen Parteien mathe-
1030 2805 2829 2952 matisch zur selben Sekunde auf dem
1035 2936 2848 3130 Duellplatz eintrafen.Sehr sonderbar
1037 3139 2907 3260 war ein Fall vor drei Jahren, als der
1037 3293 2867 3449 Fiaker des Oberleutnant Wiener dem
1044 3464 2765 3568 seines Gegners in der Praterallee
1046 3532 2945 3779 vorzufahren suchte, als wenn der Ober-
