3384 4104
2723 407 2925 580 184
1026 485 2832 719 auch nicht imstande, aber du weisst,
1016 700 2893 921 ich bin schliesslich nicht viel mehr
1012 851 1904 1009 als ein Reporter.
1002 982 2884 1241 Styx: Lass mich nur einmal bei xxx
1002 1138 1862 1309 dem Blatte sein.
1002 1304 2920 1514 Fliederbusch: Was hindert dich am En-
999 1462 2879 1687 de persönlich dort vorzusprechen und
999 1616 2013 1757 ohne meine Mithilfe
992 1738 2810 1962 styx: Ich war schon dort ich fragte
990 1948 2767 2126 vor allem nach dir, dann wollte ich
977 2050 2906 2299 den Herrn Ghefredakteur sprechen.) Ich
965 2184 2223 2411 wurde nicht vorgelassen.
960 2340 2791 2596 Fliederbusch: Ich glaube, dass meine
958 2506 1643 2672 Proktektion -
958 2645 2788 2891 Styx: Es handelt sich hier nicht um
946 2810 2864 2986 Protektion,es ist sozusagen eine Fra-
936 2949 2818 3200 ge der Technik. Wenn ich mit dir zu-
938 3098 2859 3308 sammen die Räume der Redaktion betre-
936 3247 2774 3527 te,so findet sich alles weitere von
934 3432 1319 3576 selbst.
924 3551 2884 3783 Fliederbusch: Es geht einfach nicht. Du
