3448 4104
2690 347 2825 511 92
2280 568 2830 696 de l'heget
946 482 1616 735 Satan - Graf.
964 657 2937 855 Graf: Noch immer sehr hübsch. Ich gratu¬
946 834 1845 1003 liere Herr Satan.
964 959 2398 1147 Satan: Oh.
964 1105 2781 1282 Graf: Aber ich will Ihre Zeit nicht
2176 1233 2309 1329 at
962 1261 2971 1439 lang in Anspruch nehmen. (Vorausschicken
962 1433 2862 1585 möchte ich, dass ich hier gewissermas
962 1566 2909 1738 sen nicht in eigener, das heisst nicht
967 1715 2976 1884 ausschliesslich in eigener Person stehe
975 1863 2966 2035 sondern als Vertreter einer Cruppe von
970 2049 3065 2189 Herren, deren Namen Ihnen keineswegs
985 2161 2901 2387 ein Geheimnis bleiben soll, sobald wir
972 2364 2979 2502 uns nur erst über gewisse Grund-linien
983 2463 2909 2674 unseres Vorschlags verständigt haben.
985 2635 3039 2812 Bevor ich weitergehe, darf ich vielleicht
985 2783 2971 2997 fragen,ob Herr von Fink anwesend ist?
988 2942 2869 3099 Satan: Leider noch nicht. Es ist mir
1001 3068 2963 3297 auch nicht möglich die Zeit zu bestim-
983 3328 1282 3445 men —
1003 3349 2872 3597 Graf: Schade. Aber es wird sich wohl
996 3521 3000 3782 bald eine Gelegenheit ergeben. Im Ihnen
