3464 4104
2893 310 2996 529 91
1031 517 2933 721 habe Ihnen mein Wort gegeben.Geht es
1033 690 2984 890 nicht anders, so wird eben nicht das
1046 867 3047 1084 Fräulein Negedy,sondern die Gräfin Nie-
1038 1003 1930 1169 derhof mitwirken.
1033 1162 3034 1338 Emma: (macht ganz erst aunt den Mund auf)
1051 1305 2883 1467 Graf: (lacht unwillkürlich) Aber ich
1036 1484 2926 1598 hoffe, das heisst, ich fürchte, es wird
1033 1615 2127 1782 nicht notwendig sein.
1038 1774 2956 1903 Emma: Herr Graf sind ja-Ich bin wirk-
1033 1915 2026 2082 lich ganz verwirrt.
1033 2059 2966 2200 Graf: Keine Ursache. Wann darf ich mir
1038 2210 2764 2356 erlauben Ihnen die Antwort meiner
1038 2374 2883 2525 Cousine zu überbringen? Der Fürstin
1028 2533 1517 2679 mein ich.
1033 2651 3014 2853 Emma : Herr Graf werden mir stets will-
1021 2800 3047 2976 kommen sein. So sagt man ja,nicht wahr?
1061 2964 2999 3107 (sie dick t Satan flüchtig zu und geht)
