3416 4136
2673 342 2872 477 292
987 501 2896 738 wird nirgends mehr eine Stellung fin-
1004 722 1218 876 den.
1004 828 2687 1028 Satan: Mein lieber Egon, nicht so
1002 983 2860 1182 schnell. (leise zu ihm) Du vergisst,
1016 1094 2846 1296 dass ich Verpflichtungen übernommen
1016 1260 2896 1460 habe. Alle meine Abmachungen mit dem
1018 1443 2903 1633 Grafen Niederhof beruhen darauf, dass
1030 1579 2941 1806 Herr Fink unser ständiger Mitarbeiter
1040 1787 1422 1944 bleibt.
1044 1871 2884 2120 Egon: Aber Papa! die deutst dort weit dare
1059 2032 2951 2243 Satan: (Es ist nicht der erste Mensch,
1061 2217 2839 2362 der sich entwickelt. Wirklich ehr-
1075 2333 2851 2547 lich geschrieben war doch nur sein
1068 2500 2936 2682 Artikel bei uns. Wenn man nær einige
1075 2656 2775 2820 Empfindung für Stil hat muss man
1092 2761 2989 3029 das herausspüren.) Herr Fink, ich nehme
1094 2955 2860 3148 die Sache als einen Jugendstreich,
1092 3072 2996 3302 Sie bleiben bei der „Eleganten Welt“
1139 3221 2886 3485 (zu Egon) Man hat schon schlimmere
1123 3432 2476 3608 Vergangenheiten vergessen.
1130 3561 2898 3772 Leuchter: Herr Fliederbusch,unsere
