3352 4072
2686 357 2881 526 289
1092 521 2928 695 Schromm: Meinen Sie, Sie dürfen sich
1080 695 2897 873 hier ungestraft über uns lustig ma-
1097 818 1375 1001 chen?
1092 947 2881 1158 Egon: (Nicht auf uns kommt es an,um
1070 1151 2916 1296 Höheres handelt es sich hier, um den
1080 1258 2973 1449 Begriff der Ehre. Wer immer Sie sind,
1082 1411 2973 1610 ob Fliederbusch oder Fink oder keine
1082 1575 2890 1720 von beiden, was sich ja bald heraus-
1070 1758 2973 1913 stellen wird.Sie haben sich benommen,
1073 1903 1363 2048 wie -
1073 2043 2976 2234 Abendstern: So erklären Sie sich doch
1073 2188 2966 2336 endlich, das sind Sie uns Allen schul-
1070 2350 2971 2512 dig. Was hat Sie veranlasst, - schnö-
1068 2498 2845 2678 de Geldgier kann es ja nicht sein.
1073 2640 2462 2833 Obendorff r: Also,reden Sie.
1059 2769 2952 2954 Kunz: Meine Herren, ich habe ganz den
1047 2921 2843 3083 Eindruck, dass es sich hier um eine
1059 3088 2969 3278 Wette handelt.Sagen Sie es ruhig,»Sie
1059 3268 2881 3414 haben irgend etwas ad absurdum füh-
1051 3394 1634 3599 ren wollen.
1068 3575 2957 3758 Schromm: Ah,das giht's nicht,wie kom-
