3368 4104
2642 424 2837 585 183
356 412 768 614 6/4. 1914.
1087 580 3001 763 in diesen Kreisen verkehrt. Ich weiss,
1085 722 3020 882 wie es dort zugeht,ich habe sie ken-
1085 865 2959 1070 nen gelernt. Auch deinen Grafen Nie-
1087 1034 2969 1190 derhof, für den du so schwärmst. Dabei
1085 1180 3047 1380 ist er ja gewiss noch einer der besten
1085 1328 2927 1506 denn er hat wenigstens Temperament,
1075 1477 2774 1675 und Zynismus. Ich weiss, dass die
1070 1631 2769 1801 Herrschaften,vor denen du in den
1075 1826 3013 2001 Staub sinkst, das Unglück Oesterreichs
1082 1945 3037 2111 bedeuten. Und was dein anonymer Kolle
1085 2101 3010 2274 ge vom Tagewerk sozusagen aus Ahnun-
1087 2260 3035 2406 gen, aus einer richtigen Empfin-
509 2418 975 2576 niet tuerft
1087 2396 2998 2581 dung heraus,aber doch aus der Entfer-
514 2518 1031 2657 on uit selbst
1082 2569 3025 2708 nung behauptet,das werde ich beweisen
370 2608 1016 2740 n Unterüber
419 2703 958 2884 der schad
1085 2701 3047 2874 Ich habe Material. Ich werde mich nicht
1072 2891 3013 3022 mit Herrn Fink beschäftigen, ich werde
1087 3022 2698 3171 dre Sache an der Wurzel packen.
1072 3159 2971 3356 Fliederbusch: Ich versteh dich nicht
1072 3296 2876 3483 ganz.Was willst du nun von mir? Du
1070 3476 2942 3668 wolltest ja, dass ich dir meine Stel-
1082 3642 2923 3866 lung cediere. Natürlich bin ich das
