3304 3992
2484 295 2677 421 304
941 430 2722 628 (Die Figur des Styx müsste entweder
927 580 2789 796 eliminiert werden oder in einer viel
913 742 2813 922 intensiveren Weise zur Oekonomie des
915 892 2698 1065 Ganzen verwendet werden. Auch eine
922 1029 2660 1217 Beziehung zwischen ihm und Grafen
934 1208 2603 1374 Niederhof müsste vorhanden sein.
937 1341 2846 1536 Er der Heruntergekommene, Fliederbusch
941 1495 2827 1714 der Aufstrebende, der Graf der Behar
939 1698 1303 1850 rende.
984 1809 2637 2018 (Fliederbusch hat natürlich ein
963 1957 2815 2190 ganz bestimmtes Verhältnis zur Welt,
972 2137 2834 2294 doch versteht er auch eine entgegen-
965 2244 2694 2437 gesetzte Weltanschauung..Dieses
975 2420 2786 2580 Verständnis wurde in einem bestimm-
982 2549 2855 2727 ten Augenblick so überstark, dass es
982 2696 2893 2889 eben in der Abfassung jenes einzigen
987 2853 2824 3072 Artikels seinen irgendwie patholo-
994 3050 2159 3210 gischen Ausdruck fand.
1020 3105 2689 3364 (Enden müsste der Akt jedesfalls
1003 3328 2725 3500 damit, dass die ganze Gesellschaft
1006 3488 2836 3688 ins Restaurant sich begibt, der Graf
