3448 4168
2715 388 2903 509 243
1166 506 2748 748 Fürstin: Aber du bist ja - Mir
1157 722 3001 838 scheint gar, du hast Angst (Du willst
1157 841 2982 1036 auf und davon!Was für Angelegenhei-
1166 1001 2754 1122 ten sollst du denn plötzlich
1173 1182 2752 1282 Fliederbusch: Ahnst du es denn
1157 1303 3015 1526 nicht? Mit dir will ich fort, Gelieb¬
1152 1498 1335 1596 te.
1161 1623 2067 1756 Fürstin: Mit mir?
1157 1749 2734 1949 Fliederbusch: Ja, drei Tage des
1143 1911 2970 2113 Glücks mit dir. Irgendwo im Grünen,
1152 2086 2206 2213 in einer Einsamkeit-
1154 2267 3005 2394 Fürstin: So komm doch zur Besinnung.
1154 2390 2847 2518 Fliederbusch: Drei Tage und drei
1152 2545 2885 2696 Nächte. Und da will ich dir alles
1154 2685 2875 2815 erzählen. Da wirst du erst wissen,
1157 2820 2991 2996 wer ich bin. Und dann zrück.Ich seh
1157 3001 2792 3138 sch wör es dir.Dann meinethalben
1145 3126 3015 3319 Adieu schöne Welt, Aber ich fühl es,
1157 3296 3024 3414 wenn du mir diese drei Tage und dre
1154 3449 2847 3616 Nächte schenkst, dann bin ich ein
1152 3607 3001 3811 Anderer. Dann hab ich den Glauben an
