3400 4088
880 233 2876 446 k. Das hilft nichts - Sie selbst.
925 389 2987 551 ¬ sofort... tost veer iit cœwé leug was te
715 548 3052 727 Uw it versssen the, he will so resrath.
754 706 2834 889 remplen nicht so grösst die
721 835 3124 1116 Einmalind mor es ja dort ufahren¬
877 991 2882 1272 gehen bleiben Sie nicht.
772 1197 2978 1454 Th.. Ich sorgen – weil ich...
772 1368 3061 1550 tabe... weil i.. auch der Aussitel
811 1505 3010 1790 men Collegen nicht plind bin
3046 1649 3133 1739 F
850 1733 1793 1960 fivei Seelen.
844 1816 2921 2146 R. Cusius! Umverlant!...
1284 2074 2415 2259 Ich bin ein Freund der Her¬
1377 2220 2295 2373 La dies Culchel schue
