3416 4088
2588 335 2767 460 227
894 505 2573 748 Fliederbusch: Ja,was tun? Es ist
894 668 2720 861 überall fest zu. Ich kann nicht hi-
901 795 2783 1007 naus. (er flüstert) Priska! Fürstin!
908 955 2583 1179 Priska! Durchlaucht! Ja, was soll
920 1106 2630 1344 ich denn machen? Jemanden von der
918 1274 2656 1472 Dienerschaft wecken, das geht doch
920 1429 2698 1628 nicht.Sich in Geduld fassen. Jetzt
929 1559 2696 1774 weiss ich wenigstens wo ich bin. Es
929 1715 2715 1953 ist doch noch immer besser, ich bin
939 1859 2767 2102 da, als wo anders. Denn wohin sollte
941 2038 2788 2241 ich? Wo soll ich überhaupt hin nach
953 2187 2672 2404 dieser Nacht? Zu irand etwas muss
960 2307 2444 2545 ich mich doch entschliessen?
993 2465 2802 2734 (Vielleicht sind die verschlossenen
965 2630 2793 2845 Türen gar nicht notwendig,er bleibt
988 2793 2864 2993 einfach da,weil er niht weiss wohin)
979 2965 2814 3149 Geh ich in die Schwindgasse und leg
988 3076 2774 3295 mich dort schlafen, so kommen meine
1005 3267 2901 3474 Herren Sekundanten und schleppen mich
998 3394 2731 3616 zu dem Duell.Geh ich nach Haus, so
1007 3548 2899 3788 kommen gleichfalls meine Sekundanten
