3416 4120
2731 362 2848 534 67
994 525 2921 749 siert keinen Menschen. (will das Blatt
1000 690 2452 902 zerreissen,es gelingt nicht)
997 832 2946 1065 Kajetan: (lacht) Unzerressbare Notizen,
997 1007 2789 1178 Patent.Habe die Ehre, meine Herren.
997 1129 2771 1323 Ich muss ins Fristol, soupiere mit
994 1274 2863 1488 Fürstin Priska und Grafen Niederhof.
1071 1448 1442 1602 Barbert
411 1528 2897 1946 Gort 19/5 1918. Aller Hiederburg seit. Es durch die Verlei¬
494 1850 1148 2050 zu ersehen. -
733 1982 1774 2210 9/1 1915. (Syr.)
605 2176 2486 2492 C. p. For Fl. -. Uebe hi vid nel
801 2409 1737 2587 mit the ci...
