3448 4104
2749 375 2889 548 84
968 548 1673 758 Satan - Emma.
975 710 2926 910 Emma; (den Blick zur Tür gerichtet)Der
980 885 2601 1043 hat mich noch immer nicht gern.
980 1011 2871 1226 Datan: Sehr nett von dir,dass du -Es
980 1183 2931 1338 ist eine etwas ungewohnte Stunde - Wo-
980 1313 2046 1526 mit kann ich dienen?
983 1471 2916 1638 Emma: Da, das hab ich dir mitgebracht.
1023 1628 2574 1851 (gibt ihm ein Veilchenbouquet)
985 1793 2826 1981 Satan: Danke schön,du bist wirklich
983 1998 1513 2121 sehr lieb.
983 2084 2939 2269 Emma: Also,weil nämlich gestern davon
988 2244 2839 2399 die Red gewesen ist-könntest du das
990 2411 3002 2564 nicht richten, dass ich bei dem Parkfat
403 2386 943 2614 schon prühe dann
408 2566 843 2686 Reusib trink
428 2641 838 2754 Bilder. 4
993 2559 1493 2724 mitwirke?
380 2686 948 2834 Bib in der Küslin
995 2639 2956 2881 Satan: Wo ist davon die Rede gewesen
408 2814 673 2944 him etc.
998 2841 2876 3014 Emma: Ein paar Bekanntehalt gestern.
993 2994 2894 3182 Die Schreitner und der Fürst Radwitz
1001 3184 2801 3352 und sein Cousin, der Graf sind auch
1016 3339 2891 3487 dabei gewesen. Der Fürst hat so eine
1006 3462 2036 3659 Anspielung gemacht -
1001 3587 2621 3852 Satan: Was für eine Anspielung?
