3352 4216
2582 378 2776 533 246
976 501 2836 738 nie mit jemanden eine Nacht verlebt
988 658 2838 953 der am Morgen darauf ein Duell hat
997 861 2624 1068 te. Darum dürfen Sie noch lange
997 1013 2820 1207 nicht glauben, dass Sie mein Gelieb-
1011 1165 2792 1366 ter sind, Herr von Fink. Ein Traum,
1027 1301 2797 1528 wenn sie wollen. Ein ganz hübscher
1029 1539 1359 1678 Traum.
1036 1613 2866 1804 Fliederbusch: Es kommt vor, dass die
1036 1795 2566 1991 gleichen Träume wiederkehren.
1057 1943 2792 2160 Fürstin: Ja, Als Kind ha ich oft
1059 2051 2845 2271 geträumt, dass ich über eine schöne
1064 2238 2753 2416 Wiese hinunterlaufe. Aber es war
1075 2402 2907 2564 immer eine andere Wiese. Adieu,Herr
1082 2557 2146 2771 Fink. (in die Villa)
1089 2755 1486 2905 Elieder
