3400 4104
2619 327 2818 535 205
942 500 2562 700 Fliederbusch: Was für ein Wort?
992 641 2916 877 Abendstern: Alberner Snob. Die persön
987 789 2815 989 liche Beschimpfung. Ermächtigen Sie
992 949 2729 1147 uns eine Erklärung abzugeben, dass
1004 1102 2911 1283 es Ihnen fern gelegen sei dem verehr-
1011 1250 2768 1465 ten Kollegen Fink persönlich nahe-
1016 1448 1907 1618 treten zu wollen.
1023 1551 2739 1776 Obendorfer: Damit werden sich die
1025 1733 2526 1910 Herren nicht zufrieden geben.
1049 1852 2813 2070 (Eventuell könnte schon im zweiten
1037 2022 2916 2225 Akt Egon Satan dem Fliederbusch-Fink
1035 2161 2868 2388 gesagt haben, dass sie keineswegs ir
1049 2306 2873 2519 gend eine Entschuldigung werden gel
1052 2521 1733 2682 ten lassen. )
1056 2619 2921 2842 Fliederbusch: Das wird man ja sehen.
1061 2803 2792 2992 Obendorfer:Diese Mission nehm ich
1064 2921 2858 3136 nicht an.Denn was tun,wenn die Her-
1061 3090 2873 3291 ren auf der Austragung mit den Waf-
1071 3262 2717 3430 fen bestehen und das werden sie,
1078 3356 2827 3611 Fliederbusch: Nun denn, ich bin be.
1083 3599 1360 3774 reit.
