<?xml version="1.0" encoding="UTF-8" standalone="yes"?>
<PcGts xmlns="http://schema.primaresearch.org/PAGE/gts/pagecontent/2013-07-15" xmlns:xsi="http://www.w3.org/2001/XMLSchema-instance" xsi:schemaLocation="http://schema.primaresearch.org/PAGE/gts/pagecontent/2013-07-15 http://schema.primaresearch.org/PAGE/gts/pagecontent/2013-07-15/pagecontent.xsd">
    <Metadata>
        <Creator>prov=READ-COOP:name=TrHtr:version=2.1.0:model_id=51170:date=30_07_2023_06:36</Creator>
        <Created>2023-05-10T13:33:42.522+02:00</Created>
        <LastChange>2023-07-30T06:36:27.213+02:00</LastChange>
        <TranskribusMetadata docId="1428582" pageId="55413860" pageNr="275" tsid="131485798" status="IN_PROGRESS" userId="64420" imgUrl="https://files.transkribus.eu/Get?id=KVEDBIRDWBMJGAKHYZMGZETO&amp;fileType=view" xmlUrl="https://files.transkribus.eu/Get?id=LZFKPPBPKHUSQBEOKEFWKDUK" imageId="44687994"/>
    </Metadata>
    <Page imageFilename="1428582_0275.jpg" imageWidth="3336" imageHeight="4088">
        <ReadingOrder>
            <OrderedGroup id="ro_1711791543156" caption="Regions reading order">
                <RegionRefIndexed index="0" regionRef="tr_1"/>
                <RegionRefIndexed index="1" regionRef="tr_2"/>
            </OrderedGroup>
        </ReadingOrder>
        <TextRegion id="tr_1" custom="readingOrder {index:0;}">
            <Coords points="1029,334 2909,334 2909,2110 1029,2110"/>
            <TextLine id="tr_1_tl_1" custom="readingOrder {index:0;}">
                <Coords points="2606,393 2641,409 2660,400 2678,414 2685,407 2720,425 2753,409 2762,419 2774,412 2802,416 2804,302 2776,312 2769,305 2746,309 2718,300 2704,312 2685,307 2671,319 2653,309 2625,332 2609,326"/>
                <Baseline points="2619,390 2664,390 2709,387 2754,384 2798,387 2804,390"/>
                <TextEquiv>
                    <Unicode>264</Unicode>
                </TextEquiv>
            </TextLine>
            <TextLine id="tr_1_tl_2" custom="readingOrder {index:1;}">
                <Coords points="1018,602 1346,644 2560,572 2823,639 2846,409 2453,472 1818,435 1586,507 1021,502"/>
                <Baseline points="1032,587 1056,587 1101,587 1145,584 1190,584 1235,581 1280,578 1324,578 1369,578 1414,575 1459,578 1477,575 1503,572 1548,572 1593,572 1638,569 1682,569 1727,569 1772,566 1817,569 1861,569 1906,566 1951,566 1996,563 2041,563 2085,563 2130,560 2175,560 2220,560 2264,557 2309,557 2354,555 2399,552 2443,552 2488,552 2533,549 2578,549 2622,549 2667,546 2712,543 2757,546 2801,543 2846,540"/>
                <TextEquiv>
                    <Unicode>zu laut? Vielleicht Ihre Durchlaucht</Unicode>
                </TextEquiv>
            </TextLine>
            <TextLine id="tr_1_tl_3" custom="readingOrder {index:2;}">
                <Coords points="1016,756 1070,784 1162,758 1267,784 1516,735 1609,751 1614,653 1476,635 1421,670 1335,637 1258,651 1176,630 1088,684 1018,679"/>
                <Baseline points="1029,743 1035,743 1080,740 1124,740 1169,737 1214,734 1259,731 1303,731 1348,731 1393,731 1438,725 1483,725 1527,725 1572,725 1617,731"/>
                <TextEquiv>
                    <Unicode>aufgeweckt?</Unicode>
                </TextEquiv>
            </TextLine>
            <TextLine id="tr_1_tl_4" custom="readingOrder {index:3;}">
                <Coords points="1016,963 1518,890 1707,923 1993,881 2146,921 2325,902 2330,749 1951,809 1876,763 1727,786 1609,746 1409,809 1021,823"/>
                <Baseline points="1032,886 1035,886 1080,886 1124,886 1169,886 1214,889 1259,889 1303,886 1348,880 1393,877 1438,877 1483,877 1527,877 1572,877 1617,871 1662,874 1706,874 1751,868 1796,868 1841,865 1885,865 1930,862 1975,862 2020,862 2064,862 2109,859 2154,859 2199,859 2243,859 2288,859 2333,862"/>
                <TextEquiv>
                    <Unicode>Graf: Nein, wie Sie sehen.</Unicode>
                </TextEquiv>
            </TextLine>
            <TextLine id="tr_1_tl_5" custom="readingOrder {index:4;}">
                <Coords points="1032,1056 2571,1067 2804,1011 2806,914 2220,897 1797,983 1353,914 1035,967"/>
                <Baseline points="1044,1041 1065,1041 1110,1038 1154,1041 1199,1038 1244,1038 1289,1035 1333,1035 1378,1032 1423,1035 1468,1032 1512,1032 1557,1029 1602,1029 1647,1029 1691,1026 1736,1023 1781,1023 1826,1020 1870,1020 1915,1020 1960,1017 2005,1014 2049,1020 2094,1017 2139,1014 2184,1011 2229,1014 2273,1008 2318,1008 2363,1008 2408,1008 2452,1002 2497,1002 2542,1002 2587,999 2631,999 2676,999 2721,996 2766,993 2810,996"/>
                <TextEquiv>
                    <Unicode>Fürstin: (kommt aus dem Haus) Grüss</Unicode>
                </TextEquiv>
            </TextLine>
            <TextLine id="tr_1_tl_6" custom="readingOrder {index:5;}">
                <Coords points="1018,1253 1162,1200 1797,1232 1879,1190 2516,1246 2797,1221 2802,1095 1021,1116"/>
                <Baseline points="1032,1199 1059,1196 1104,1193 1148,1190 1193,1187 1238,1187 1283,1184 1327,1184 1372,1184 1417,1187 1462,1184 1506,1181 1551,1178 1596,1178 1641,1178 1685,1178 1730,1175 1775,1175 1820,1172 1864,1172 1909,1172 1954,1169 1999,1166 2044,1166 2088,1166 2133,1163 2178,1166 2223,1163 2267,1160 2312,1160 2357,1157 2402,1157 2446,1157 2491,1154 2536,1154 2581,1154 2625,1151 2670,1154 2715,1154 2760,1154 2804,1154"/>
                <TextEquiv>
                    <Unicode>dich Gott, Konstantin, entschuldige,</Unicode>
                </TextEquiv>
            </TextLine>
            <TextLine id="tr_1_tl_7" custom="readingOrder {index:6;}">
                <Coords points="1028,1369 2769,1386 2820,1239 1032,1253"/>
                <Baseline points="1041,1342 1077,1342 1121,1339 1166,1339 1211,1339 1256,1336 1300,1336 1345,1333 1390,1333 1435,1333 1480,1333 1524,1330 1569,1330 1614,1327 1659,1330 1703,1327 1748,1327 1793,1324 1838,1324 1882,1324 1927,1321 1972,1318 2017,1318 2061,1318 2106,1315 2151,1315 2196,1315 2240,1312 2285,1312 2330,1309 2375,1306 2419,1306 2464,1303 2509,1303 2554,1300 2599,1300 2643,1300 2688,1298 2733,1295 2778,1295 2822,1298"/>
                <TextEquiv>
                    <Unicode>dass ich dich so lange habe warten</Unicode>
                </TextEquiv>
            </TextLine>
            <TextLine id="tr_1_tl_8" custom="readingOrder {index:7;}">
                <Coords points="1035,1516 2383,1518 2518,1460 2862,1460 2864,1390 1037,1425"/>
                <Baseline points="1047,1494 1080,1494 1124,1494 1169,1494 1214,1491 1259,1488 1303,1488 1348,1488 1393,1488 1438,1486 1483,1486 1527,1483 1572,1483 1617,1480 1662,1480 1706,1480 1751,1477 1796,1477 1841,1474 1885,1477 1930,1474 1975,1471 2020,1474 2064,1471 2109,1471 2154,1465 2199,1468 2243,1465 2288,1462 2333,1462 2378,1459 2422,1459 2467,1456 2512,1456 2557,1453 2601,1453 2646,1453 2691,1453 2736,1450 2781,1450 2825,1447 2870,1450"/>
                <TextEquiv>
                    <Unicode>lassen. Was sagst du, wie es bei mir</Unicode>
                </TextEquiv>
            </TextLine>
            <TextLine id="tr_1_tl_9" custom="readingOrder {index:8;}">
                <Coords points="1035,1655 1725,1637 1869,1688 2037,1644 2239,1690 2467,1609 2695,1632 2723,1544 2251,1560 2151,1511 1748,1588 1039,1544"/>
                <Baseline points="1047,1650 1071,1650 1115,1647 1160,1647 1205,1644 1250,1644 1295,1644 1339,1641 1384,1641 1429,1638 1474,1638 1518,1635 1563,1635 1608,1632 1653,1635 1697,1632 1742,1629 1787,1629 1832,1626 1876,1623 1921,1623 1966,1620 2011,1620 2055,1620 2100,1620 2145,1620 2190,1617 2234,1614 2279,1611 2324,1611 2369,1608 2414,1611 2458,1608 2503,1608 2548,1608 2593,1605 2637,1605 2682,1602 2727,1602"/>
                <TextEquiv>
                    <Unicode>zugeht. Dieser Herr Fink war auch</Unicode>
                </TextEquiv>
            </TextLine>
            <TextLine id="tr_1_tl_10" custom="readingOrder {index:9;}">
                <Coords points="1037,1814 2104,1834 2620,1758 2902,1802 2904,1672 1567,1741 1039,1700"/>
                <Baseline points="1050,1793 1074,1793 1118,1793 1163,1796 1208,1799 1253,1796 1298,1793 1342,1793 1387,1787 1432,1787 1477,1787 1521,1784 1566,1784 1611,1781 1656,1781 1700,1781 1745,1781 1790,1781 1835,1781 1879,1778 1924,1778 1969,1775 2014,1775 2058,1775 2103,1775 2148,1775 2193,1769 2237,1769 2282,1766 2327,1766 2372,1763 2416,1763 2461,1760 2506,1760 2551,1760 2596,1757 2640,1757 2685,1754 2730,1754 2775,1757 2819,1754 2864,1754 2909,1757"/>
                <TextEquiv>
                    <Unicode>wegen dem parkfest da, in aller Früh.</Unicode>
                </TextEquiv>
            </TextLine>
            <TextLine id="tr_1_tl_11" custom="readingOrder {index:10;}">
                <Coords points="1053,2020 1353,1988 1439,1948 1525,1969 1572,1941 1755,1967 1879,1951 1881,1883 1837,1862 1788,1886 1593,1844 1430,1888 1397,1860 1225,1881 1188,1858 1123,1893 1058,1867"/>
                <Baseline points="1068,1948 1080,1945 1124,1948 1169,1948 1214,1951 1259,1948 1303,1948 1348,1945 1393,1942 1438,1942 1483,1942 1527,1939 1572,1939 1617,1936 1662,1933 1706,1933 1751,1933 1796,1933 1841,1933 1885,1936"/>
                <TextEquiv>
                    <Unicode>Graf: Ich weiss.</Unicode>
                </TextEquiv>
            </TextLine>
            <TextLine id="tr_1_tl_12" custom="readingOrder {index:11;}">
                <Coords points="1058,2116 2444,2125 2525,2072 2816,2065 2818,1974 1060,2018"/>
                <Baseline points="1071,2094 1077,2097 1121,2100 1166,2100 1211,2097 1256,2097 1300,2097 1345,2094 1390,2094 1435,2094 1480,2091 1524,2088 1569,2085 1614,2085 1659,2085 1703,2085 1748,2085 1793,2085 1838,2085 1882,2082 1927,2082 1972,2079 2017,2076 2061,2076 2106,2073 2151,2073 2196,2073 2240,2073 2285,2073 2330,2070 2375,2067 2419,2064 2464,2064 2509,2061 2554,2061 2599,2061 2643,2061 2688,2055 2733,2055 2778,2055 2822,2055"/>
                <TextEquiv>
                    <Unicode>Fürstin: Und von hier fährt er di-</Unicode>
                </TextEquiv>
            </TextLine>
        </TextRegion>
        <TextRegion id="tr_2" custom="readingOrder {index:1;}">
            <Coords points="1059,2167 2960,2167 2960,3796 1059,3796"/>
            <TextLine id="tr_2_tl_1" custom="readingOrder {index:0;}">
                <Coords points="1046,2278 2627,2253 2630,2144 2365,2186 2281,2141 1807,2190 1049,2167"/>
                <Baseline points="1059,2258 1068,2255 1113,2252 1157,2252 1202,2252 1247,2252 1292,2252 1336,2249 1381,2249 1426,2246 1471,2243 1515,2240 1560,2240 1605,2240 1650,2237 1694,2240 1739,2240 1784,2237 1829,2237 1873,2234 1918,2234 1963,2234 2008,2231 2052,2231 2097,2229 2142,2229 2187,2226 2231,2226 2276,2226 2321,2223 2366,2223 2411,2220 2455,2220 2500,2217 2545,2217 2590,2217 2634,2217"/>
                <TextEquiv>
                    <Unicode>rekt zum Duell.Ganz fesch,was?</Unicode>
                </TextEquiv>
            </TextLine>
            <TextLine id="tr_2_tl_2" custom="readingOrder {index:1;}">
                <Coords points="1063,2462 1300,2476 1586,2399 1874,2430 1953,2385 2602,2406 2667,2383 2669,2320 2523,2278 2016,2348 1686,2248 1509,2344 1065,2341"/>
                <Baseline points="1077,2405 1107,2408 1151,2408 1196,2408 1241,2408 1286,2408 1330,2405 1375,2405 1420,2402 1465,2399 1509,2396 1554,2396 1599,2393 1644,2393 1688,2393 1733,2390 1778,2390 1823,2387 1867,2387 1912,2384 1957,2384 2002,2381 2046,2381 2091,2378 2136,2378 2181,2378 2226,2378 2270,2375 2315,2375 2360,2375 2405,2372 2449,2369 2494,2372 2539,2369 2584,2369 2628,2369 2673,2369"/>
                <TextEquiv>
                    <Unicode>Graf: Das kann man schon sagen.</Unicode>
                </TextEquiv>
            </TextLine>
            <TextLine id="tr_2_tl_3" custom="readingOrder {index:2;}">
                <Coords points="1065,2618 2344,2530 2925,2553 2930,2458 2611,2399 2095,2502 1955,2446 1539,2511 1070,2478"/>
                <Baseline points="1080,2560 1095,2560 1139,2560 1184,2560 1229,2560 1274,2560 1318,2560 1363,2557 1408,2554 1453,2554 1497,2554 1542,2551 1587,2551 1632,2548 1676,2548 1721,2548 1766,2545 1811,2545 1856,2542 1900,2539 1945,2539 1990,2539 2035,2536 2079,2533 2124,2530 2169,2530 2214,2527 2258,2527 2303,2527 2348,2527 2393,2524 2437,2527 2482,2527 2527,2524 2572,2524 2616,2521 2661,2518 2706,2518 2751,2515 2795,2515 2840,2512 2885,2509 2930,2509"/>
                <TextEquiv>
                    <Unicode>Fürstin: Also grüss Sie Gott,lieber</Unicode>
                </TextEquiv>
            </TextLine>
            <TextLine id="tr_2_tl_4" custom="readingOrder {index:3;}">
                <Coords points="1067,2776 1500,2706 2260,2750 2476,2678 2827,2730 2843,2583 2395,2558 2192,2618 2046,2571 1953,2646 1669,2604 1507,2676 1070,2634"/>
                <Baseline points="1080,2715 1101,2715 1145,2712 1190,2712 1235,2712 1280,2712 1324,2709 1369,2709 1414,2709 1459,2706 1503,2706 1548,2706 1593,2703 1638,2703 1682,2700 1727,2700 1772,2697 1817,2697 1861,2694 1906,2694 1951,2691 1996,2691 2041,2688 2085,2688 2130,2688 2175,2685 2220,2685 2264,2685 2309,2682 2354,2682 2399,2679 2443,2676 2488,2679 2533,2676 2578,2676 2622,2676 2667,2676 2712,2673 2757,2667 2801,2664 2846,2664"/>
                <TextEquiv>
                    <Unicode>Kajetan. Na haben Sie alles mitge-</Unicode>
                </TextEquiv>
            </TextLine>
            <TextLine id="tr_2_tl_5" custom="readingOrder {index:4;}">
                <Coords points="1065,2913 1104,2890 1132,2899 1181,2867 1214,2883 1251,2869 1286,2885 1369,2890 1407,2874 1448,2878 1448,2790 1414,2781 1383,2781 1339,2813 1300,2790 1256,2818 1128,2776 1067,2797"/>
                <Baseline points="1080,2867 1095,2867 1139,2864 1184,2864 1229,2867 1274,2861 1318,2861 1363,2861 1408,2861 1453,2858"/>
                <TextEquiv>
                    <Unicode>bracht?</Unicode>
                </TextEquiv>
            </TextLine>
            <TextLine id="tr_2_tl_6" custom="readingOrder {index:5;}">
                <Coords points="1083,3085 1432,3095 1516,3020 1727,3009 2818,3002 2848,2860 2725,2827 1834,2962 1695,2916 1088,2946"/>
                <Baseline points="1098,3013 1104,3016 1148,3016 1193,3019 1238,3016 1283,3013 1327,3016 1372,3013 1417,3013 1462,3010 1506,3010 1551,3007 1596,3007 1641,3004 1685,3004 1730,3004 1775,3001 1820,3001 1864,2998 1909,2998 1954,2995 1999,2992 2044,2992 2088,2992 2133,2989 2178,2986 2223,2986 2267,2986 2312,2983 2357,2980 2402,2977 2446,2977 2491,2977 2536,2977 2581,2977 2625,2974 2670,2974 2715,2974 2760,2974 2804,2974 2849,2980"/>
                <TextEquiv>
                    <Unicode>Kajetan: Alles und noch viel mehr.</Unicode>
                </TextEquiv>
            </TextLine>
            <TextLine id="tr_2_tl_7" custom="readingOrder {index:6;}">
                <Coords points="1067,3209 2864,3167 2867,3069 2313,3060 2213,3116 1927,3055 1414,3118 1070,3083"/>
                <Baseline points="1080,3171 1124,3168 1169,3168 1214,3168 1259,3168 1303,3168 1348,3162 1393,3162 1438,3162 1483,3162 1527,3159 1572,3159 1617,3159 1662,3159 1706,3157 1751,3154 1796,3154 1841,3151 1885,3148 1930,3148 1975,3145 2020,3145 2064,3145 2109,3145 2154,3145 2199,3142 2243,3142 2288,3142 2333,3139 2378,3139 2422,3136 2467,3136 2512,3133 2557,3133 2601,3130 2646,3127 2691,3127 2736,3124 2781,3124 2825,3124 2870,3124"/>
                <TextEquiv>
                    <Unicode>Ganz neue Pläne.Werde so frei sein</Unicode>
                </TextEquiv>
            </TextLine>
            <TextLine id="tr_2_tl_8" custom="readingOrder {index:7;}">
                <Coords points="1079,3332 1123,3343 1153,3325 1214,3346 1253,3325 1342,3346 1414,3322 1483,3343 1509,3320 1572,3318 1653,3341 1655,3267 1539,3236 1462,3269 1383,3232 1207,3257 1167,3241 1081,3250"/>
                <Baseline points="1092,3324 1121,3324 1166,3327 1211,3324 1256,3324 1300,3321 1345,3321 1390,3321 1435,3315 1480,3315 1524,3315 1569,3315 1614,3315 1659,3315"/>
                <TextEquiv>
                    <Unicode>vorzulesen.</Unicode>
                </TextEquiv>
            </TextLine>
            <TextLine id="tr_2_tl_9" custom="readingOrder {index:8;}">
                <Coords points="1088,3550 1483,3557 1602,3483 2109,3450 2867,3481 2871,3313 1865,3336 1660,3408 1093,3392"/>
                <Baseline points="1104,3479 1127,3476 1172,3479 1217,3476 1262,3476 1306,3473 1351,3473 1396,3470 1441,3470 1486,3473 1530,3470 1575,3467 1620,3467 1665,3464 1709,3464 1754,3461 1799,3461 1844,3461 1888,3461 1933,3458 1978,3455 2023,3452 2067,3452 2112,3449 2157,3449 2202,3449 2246,3446 2291,3446 2336,3446 2381,3443 2425,3443 2470,3440 2515,3440 2560,3437 2604,3437 2649,3434 2694,3431 2739,3431 2784,3428 2828,3428 2873,3428"/>
                <TextEquiv>
                    <Unicode>Fürstin: Moment, ich will nur meine</Unicode>
                </TextEquiv>
            </TextLine>
            <TextLine id="tr_2_tl_10" custom="readingOrder {index:9;}">
                <Coords points="1086,3648 1339,3722 1941,3620 2876,3634 2957,3615 2962,3492 2790,3546 1983,3522 1913,3576 1090,3550"/>
                <Baseline points="1101,3640 1124,3634 1169,3631 1214,3631 1259,3628 1303,3625 1348,3625 1393,3625 1438,3625 1483,3622 1527,3622 1572,3619 1617,3619 1662,3619 1706,3619 1751,3616 1796,3616 1841,3616 1885,3616 1930,3616 1975,3613 2020,3610 2064,3607 2109,3604 2154,3604 2199,3604 2243,3607 2288,3604 2333,3604 2378,3601 2422,3595 2467,3598 2512,3598 2557,3595 2601,3592 2646,3589 2691,3589 2736,3589 2781,3583 2825,3583 2870,3583 2915,3580 2960,3586"/>
                <TextEquiv>
                    <Unicode>Briefe anschaun. Da ist ja einer von</Unicode>
                </TextEquiv>
            </TextLine>
            <TextLine id="tr_2_tl_11" custom="readingOrder {index:10;}">
                <Coords points="1090,3829 1230,3850 1323,3804 1379,3834 1397,3818 1609,3839 1716,3825 1718,3741 1630,3704 1511,3713 1481,3687 1339,3722 1293,3694 1202,3732 1156,3718 1093,3741"/>
                <Baseline points="1104,3783 1148,3786 1193,3786 1238,3783 1283,3783 1327,3780 1372,3780 1417,3780 1462,3780 1506,3777 1551,3777 1596,3777 1641,3777 1685,3777 1721,3783"/>
                <TextEquiv>
                    <Unicode>meinem Mann.</Unicode>
                </TextEquiv>
            </TextLine>
        </TextRegion>
    </Page>
</PcGts>
