3464 4152
2823 442 2999 583 105
228 452 628 645 19.3.1914.
1063 556 3049 730 einzelnen so wenig bedeutet sich nicht
1060 717 3051 891 wundern dürfte, wenn sich irgend jemand
1067 856 3058 1035 anderer dieses Prinzip zu Nutze machen
1058 1095 1380 1216 würde.
1070 1130 2959 1358 Satan: Das ist wohl nicht sehr ernst
1067 1405 1604 1527 zu nehmen.
1070 1482 2986 1676 Graf: Ich erwähne es auch nur der Ku¬
1067 1616 2813 1805 riosität halber. Aber ich will nun
1070 1777 2902 1944 nicht weiter stören. Sie werden also
1070 1934 2907 2108 die Freundlichkeit haben Ihrerseits
1075 2073 3063 2257 mit den in Betracht kommenden Faktoren
1075 2262 3004 2430 die nötigen Vorbesprechungen zu pfle-
1085 2388 2924 2597 gen und in drei bis vier Tagen soll
1452 2540 1879 2646 bewusst e
1087 2569 2900 2723 dann die Zusammenkunft stattfinden
1117 2686 2828 2944 (zu Fliederbusch) Wird man morgen
1085 2909 2867 3026 wieder einen Ihrer famosen Artikel
1085 3019 2051 3195 zu lesen bekommen?
1087 3106 3044 3334 Fliederbusch: Herr Graf interessieren
1090 3319 3016 3505 sich in der Tat - Ich habe selbstver¬
1097 3505 3041 3652 ständlich die Absicht auf den letzten
1087 3634 2175 3811 Artikel zu erwidern -
