3416 4120
2476 244 2992 516 1.5
460 404 1726 618 Lemble in Heedertisch. -
559 624 2405 831 wir haben miteinander zu reden -
568 793 2813 1013 Deusetel gleich Abenstler, Thedaher ein.
466 1010 2569 1173 A. Sie wert jetzt :- Es xxx
593 1093 2291 1321 him he froh! - he c'erd verhim.
519 1176 2881 1470 H. Leibt gesagt... ist hat Frei. Rund...
472 1420 2652 1584 A han ist, itm - de ceik in efri me
682 1510 1321 1695 arbeite.
614 1621 2238 1800 tress unvermellt geblieben
500 1643 584 1822 H.
633 1800 2763 1988 Ein cefouce Gout  Aupt mr Sorge
460 1803 599 1979 s.
568 1920 2779 2090 was het wie gewisst - Vordre this was in is it
584 2066 905 2223 werde.
500 2161 2328 2387 Il s'écred st passe tres, seit... Si
574 2479 1680 2708 For tannys kunt
497 2655 1843 2831 Il ditant weil schon durch -
479 2692 2451 2970 Tours... d.o die nächst u tiet mit, - He ist.
411 2871 2788 3084 (21 at white Curgst. gehabt.) If he besorgt 1
497 2992 2976 3251 K. Hen Cbendta. is aldig in itin arsebls. -
565 3159 2624 3387 Tobtabe wert ein Beweis mit Heietler
695 3338 3001 3480 das habe übrige ein Rame an den englisch übersetzt
2485 3443 2769 3563 Rube
525 3439 1822 3622 (The trust itn gleich witres).
513 3594 2924 3717 he unretenerle Rev. in Niederhof. Was etwa dagegen
562 3699 2844 3866 allher and in?  Exrolles Versanleus einbaruf
