3432 4120
2853 405 2990 543 64
1150 517 2976 707 genau, was ich - Das ist ja eine di-
1138 697 3028 868 rekte Antwort auf den Artikel in der
1155 844 2020 1029 „Eleganten Welt“.
1155 989 2838 1155 Leuchter: Aber eine gute. Wie sie
1136 1160 3045 1309 Epstein nicht hätte besser schreiben
1143 1318 2983 1473 können. Aber sagen Sie mir nur, mein
1138 1465 2936 1603 lieber Fliederbusch, wie kommen Sie
1143 1634 3045 1774 überhaupt dazu - wann haben Sie denn
2108 1745 2497 1854 Il. Soebe
1143 1788 1999 1942 diesen Artikel -
2205 1835 2744 1954 was been
671 1890 925 2030 sucher
1138 1923 2964 2077 Fliederbusch: Der Herr Doktor Füll-
1133 2084 2966 2224 mann hat uns einige Stellen aus der
1157 2224 2983 2383 „Eleganten Welt“ vorgelesen(und ich
1745 2345 2082 2431 Thester
1980 2348 2853 2495 met être avant... noueil
543 2381 1067 2563 and diesem
1136 2431 2966 2544 muss sagen) ich hab einen so furcht¬
1141 2566 2860 2717 baren Zorn bekommen. Ich habe das,
1143 2708 2883 2838 was dieser Herr Fink schreibt, so
1143 2869 2921 3007 im wahren Sinn des wortes empörend
1148 3033 3021 3220 gefunden) Ich, ich hab mich da hinein-
292 3149 1043 3336 M Seichle - todt.
1155 3182 2881 3355 gesetzt und ich musste,ich konnte
2905 3282 3130 3445 And
1155 3298 2881 3502 nicht anders — — in
1150 3462 2928 3664 Leuchter: (zu Frühbeck,Obendorfer,
1150 3614 2834 3851 Abenstern, Füllmann, die sich die
