3432 4104
2746 259 2927 400 176
1046 407 3013 581 sein die gnädige Frau und das Fräulein
1034 573 2819 744 Tochter auf die Bahn zu begleiten,
1039 684 2877 920 auch beim Gepäckaufgeben behilflich
1039 926 1318 1059 sein.
1049 996 2734 1225 Fanny: Ich weiss wirklich nicht.
1051 1192 3028 1361 Abendestern: Aber es ist mir schon lang
1054 1373 2216 1512 nicht so gut gegangen,
1056 1451 2834 1695 Fanny: (zu Flie derbusch an der Tür)
1056 1660 2442 1818 Was ist das für ein Mensch?
1061 1826 2852 2042 Fliederbusch: Alter Kollege, dem es
2666 1901 3207 2055 are [illegible]
1079 1967 2643 2133 offenbar nicht sehr gut geht.
1066 2045 3071 2346 Fanny : Und du hast auch nichts übriges
1086 2248 3013 2485 styx: Ich bitte nochmals um Entschul-
1081 2384 3023 2593 digung,gnädige Frau (das Stubenmädchen
1086 2613 3046 2714 ist mit dem Einspännerkutscher herein-
1094 2746 3008 2885 gekommen und sie beide befördern die
1094 2877 3010 3021 den Koffer und die Handtasche hinaus)
1097 3048 3058 3272 Abendstern: Ich komme dann gleich wie-
1102 3234 1662 3350 der zurück.
1109 3285 3129 3483 Fliederbusch: Darum würde ich natürlich
1112 3443 2963 3717 dringend bitten. (er küsst das Kind
428 3873 599 3979 er
312 3861 402 3979 r
