3400 4104
2744 405 2943 539 297
1097 534 3019 716 mir das Recht vor immer das zu schrei
1109 669 2931 875 ben, was ich will. Ich wünsche nicht
1105 834 2830 999 verpflichtet zu sein an jedem Tag
1109 973 2820 1201 dasselbe zu lieben und zu hassen.
1105 1143 3003 1323 Ich bin nun einmal nicht so wunderbar
1114 1277 2880 1469 geschaffen,wie Ihr Andern, dass ich
1109 1457 2880 1649 ganz genau weiss, auf welcher seite
1102 1615 1994 1788 die Wahrheit ist.
1097 1737 2820 1946 Styx: Jetzt will dieser Komödiant
1109 1898 2859 2082 uns einreden, dass er objektiv ist.
1102 2051 2926 2252 Fliederbusch: Ganz im Gegenteil,ich
1105 2236 2868 2396 bin subjektiv.Ich stehe nicht über
1112 2346 2873 2511 den Parteien. Ich bin einen Tag da
1102 2506 2916 2708 und am andern dort. Das ist ein Un-
1097 2648 2919 2832 styx: Das ist ein Unsinn.Sowas gibt
1114 2840 1560 2993 es nicht.
1102 2947 2959 3163 Fliederbusch: Hast du's nicht an dir
1105 3106 2720 3292 selbst erlebt? Was du allmählich
2657 3218 2919 3343 Aletin
1097 3266 2991 3477 durchgemacht hast,wozu du ein Schick-
1097 3460 2904 3582 sal brauchtest, das hab ich erlebt,
1105 3611 2916 3765 einfach,weil ich lebte. Das, wozu Ihr
