3352 4088
2766 362 2955 556 280
1119 566 3019 724 machen würden,um uns die zeit zu ver-
1126 726 3024 906 treiben. He Schrömmchen,warum antwon¬
1124 876 1879 1060 ten Sie nicht?
1687 956 2451 1077 here he is..
1124 1008 2901 1197 Schrom: (zu Egon)Man hätte sich in
1143 1178 2894 1337 diese Sache nicht einlassen sollen.
1193 1292 2215 1408 Ihn mit den Weg uffellem
1136 1358 2172 1526 Egon: Nun hören Sie.
1129 1462 2915 1628 Schromm: Man hätte sich näher nach
1138 1635 2291 1810 ihm erkundigen müssen.
1138 1770 2896 1973 Egon: Was blieb uns anderes übrig?
1100 1947 2792 2127 (Sie waren doch auch der Ansicht -
1152 2075 3012 2291 Schromm: Ich war plötzlich Sekundant
1148 2238 3024 2437 ohne zu wissenwie. Auf Ihren Wunsch
1138 2366 2856 2546 bin ich die Redaktion des „Tage-
1157 2537 2967 2695 werks“ Ihnen selbst war dieser Herr
1141 2681 3024 2854 Fink immer verdächtig. Ich ahne, dass
1162 2863 2873 3031 wir uns blamieren werden. Und Sie
1157 3003 1787 3178 sind schuld.
2967 3166 3114 3315 G.C.P.
1169 3142 2925 3334 Egon: Wollen Sie etwa mir Vorwürfe
601 3202 1088 3339 Themen St. C
601 3313 1091 3457 alte u.c. häs¬
1157 3355 1588 3474 mache n?
1157 3485 2979 3665 Dr. Kunz: Ich höre ein Auto brausen.
1164 3575 3034 3814 Fliederbusch: (singt nach der Melodie
