3464 4104
2650 298 2810 491 230
1052 488 2779 709 Fliehn. Ja, aber dann verschwinden
1059 678 2819 850 doch beide zugleich. Ich glaube, es
1056 817 2885 1002 hat noch nie einen Menschen gegeben
1061 937 2836 1171 der in einer so schwierigen Situa-
1087 1092 2815 1322 tion war. Denn wenn ich mich auch
1092 1235 2981 1432 entdecke, zu einer polle muss ich mich
1099 1427 2789 1629 ja doch entscheiden.. Und es h채ngt
1092 1594 2864 1747 nicht allein von mir ab,welche ak-
1101 1690 2930 1909 zeptiert wird, dem glaubt man mehr?
1106 1880 2789 2080 Wo habe ich die bessern Freunde?
1115 2019 2911 2247 Wo ist mein Herz? Wo ist weine See.
1131 2141 3021 2350 le? Wo ist meine Ueberzeugung? Es ist
1131 2322 3019 2531 gar keine Frage,einer von uns beiden
1136 2474 2958 2676 muss aus der Welt. F체r uns Beide hat
1141 2627 2256 2859 die Erde keinen Raum.
1176 2812 2819 3017 (Dies alles k체rzer und irgendwie
1162 2916 2918 3167 traumhafter, endlich m체sste er ein-
1157 3146 1646 3319 schlafen)
