3384 4056
2637 302 2831 468 198
972 460 2854 650 können,wie mir der Frühbeck die Kor¬
972 655 2532 836 rektur zum Lesen gegeben hat.
985 813 2921 1018 Abendstern: Nun warum haben Sie nicht
985 972 2864 1125 aufmerksam gemacht? Vielleicht hätte
977 1092 2849 1263 man doch noch diesen besonders star.
980 1271 2455 1432 ken Ausdruck mildern können.
987 1422 2164 1601 Fliederbusch: Oh nein.
985 1532 2834 1708 Obendorfer: Zu diesen Ueberlegungen
980 1675 2882 1893 ist ja jetzt zu spät. Jetzt heisst's
990 1854 2800 2043 die Suppen auslöffeln. Also,wir er.
987 2028 2049 2205 warten Ihre Befehle.
995 2133 2959 2381 Fliederbusch: Also, die Sache steht so.
990 2279 2936 2488 Die beiden Herren von der Gegenpartäi
995 2463 2900 2642 kommen um sechs Uhr hieher,wie Ihnen
1000 2624 2887 2775 bekannt ist,um mir die Forderung des
995 2752 2880 2941 Herrn Fink offiziell zu überbringen.
997 2946 2775 3115 Um unnötigen Aufchub zu vermeiden,
1005 3066 2852 3225 habe ich gleich Sie, meine Herren als
1261 3197 2130 3294 Bevollmächtigten
1000 3215 2990 3401 meinen Zeugen designiert und bitte den
1010 3340 2829 3563 Herren Sekundanten von der Gegapar.
1013 3532 3066 3754 tei mitzuteilen,dass ich mich mit Herrn
