3416 4104
2560 315 2756 457 pa8
306 401 706 604 18/4.1914.
1029 500 2849 702 Tage, Wochen oder Monate braucht,das
2415 607 2526 685 von
1029 656 2813 860 mache ich in einer Stunde, in einem
1031 811 2906 974 Augenblick zum andern durch. Was sage
1050 948 2929 1147 ich von eßnem Augenblick zum andern?
1057 1107 2962 1325 Ich fühle beides zugleich, ich bin bei
1055 1247 2842 1429 des, ich bin Fink und Fliederbusch.
1062 1427 2939 1645 styx: Das wäre der erste Fall dieser
1055 1640 1282 1766 Art.
1074 1730 2754 1936 Fliederbusch: Nein.Nur der erste
1071 1894 2756 2048 Fall, in dem es einer ausspricht.
1112 2038 2816 2211 (Vielleicht hätte das der Graf zu
1301 2176 1443 2263 so
1088 2188 2569 2353 sagen (wie auch das Folgende)
1095 2306 2823 2545 Ueberzeugung,Parteizugehörigkeit,
1107 2465 2977 2652 das ist ein Götze, den man aufgerich-
1119 2612 2808 2837 tet hat,weil es zur Wahrheit dem
1119 2797 2849 2962 wirklich Göttlichen keinen Zugang
1121 2939 2979 3143 gibt. In dem Moment,wo man den Geg.
1138 3079 2899 3273 ner sowohl für einen vernünftigen
1140 3245 2927 3463 als für einen anständigen Menschen
1142 3382 3017 3591 hält, ist man ja nahe daran seine ei-
1152 3553 2733 3752 gene Ueberzeugung zu verraten.
