3400 4056
2696 335 2894 513 192
978 455 2944 693 ren freundlichen Vorschlag abzulehnen,
983 638 2869 848 ich muss es tun, weil auch Herr Fink,
985 785 2964 993 ich darf es nicht verhehlen, zu meinen
983 990 2926 1158 Freunden zählt. Es wäre mir total un¬
993 1108 2731 1323 möglich bei diesem Ehrenhandel auf
1006 1253 2951 1438 einer der beiden Seiten als Sekundant
1003 1391 2936 1591 zu fungiren. Als Unparteiischer viel¬
1018 1536 2876 1756 leicht, aber auch das müsste ich ver-
1006 1688 3014 1891 meiden, denn es wäre mir ebenso schmerz-
1023 1888 2984 2051 lich Herrn Fink als Fliederbusch fal¬
1031 2039 1723 2224 len zu sehen.
1031 2144 3037 2356 Abendstern: Ich muss Ihre Gründe selbst
1036 2316 2976 2486 verständlich würdigen, aber vielleicht
1036 2461 2996 2669 könnten Sie uns mit Ihrem freundlichen
1041 2709 1246 2821 Rat
1048 2741 2989 3014 Styx: Auch das muss ich ablehnen,we-
1058 2914 2944 3134 nigstens, so weit es das Duell selbst
1058 3069 2906 3274 betrifft. Jedenfalls aber auf Grund
1066 3224 2986 3459 einer leider oft erprobten Erfahrung,
1061 3374 2904 3579 rate ich den Herrn Sekundanten.zur
1061 3539 2911 3764 Abreise parat zu sein.Denn wenn die
