3416 4120
2736 327 2874 486 55
1041 486 2829 671 überhaupt ein anderer Mensch. Jetzt
1041 659 2715 884 bin mein einsamer alternder Mann.
1041 832 2947 996 Fliederbusch: Wie kommt’s, dass Sie bei
1046 982 2936 1124 solchen Anschauungen - Sie verzeihen
1041 1122 2902 1309 mir diese Frage - unvermählt geblie.
1050 1302 1551 1442 ben sind?
1055 1444 2895 1605 Abendstern: Wie das kommt? Weil ich
1067 1584 2898 1764 ein elender Egoist gewesen bin,mein
1067 1762 2781 1909 ganzes Leben lang. Weil ich immet
1058 1911 2850 2061 Angst vor Sorgen und Verantwortung
1065 2046 2860 2210 gehabt habe. Dabei sind mir die Sor.
1069 2222 2964 2376 gen durchaus nicht erspart geblieben.
1100 2378 2976 2516 Ich habe sie schliesslich noch heute.
1077 2521 2957 2661 Ich kann am Ende immer drauf gefasst
1074 2675 2914 2834 sein vor die Türe gesetzt zu werden
1079 2829 2238 2966 wie Sie. Und was dann?
1079 2962 2808 3170 Fliederbusch: Sie werden dann Ihr
1088 3132 2288 3308 grosses Werk schreiben.
1091 3294 2815 3426 Abendstern: Aber das interessiert
1086 3426 2781 3583 mich ja nicht mehr. Für wen denn?
1096 3571 2931 3796 Fliederbusch: Sollte ich nicht doch
