3416 4168
882 439 1379 594 werden. -
959 464 2590 666 Hochmit des Feidel-
951 652 2142 771 nen Vater, träs-ciil mit der
1059 741 2175 915 Schlimme Scheningen.
967 835 2880 1025 Hastdi de Eutitel in Fuhgelesen. “Tit
887 942 1451 1092 einbetreibt...
940 989 2866 1211 Wien hart du Ses,.  Quichte beknies?
929 1155 2214 1363 me set in me jige nicht. -
940 1269 2883 1470 Dr. Carst weve hie noch in Genschaal -
912 1432 2686 1655 Morgen Abend ziehen nur auf
923 1622 1628 1780 je m'aient laitte.
835 1708 2416 1882 (p S) as toff his bei uus si seke
829 1785 2706 2029 has wolle to uit mis emainen alles
821 1965 1777 2150 lui pluaites?
1003 2037 2720 2275 Er geht rasch. schreiben.. Erst
884 2214 2551 2410 tet flück! - Die stimme mir
835 2330 2029 2559 mild. sibine Frau. -
2048 2537 2399 2678 all
879 2554 2026 2767 H. Termy
931 2673 2460 2919 In komme nt he bleib
860 2896 1468 3082 to him!
860 2860 3007 3156 Ich nicht unternt Freundtreden.
860 3109 2286 3328 Ee lel de jekindit -. -
901 3239 2678 3397 trou med it ja Jehe inwisse...
893 3344 2753 3562 tso sleibet de er betuigt mich
882 3452 3104 3695 Mastet ded reste dachs in Ben: Recuven -
876 3612 2808 3811 hi spielst! Ihr ein Teilnissimmer! -
1103 3714 2753 3919 be kam bei ich recht wirkt.
1202 3864 1866 4007 troule vite
