3448 4104
2679 251 2870 474 115
206 324 675 499 21./3.1914.
991 477 2511 635 Fliederbusch, schreibend, Styx.
1019 615 2940 803 (Zt erwägen,ob die Figuren Kausig und
996 753 3013 981 Styx nicht in eine zusammengezogen wer-
1006 926 2935 1091 den könnten. Wichtig für die Oekonomie
1016 1079 2852 1269 des Stücks.styx müsste dann Flieder.
1006 1224 2792 1397 busch auf irgend eine andere Weise
1011 1407 2125 1573 kennen gelernt haben.
1021 1515 2975 1749 Natürlich dürfte er aber nicht wissen
1031 1661 2908 1861 ebenso wie Styx es nicht weiss, dass
1021 1861 2925 2025 Fliederbusch auch jene Artikel gegen
1031 2022 2920 2180 Fink im Tagewerk schräbt.Für ihn ist
1024 2137 2825 2343 Fliederbusch eben nur Reporter und
1046 2323 1829 2516 nichts anderes.
1056 2451 2930 2624 Oder auch,er hat eben in seiner De-
1051 2592 2893 2777 tektivart eruiert,dass Fliederbusch
1061 2752 2990 2950 auch jene Artikel gegen Fink schreibt
1066 2905 2953 3088 und will das auf irgnd eine Weise zu
1076 3063 2486 3261 einer Erpressung benützen.)
