3464 4136
2875 354 3015 511 29
1071 505 2908 692 Theater nennt und über Subjekte, wie
1063 645 2831 829 Herrn Kajetan - Kaijetan! (er steht
1066 838 3054 1002 auf) Meine Herren, wissen sie, wer Kaje-
1615 917 3183 1024 Triben. Da. En Fünfelien in Thun
1071 1008 3213 1153 tan ist? + G. Genere Ein schlieferl
442 980 868 1153 des h è ri
2013 1079 2400 1167 verwenden.
352 1101 947 1274 was in Blatt
1077 1151 2900 1313 Obendorfer: Schrein Sie nicht so. Er
417 1239 950 1395 retraret tober
1071 1277 2049 1453 ist drin beim Chef.
1631 1379 1840 1483 we
319 1381 893 1527 Eccion in
1066 1439 3002 1596 Abendstern: Was? Nein."Na, er soll heut
283 1461 931 1656 brengekomen
305 1585 939 1747 vient lehr leur
1060 1576 3079 1725 seine Freude erleben. Es soll ihm nichts
299 1678 1049 1834 Les Chil veyillent
1063 1755 2996 1889 nützen. Dieser Bursche, dieser Bursche!
319 1793 522 1994 its
1090 1889 2082 2032 (er schreibt wieder
1881 1994 1975 2098 7
1055 2073 2856 2235 Füllmann: (Man beginnt ihn ernst su¬
1060 2156 3037 2370 nehmen, den Grafen Niederhof, darum han-
2137 2301 2472 2395 man he
1055 2367 3147 2524 dalt es sich ja. Und mit allen Grundchen
1055 2538 2938 2642 Er ist ein intimer Freund Er ist der
1049 2631 3065 2831 kommende Mann Heut über ein Jahr ist er
1502 2757 2268 2859 nollen wisselle.
1044 2820 2952 2933 Minister. Er wird einmal Oesterreich
1041 2974 2941 3109 regiere. Beim Erzherzog Nepomuk geht
1049 3120 2941 3257 er wie ein Freund des Hauses aus und
1049 3252 3257 3447 ein..  Und, wie wieder ein Wies oder als hatten
