7000 5194
1448 497 1631 646 G.H.F.P
1815 474 1987 656 G. F.
1761 1021 2976 1176 Dr. MAX BURCKHARD WIEN, IX. PORZELLANGASSE 48
2651 1088 3081 1237 ST. GILGEN 7.6.08
1956 1402 3062 1578 Lieber, sehr verehrter Inne Dokio!
2123 1534 3261 1704 2) sage Ihnen herzlichstem Dank hin.
1911 1612 3100 1777 den freundlicher Zusendung ihres eben
1918 1683 3224 1870 erschienenen Ramanns - Gegen meine
1903 1773 3276 1941 Prüngeren hatte ich ein „Hoolsehungen“ bereits
1909 1825 3274 2027 in der Rendschau gelesen, in mich schon da¬
1897 1932 3192 2119 erste Numer hiezu verlodet hatte: den
1901 2027 3159 2226 Schluß aber hatte ich noch nicht erhalten,
1903 2119 3182 2293 Sene die Entfernung in Wien nach
1890 2196 3339 2427 Gilzen ist lang und mein Buchhändler
1886 2322 3196 2477 und die Post sine langsam. Mich hat
1897 2389 3223 2591 In Vieles in dem Buchn lieb bewegt
1911 2492 3203 2676 daß ich es nicht mit ein paar jeden
1909 2586 3186 2762 Sine Ausdruck bringen könnte.
2108 2681 3158 2827 Annen in nicht seiner noch
1874 2760 3270 2955 Inschunderten weder nach Schilzen?
1886 2882 3127 3027 Ich nur leider, mich im Herbst und nach
1880 2957 3391 3152 Weihnachten in Mme wegbenmal nicht
1907 3043 3330 3244 und konnte daher meinen Vorseh, die
1888 3177 2850 3381 aufzusuchen nicht auszusam.
2058 3217 3464 3464 Zugleicht mit Janckehs an die verehrterzeitige Herr
2781 3332 3316 3506 V Lnommay
4483 539 5414 773 Chapons 1 Dec.
4512 794 4663 903 23
3905 924 5135 1025 Dr. Max BURCKHARD KIEN, xx. ponstil.cisser.12
4806 1002 5244 1117 ST. GILGEN 14.7.08
3982 1339 5206 1580 Sehr verehrter lieben Herr Doctor!
4104 1469 5447 1679 2) beglücknüssche Sie sehr für zu Ihrem
3961 1584 5414 1792 Aufenthalt, den eine Ihre liebe Karle
3957 1689 5454 1872 meliet. Ich war einmal einige Tage
3953 1821 5277 2004 auf der Seiheralen – Wohnungs zur
3924 1916 5185 2117 Schnitt zeit. Es war soot nicht nur
3953 1970 5458 2180 muderschie, sondern auch ans nicht auf der.
3963 2058 5424 2305 ordentlich erhaltend; es nur damals
3982 2155 5470 2414 das eingegennt. Als ich Gelegenheit
3997 2293 5441 2509 hatte, das südterolische Volksloben (viel
3957 2402 5319 2643 seiner angenehmsten Seite) kennen
3991 2505 5345 2720 zu leinen. Freilich hatte ich mich mit großen
6223 2459 6480 2643 sse:8
3991 2595 5441 2808 Theresse an fehlen und flüßigen Personal
6244 2637 6495 2765 638.9
4003 2668 5546 2922 eingeführt und hatte sein nah er den bestimmtschaft
5648 2639 6124 2769 S.L. J.J.K.B.
4011 2796 5256 3020 eingescheilnehmermen auf dem
6244 2771 6504 2888 S.V.°.64
5250 2781 5477 2934 parait-il
5671 2876 6510 3033 Monsieur et -Iu8a 808'02
4032 2941 4634 3110 Schlern zumehr.
5653 3010 6512 3167 L'Obl. 1 S20.2
