6169 4536
3915 262 4359 480 WIEN, I. LIOHTENFELSÄBSE 7
1651 303 2323 484 Dr. MAX BURCKHARD
4041 336 4602 550 er. e### 23.8.11.
1127 344 1333 584 G.C.P.
5511 414 5666 595 P.S.
5437 561 5659 717 sse 18
4776 576 5057 809 G.C.F.P
5108 584 5304 813 V.
5441 683 5663 831 G.C.F.P.
1998 709 3310 949 Sehr vemhrter lieber Herr Doctor
5282 790 5707 990 844.0.0
4950 923 5685 1093 G.C.H.F.S.
1806 1027 4551 1193 Herzlichsten Dank für die Zusendung des „weiten Landes“,das mich natür-
4931 1042 5685 1248 T xxxIW:I S20:3:
1614 1119 4381 1297 lich,wie alles von Ihnen sehr interessiert hat und das auch durch die
1599 1304 4444 1478 Personen sehr stark auf mich gewirkt hat. Freilich hat es mich jetzt sehr
1599 1422 4407 1588 traurig ergriffen, da das Vorbild Dr.Aigners inzeischen von uns gegangen
2929 1533 3118 1607 Monsieur les
1599 1514 4414 1707 ist, und ich diesem prächtigen Menschen von Herzen zugethan war. Ich habe
1603 1688 4573 1825 übrigens zufällig noch eine andere gute Bekannte in dem Stück gefunden (wenn
1603 1810 4484 1950 auch Sie sie vielleicht gar nicht als dieselbe Person kennen; im Leben hat
1603 1936 4388 2094 sich nemlich die skritische Sonn“ zwischen Erna und Türk(unter welchem
1610 2050 4551 2227 Spitznamen Ihnen wol Christomanos auch bekannt worden sein wird) abgespielt.
1592 2165 4384 2316 Jedenfalls glich sie Erna sehr in ihrer Art, und obwol wir uns nur sehr
1012 2187 1241 2360 1o7oe
1577 2305 4495 2490 selten sprachen, waren wir doch sehr gut (wir guten Sinne"). Inzwischen wird
1592 2456 4444 2608 sie wol auch älter geworden sein, was ja bekanntlich den Menschen gewöhn-
5422 2471 5648 2630 sse's
1610 2549 2866 2719 lich nicht zum Vorteil gereicht.
4806 2597 5304 2778 S.L. Surwaspe
5415 2637 5644 2763 838.8
1780 2700 4440 2818 Sehr leid war es mir, daß ich heuer nicht mehr von Ihrer Anwesenheit
5411 2770 5674 2922 844.84
1577 2818 4399 2981 haben konnte.Mit Handkuss an die verehrte gnädige Frau und herzlichsten
4824 2855 5674 3040 et étude soe'ee
1596 2948 2615 3129 Grüsen Ihr treu ergebener
4791 2977 5663 3206 os rygssprai 320:2:
3081 2977 4377 3321 Mornnay
654 3842 861 3989 G.H.F.P.
