3544 4312
3055 364 3160 506 44
1783 764 1912 877 r
1171 797 3194 996 zu imstande wäre, und er ergriff ihre Hand,
1187 957 3104 1166 drückte ihr Handgelenk, wollteihr wehtun.
1187 1109 3210 1324 Aber in dieser Berührung schwand sein Zorn,
1236 1275 3181 1455 der Druck seiner Hand wurde leise, beinah
1189 1422 3194 1610 zärtlich, er drängte sich näher an sie und
1254 1569 3266 1736 es verlangte ihn, ihren Hals zu küssen. Sie
1200 1780 3274 1907 liess es geschehen. Eng aneinandergeschmiegt
1215 1938 2454 2082 verliessen sie den Garten.
1442 2103 2902 2201 Am Haustore blieben sie stehen.
1463 2224 3142 2358 "Ich danke schön für die Begleitung"
1223 2340 3287 2557 sagte sie und reichte ihm die Hand. Er liess
1228 2516 3261 2675 sie nicht los, seine Augen glühten. Sie sah
1226 2673 3259 2853 ihn beinah mitleidig, aber angenehm berührt
1277 2843 3292 2995 an. "Wissen Sie was?“ sagte sie dann leise.
1251 2967 3225 3142 "Morgen Nachmittag um vier bin ich allein.
1233 3168 3290 3339 Er nickte ganz beglückt. "Also adieu, jetzt
