<?xml version="1.0" encoding="UTF-8" standalone="yes"?>
<PcGts xmlns="http://schema.primaresearch.org/PAGE/gts/pagecontent/2013-07-15" xmlns:xsi="http://www.w3.org/2001/XMLSchema-instance" xsi:schemaLocation="http://schema.primaresearch.org/PAGE/gts/pagecontent/2013-07-15 http://schema.primaresearch.org/PAGE/gts/pagecontent/2013-07-15/pagecontent.xsd">
    <Metadata>
        <Creator>prov=READ-COOP:name=TrHtr:version=2.1.0:model_id=51170:date=14_08_2023_17:58</Creator>
        <Created>2023-05-10T14:40:26.075+02:00</Created>
        <LastChange>2023-08-14T17:58:35.627+02:00</LastChange>
        <TranskribusMetadata docId="1428645" pageId="55423312" pageNr="55" tsid="132819825" status="IN_PROGRESS" userId="64420" imgUrl="https://files.transkribus.eu/Get?id=JSJHEONUSXUHQAJQMUTXCSPQ&amp;fileType=view" xmlUrl="https://files.transkribus.eu/Get?id=REBCLCBOOXKRRBXTKPVVMXQR" imageId="44697391"/>
    </Metadata>
    <Page imageFilename="1428645_0055.jpg" imageWidth="3480" imageHeight="4344">
        <ReadingOrder>
            <OrderedGroup id="ro_1711815404797" caption="Regions reading order">
                <RegionRefIndexed index="0" regionRef="tr_1"/>
                <RegionRefIndexed index="1" regionRef="tr_2"/>
            </OrderedGroup>
        </ReadingOrder>
        <TextRegion id="tr_1" custom="readingOrder {index:0;}">
            <Coords points="1125,445 3155,445 3155,2210 1125,2210"/>
            <TextLine id="tr_1_tl_1" custom="readingOrder {index:0;}">
                <Coords points="2977,525 3007,522 3020,512 3033,522 3040,519 3053,525 3076,509 3089,522 3109,519 3106,420 3094,420 3086,428 3076,420 3015,428 2987,407 2974,410"/>
                <Baseline points="2991,495 3036,498 3081,498 3116,501"/>
                <TextEquiv>
                    <Unicode>53</Unicode>
                </TextEquiv>
            </TextLine>
            <TextLine id="tr_1_tl_2" custom="readingOrder {index:1;}">
                <Coords points="1128,993 2997,1003 2971,848 1128,856"/>
                <Baseline points="1143,961 1167,961 1212,961 1256,964 1301,964 1346,967 1391,964 1436,964 1480,964 1525,961 1570,961 1615,961 1659,961 1704,961 1749,961 1794,961 1839,961 1883,961 1928,961 1973,964 2018,964 2063,964 2107,961 2152,961 2197,964 2242,964 2286,964 2331,964 2376,964 2421,961 2466,961 2510,961 2555,961 2600,961 2645,961 2689,961 2734,961 2779,961 2824,961 2869,961 2913,961 2958,961 3003,958"/>
                <TextEquiv>
                    <Unicode>Arme, als wollte sie ihn an sich ziehen.</Unicode>
                </TextEquiv>
            </TextLine>
            <TextLine id="tr_1_tl_3" custom="readingOrder {index:2;}">
                <Coords points="1151,1151 3007,1169 3007,1013 1151,1031"/>
                <Baseline points="1164,1095 1209,1104 1253,1113 1298,1113 1343,1113 1388,1113 1433,1113 1477,1110 1522,1110 1567,1116 1612,1113 1656,1110 1701,1110 1746,1110 1791,1113 1836,1110 1880,1113 1925,1113 1970,1116 2015,1113 2060,1113 2104,1116 2149,1116 2194,1113 2239,1113 2283,1113 2328,1113 2373,1113 2418,1113 2463,1113 2507,1113 2552,1113 2597,1113 2642,1110 2687,1110 2731,1110 2776,1110 2821,1113 2866,1110 2910,1110 2955,1113 3000,1113 3012,1113"/>
                <TextEquiv>
                    <Unicode>"Sprich!" rief er. Er wollte ihre Stimme</Unicode>
                </TextEquiv>
            </TextLine>
            <TextLine id="tr_1_tl_4" custom="readingOrder {index:3;}">
                <Coords points="1115,1296 3035,1322 3099,1176 1568,1146 1115,1207"/>
                <Baseline points="1128,1262 1173,1265 1218,1265 1262,1265 1307,1265 1352,1268 1397,1268 1442,1268 1486,1268 1531,1265 1576,1265 1621,1265 1665,1265 1710,1268 1755,1265 1800,1268 1845,1271 1889,1271 1934,1271 1979,1268 2024,1271 2068,1268 2113,1268 2158,1271 2203,1268 2248,1268 2292,1268 2337,1268 2382,1265 2427,1265 2472,1265 2516,1265 2561,1265 2606,1265 2651,1262 2695,1265 2740,1265 2785,1262 2830,1262 2875,1262 2919,1265 2964,1268 3009,1271 3054,1274 3099,1277 3104,1274"/>
                <TextEquiv>
                    <Unicode>hören; er wusste, dass nur das die Rettung</Unicode>
                </TextEquiv>
            </TextLine>
            <TextLine id="tr_1_tl_5" custom="readingOrder {index:4;}">
                <Coords points="1161,1459 2034,1426 2915,1492 3096,1454 3096,1344 1161,1350"/>
                <Baseline points="1176,1424 1221,1421 1265,1421 1310,1424 1355,1424 1400,1424 1445,1424 1489,1424 1534,1421 1579,1421 1624,1421 1668,1421 1713,1421 1758,1421 1803,1421 1848,1421 1892,1424 1937,1424 1982,1424 2027,1421 2071,1424 2116,1421 2161,1421 2206,1421 2251,1421 2295,1421 2340,1421 2385,1421 2430,1421 2475,1421 2519,1421 2564,1421 2609,1421 2654,1421 2698,1421 2743,1421 2788,1421 2833,1418 2878,1421 2922,1421 2967,1421 3012,1421 3057,1421 3102,1421"/>
                <TextEquiv>
                    <Unicode>für ihn und für sie sein könnte. Aber sie</Unicode>
                </TextEquiv>
            </TextLine>
            <TextLine id="tr_1_tl_6" custom="readingOrder {index:5;}">
                <Coords points="1128,1591 1271,1645 1589,1581 2424,1627 2623,1574 2809,1640 3140,1594 3140,1495 1548,1459 1128,1525"/>
                <Baseline points="1143,1576 1188,1579 1233,1579 1277,1579 1322,1579 1367,1579 1412,1582 1456,1579 1501,1579 1546,1579 1591,1576 1636,1576 1680,1576 1725,1576 1770,1579 1815,1582 1860,1582 1904,1579 1949,1576 1994,1576 2039,1576 2083,1573 2128,1573 2173,1579 2218,1579 2263,1576 2307,1573 2352,1576 2397,1576 2442,1576 2486,1573 2531,1573 2576,1573 2621,1573 2666,1573 2710,1573 2755,1573 2800,1573 2845,1573 2890,1573 2934,1573 2979,1573 3024,1573 3069,1573 3113,1573 3146,1579"/>
                <TextEquiv>
                    <Unicode>sprach nicht. “Sprich!“ rief er noch einmal</Unicode>
                </TextEquiv>
            </TextLine>
            <TextLine id="tr_1_tl_7" custom="readingOrder {index:6;}">
                <Coords points="1110,1767 2954,1777 3150,1757 3150,1630 1288,1627 1110,1686"/>
                <Baseline points="1125,1734 1140,1731 1185,1731 1230,1731 1274,1731 1319,1731 1364,1731 1409,1728 1453,1731 1498,1731 1543,1731 1588,1731 1633,1731 1677,1731 1722,1731 1767,1731 1812,1731 1857,1731 1901,1731 1946,1734 1991,1731 2036,1731 2080,1731 2125,1731 2170,1728 2215,1731 2260,1731 2304,1731 2349,1731 2394,1731 2439,1731 2483,1728 2528,1731 2573,1731 2618,1728 2663,1728 2707,1728 2752,1728 2797,1728 2842,1728 2887,1728 2931,1728 2976,1725 3021,1728 3066,1728 3110,1728 3155,1731"/>
                <TextEquiv>
                    <Unicode>mit eratickter Stimme. Aber sie blickte ihn</Unicode>
                </TextEquiv>
            </TextLine>
            <TextLine id="tr_1_tl_8" custom="readingOrder {index:7;}">
                <Coords points="1128,1958 1716,1889 3094,1912 3142,1793 1841,1823 1528,1767 1128,1843"/>
                <Baseline points="1143,1886 1179,1886 1224,1889 1268,1889 1313,1889 1358,1889 1403,1889 1448,1889 1492,1889 1537,1889 1582,1889 1627,1886 1671,1886 1716,1886 1761,1886 1806,1886 1851,1886 1895,1883 1940,1883 1985,1883 2030,1883 2074,1883 2119,1883 2164,1886 2209,1886 2254,1886 2298,1886 2343,1886 2388,1883 2433,1883 2478,1886 2522,1883 2567,1883 2612,1883 2657,1880 2701,1880 2746,1880 2791,1883 2836,1883 2881,1883 2925,1883 2970,1883 3015,1883 3060,1880 3104,1880 3149,1880"/>
                <TextEquiv>
                    <Unicode>an, ohne ihn zu verstehen. Sie streckte die</Unicode>
                </TextEquiv>
            </TextLine>
            <TextLine id="tr_1_tl_9" custom="readingOrder {index:8;}">
                <Coords points="1118,2090 3114,2075 3114,1984 3022,1935 1118,1958"/>
                <Baseline points="1131,2045 1149,2045 1194,2045 1239,2042 1283,2042 1328,2042 1373,2042 1418,2042 1462,2042 1507,2042 1552,2042 1597,2042 1642,2042 1686,2042 1731,2042 1776,2039 1821,2039 1865,2042 1910,2042 1955,2042 2000,2042 2045,2042 2089,2042 2134,2042 2179,2042 2224,2042 2269,2042 2313,2045 2358,2042 2403,2042 2448,2042 2492,2042 2537,2039 2582,2039 2627,2039 2672,2039 2716,2039 2761,2039 2806,2039 2851,2039 2896,2039 2940,2039 2985,2042 3030,2039 3075,2039 3119,2036"/>
                <TextEquiv>
                    <Unicode>Arme nach ihm aus und zog ihn zu sich. Und</Unicode>
                </TextEquiv>
            </TextLine>
            <TextLine id="tr_1_tl_10" custom="readingOrder {index:9;}">
                <Coords points="1128,2200 3066,2215 3066,2116 2977,2088 1128,2085"/>
                <Baseline points="1143,2197 1188,2194 1233,2194 1277,2194 1322,2194 1367,2194 1412,2197 1456,2197 1501,2197 1546,2197 1591,2197 1636,2200 1680,2197 1725,2200 1770,2197 1815,2197 1860,2197 1904,2197 1949,2197 1994,2197 2039,2197 2083,2197 2128,2197 2173,2197 2218,2197 2263,2197 2307,2194 2352,2194 2397,2191 2442,2191 2486,2191 2531,2191 2576,2191 2621,2191 2666,2191 2710,2191 2755,2191 2800,2191 2845,2191 2890,2191 2934,2191 2979,2191 3024,2191 3069,2197 3072,2197"/>
                <TextEquiv>
                    <Unicode>wieder stieg von ihren zitternden Brüsten</Unicode>
                </TextEquiv>
            </TextLine>
        </TextRegion>
        <TextRegion id="tr_2" custom="readingOrder {index:1;}">
            <Coords points="1125,2296 3182,2296 3182,3300 1125,3300"/>
            <TextLine id="tr_2_tl_1" custom="readingOrder {index:0;}">
                <Coords points="1176,2376 3142,2381 3104,2251 1176,2236"/>
                <Baseline points="1191,2355 1224,2352 1268,2352 1313,2352 1358,2352 1403,2352 1448,2349 1492,2352 1537,2352 1582,2352 1627,2352 1671,2352 1716,2352 1761,2352 1806,2352 1851,2349 1895,2349 1940,2352 1985,2352 2030,2352 2074,2349 2119,2352 2164,2352 2209,2352 2254,2352 2298,2352 2343,2352 2388,2349 2433,2349 2478,2349 2522,2349 2567,2346 2612,2346 2657,2346 2701,2346 2746,2349 2791,2346 2836,2346 2881,2349 2925,2349 2970,2349 3015,2349 3060,2349 3104,2349 3149,2352"/>
                <TextEquiv>
                    <Unicode>der Duft zu ihm empor, der ihm schon einmal</Unicode>
                </TextEquiv>
            </TextLine>
            <TextLine id="tr_2_tl_2" custom="readingOrder {index:1;}">
                <Coords points="1133,2556 3152,2546 3175,2411 1133,2421"/>
                <Baseline points="1146,2507 1167,2507 1212,2507 1256,2507 1301,2507 1346,2504 1391,2507 1436,2507 1480,2507 1525,2507 1570,2507 1615,2507 1659,2507 1704,2510 1749,2510 1794,2507 1839,2507 1883,2507 1928,2504 1973,2504 2018,2504 2063,2504 2107,2504 2152,2504 2197,2504 2242,2504 2286,2501 2331,2501 2376,2501 2421,2501 2466,2501 2510,2501 2555,2501 2600,2501 2645,2501 2689,2501 2734,2501 2779,2501 2824,2501 2869,2504 2913,2504 2958,2507 3003,2504 3048,2504 3093,2504 3137,2501 3182,2498"/>
                <TextEquiv>
                    <Unicode>die Besinnung geraubt. Da blickte er um sich</Unicode>
                </TextEquiv>
            </TextLine>
            <TextLine id="tr_2_tl_3" custom="readingOrder {index:2;}">
                <Coords points="1118,2668 2979,2668 2979,2574 2737,2551 2144,2597 1118,2551"/>
                <Baseline points="1131,2666 1149,2663 1194,2663 1239,2663 1283,2663 1328,2663 1373,2663 1418,2663 1462,2663 1507,2663 1552,2660 1597,2660 1642,2660 1686,2660 1731,2660 1776,2660 1821,2660 1865,2660 1910,2660 1955,2660 2000,2660 2045,2660 2089,2660 2134,2660 2179,2660 2224,2660 2269,2660 2313,2660 2358,2660 2403,2660 2448,2660 2492,2660 2537,2660 2582,2657 2627,2657 2672,2657 2716,2657 2761,2657 2806,2657 2851,2657 2896,2660 2940,2660 2985,2660"/>
                <TextEquiv>
                    <Unicode>und suchte nach etwas, was ihn befreien</Unicode>
                </TextEquiv>
            </TextLine>
            <TextLine id="tr_2_tl_4" custom="readingOrder {index:3;}">
                <Coords points="1128,2872 3101,2857 3101,2758 2854,2704 1128,2719"/>
                <Baseline points="1143,2821 1188,2818 1233,2818 1277,2821 1322,2818 1367,2818 1412,2818 1456,2818 1501,2818 1546,2818 1591,2818 1636,2818 1680,2818 1725,2818 1770,2818 1815,2818 1860,2818 1904,2815 1949,2815 1994,2815 2039,2815 2083,2815 2128,2818 2173,2815 2218,2815 2263,2815 2307,2815 2352,2815 2397,2815 2442,2818 2486,2815 2531,2818 2576,2818 2621,2815 2666,2815 2710,2812 2755,2812 2800,2812 2845,2812 2890,2812 2934,2815 2979,2815 3024,2821 3069,2824 3107,2824"/>
                <TextEquiv>
                    <Unicode>könnte. Hier auf der Kommode gegenüber lag</Unicode>
                </TextEquiv>
            </TextLine>
            <TextLine id="tr_2_tl_5" custom="readingOrder {index:4;}">
                <Coords points="1118,2994 2905,3025 3045,2999 3048,2862 1118,2898"/>
                <Baseline points="1131,2982 1170,2979 1215,2976 1259,2973 1304,2973 1349,2973 1394,2976 1439,2976 1483,2976 1528,2979 1573,2976 1618,2973 1662,2970 1707,2970 1752,2970 1797,2967 1842,2967 1886,2967 1931,2970 1976,2970 2021,2970 2066,2967 2110,2967 2155,2970 2200,2970 2245,2967 2289,2970 2334,2967 2379,2967 2424,2970 2469,2970 2513,2970 2558,2970 2603,2967 2648,2967 2692,2967 2737,2967 2782,2967 2827,2967 2872,2967 2916,2967 2961,2970 3006,2976 3051,2976"/>
                <TextEquiv>
                    <Unicode>ihr Hut, in dem eine lange Nadel steckte;</Unicode>
                </TextEquiv>
            </TextLine>
            <TextLine id="tr_2_tl_6" custom="readingOrder {index:5;}">
                <Coords points="1128,3162 3056,3145 3056,3035 2691,2999 2569,3048 1128,3025"/>
                <Baseline points="1143,3128 1182,3131 1227,3131 1271,3131 1316,3134 1361,3134 1406,3134 1450,3134 1495,3134 1540,3134 1585,3131 1630,3131 1674,3128 1719,3128 1764,3125 1809,3125 1854,3128 1898,3128 1943,3125 1988,3128 2033,3128 2077,3125 2122,3125 2167,3125 2212,3122 2257,3122 2301,3122 2346,3125 2391,3122 2436,3122 2481,3125 2525,3125 2570,3125 2615,3125 2660,3125 2704,3125 2749,3125 2794,3125 2839,3125 2884,3125 2928,3125 2973,3125 3018,3125 3063,3122"/>
                <TextEquiv>
                    <Unicode>er zog sie heraus und indem er sie in die</Unicode>
                </TextEquiv>
            </TextLine>
            <TextLine id="tr_2_tl_7" custom="readingOrder {index:6;}">
                <Coords points="1110,3336 2332,3287 2493,3371 2875,3369 3035,3333 3035,3185 1311,3162 1110,3236"/>
                <Baseline points="1125,3290 1161,3290 1206,3287 1250,3287 1295,3287 1340,3287 1385,3287 1430,3290 1474,3290 1519,3290 1564,3287 1609,3287 1654,3287 1698,3284 1743,3284 1788,3284 1833,3287 1877,3287 1922,3284 1967,3284 2012,3284 2057,3284 2101,3284 2146,3281 2191,3281 2236,3281 2280,3281 2325,3284 2370,3281 2415,3281 2460,3281 2504,3284 2549,3281 2594,3281 2639,3281 2684,3284 2728,3284 2773,3284 2818,3281 2863,3281 2907,3281 2952,3281 2997,3278 3042,3284"/>
                <TextEquiv>
                    <Unicode>linke Faust nahm, stach er sie dem Weibe</Unicode>
                </TextEquiv>
            </TextLine>
        </TextRegion>
    </Page>
</PcGts>
