3496 4344
3051 399 3185 522 54
1204 828 3236 1016 durch's Hemd in die Brust. Therese hob sich
1201 990 3149 1147 krampfhaft mit entsetzten Augen in die Hö-
1188 1150 3257 1333 he, stiess einen gellen Schrei aus, fuhr mit
1188 1322 3054 1461 den Armen hin und her, packte die Nadel,
1191 1443 3208 1626 hatte die Kraft nicht, sie aus der Wunde zu
1181 1641 3149 1783 ziehen, und sank zurück. Eduard stand reg¬
1183 1796 3239 1919 ungslos neben ihr, sah sie zucken, die Augen
1204 1937 3072 2084 verdrehen, wieder zurücksinken und ster-
1188 2076 3221 2220 ben. Dann erst zog er die Nadel aus der Win¬
1199 2236 3246 2405 de. Es war kein Blut daran. Er verstand noch
1181 2395 3210 2534 nicht recht, was geschehen war. Er hatte es
1191 2547 3216 2696 tun müssen - gewiss. Aber warum?...warum!...
1186 2699 3223 2868 Und er lief ins Nebenzimmer zum Fenster, ho
1186 2858 3131 3020 den Vorhang hoch und sah auf die Strasse
1176 3005 3102 3192 herunter, die geradeso aussah wie früher,
1186 3156 3146 3355 was ihn wunderte. Dann aber schrie er hin-
