3576 4232
2987 426 3121 624 30
1153 830 3136 1058 dachte er nicht einer Fremden, die er heut
1141 1033 3126 1197 zum ersten Mal gesehen, nein, es war seine
1151 1169 3093 1359 tote Frau gewesen, die dort, die Ellbogen
1151 1338 2980 1518 aufs Fensterbrett gestützt, herunterge-
1148 1495 3018 1683 schaut hatte. Er vermochte es gar nicht,
1161 1644 3180 1844 sich dort eine Andere vorzustellen, so sehr
1161 1793 3044 1986 er sich mühte. Und zugleich war ihm, als
1205 1952 3126 2158 wüsste jene Fremde alles, was in ihm vor-
1166 2142 2756 2291 ging, und freute sich ihrer Macht.
1423 2240 3134 2445 Er träumte von der Toten diese Nacht.
1176 2456 3229 2607 Er war mit ihr in der Waldgegend, wo sie den
1179 2571 3072 2736 letzten Sommer verbracht hatten, und sie
1176 2715 3237 2918 ruhten zusammen auf einer weiten lichtgrünen
1189 2887 3111 3059 Wiese. Ihre Wangen lehnten und glühten an
1192 3039 3134 3214 einander, aber diese leichte Berührung er-
1187 3206 3157 3388 füllte ihn mit einem so unendlichen Glück,
