3512 4184
1122 854 3048 1083 er sich der musikalischen Laufbahn gewid-
1111 1052 3182 1235 met; er hatte Violinspielen gelernt und ver-
1173 1202 3151 1385 sucht, Aufnahme in ein Theaterorchester zu
1132 1356 3120 1589 finden. Aber wenn es zu einer öffentlichen
1137 1519 3110 1702 Prüfung kam, versagte seine geringe Kunst-
1140 1684 3092 1885 fertigkeit, und so musste er nach einigen
1142 1833 3172 2040 vergeblichen Versuchen diesen Lieblingsplan
1158 2024 3133 2169 aufgeben. Er trat in ein Eisenbahnt, das
1142 2138 3185 2331 ihm von Anbeginn ein bescheidenes Einkommen
1142 2318 3198 2478 und die Hoffnung auf ein langsames, aber si-
1163 2465 3105 2654 cheres Fortschreiten gewährte. Seine Jüng-
1153 2586 3211 2801 lingszeit ging still dahin; im Bureau that er
1163 2754 3203 2940 seine Pflicht, (und seine Vergnügungen waren
1168 2929 3229 3113 spärlich und fast pedantisch geregelt. Ein###
1204 3082 3218 3254 XK jedem Monat besuchte er das Theater, je-
1181 3244 3247 3448 den Samstag wohnte er einem geselligen Abend
