3560 4136
3004 321 3121 508 8
1158 795 3168 1002 und wenn Therese, in der Divanecke lehnend
1207 1018 3193 1155 und die Hände in einander verschlungen, zu
1220 1145 3165 1318 ihm aufsah, fühlte er, dass in ihrer Nähe
1220 1277 3126 1466 Niemand hätte schöner spielen können als
1191 1445 3160 1621 er. Das Liebste war ihm, wenn Therese ganz
1186 1606 3269 1797 ohne Begleitung sang. In ihrer Stimme erklang
1228 1738 3294 1940 ihm ihre ganze aus Reinheit und Leidenschaft
1233 1917 3193 2113 lichkeit wunderbar gemischte Seele. Manch-
1181 2054 3095 2256 mal nachts im Bett bat er sie, leise ein
1235 2199 3214 2393 Schubert'sches Lied zu singen. Bas tat sie
1186 2367 3144 2546 dann, indem sie ihn an sich heranzog, bis
1243 2515 3266 2722 ihre Lippen seinem Ohr ganz nahe waren, uni
1207 2699 3152 2844 nun schien die Dunkelheit des Zimmers von
1207 2831 3142 3015 bebenden Schauern des Entzückens erfüllt.
1448 3010 3238 3162 Die schönste Zeit aber war die, die er
1210 3134 3232 3346 im Sommer mit ihr auf dem Lande verbrachte.
