3576 4280
3112 417 3245 616 34
1271 788 3253 1043 was er selbst wol als Einbildung erkannte.
1220 1005 3210 1182 Ging nicht auch Jene dort, die ein Kind an
1212 1138 3256 1340 der Hand führte, den selben Gang, den einmal
1205 1307 3054 1496 seine Frau gegangen war? Und Jener, die
1207 1460 3064 1639 eben die Strasse übersetzte, flossen ihr
1179 1627 3087 1793 nicht die Kleider ebenso über die Hüften
1171 1767 3161 1962 hinab wie einst seiner Frau? Und die jetzt
1166 1941 3207 2120 im Wagen vorüberfuhr, sah sie nicht mit dem
1166 2087 3225 2281 selben Neigen des Kopfes zur Seite wie seine
1156 2240 3084 2407 Frau? Und Diese, die so eilig an ihm vor-
1143 2412 3192 2586 überlief, hatte sie nicht einen ebenso weis-
1151 2578 3192 2737 sen Hals wie seine Frau? Und die dort an der
1133 2708 3138 2877 Seite eines jungen Mannes in der Allee ver-
1141 2867 3066 3036 schwindet, wird sie sich heut Nacht nicht
1161 3023 3151 3202 mit dem gleichen Lächeln, den gleichen Klis-
1113 3146 3084 3401 sen dem Geliebten hingeben, wie seine Frau
