3528 4248
3006 383 3136 569 26
1205 850 3054 1030 zu greifen, wann er wollte. - Er setzte
1165 1013 3099 1191 sich auf eine Bank am Gitter des Volksgar
1174 1168 3156 1365 tens. Aus dem Garten tönte Musik; in ihrem
1168 1278 3232 1529 Klange schienen die Leute an Eduard leichter
1056 1478 3325 1703 dahinzuschweben. Viele Menschen gingen an ihm
1179 1621 3237 1841 vorüber; auch hübsche Frauen und Mädchen mit
1222 1810 3088 1979 Begleitern. Und eine grimmige Freude er¬
1182 1965 3096 2131 griff ihn plötzlich, als er daran dachte,
1191 2106 3181 2289 dass alle die, die jetzt an ihm vorübergin-
1182 2238 3229 2429 gen und vielleicht heut Nacht von einem Man-
1188 2432 3220 2579 ne umarmt würden, auch einmal im Sarge lie-
1236 2548 3209 2750 gen mussten, geradeso wie seine Frau, frü-
1191 2750 1959 2911 her oder später.
1410 2846 3130 3040 Er blickte auf. Ein junges Weib ging
1247 3051 3234 3192 vorüber. Langsam ging sie ihres Wegs, wieg-
1213 3173 3178 3415 te den Kopf hin und her, schaute Edu-
