3528 4312
3100 414 3218 605 46
1241 866 2786 1052 diesem Zwecke unternehmen müsste.
1461 1027 3248 1200 Der Nachmittag war heiss, das Pflaster
1269 1177 3110 1351 ganz weiss von Sonne. Als Eduard in die
1272 1333 3238 1504 Wollzeile kam, wehte ihm eine kühlere Luft
1267 1494 3248 1673 entgegen, und die Strasse, in der ihr Haus
1218 1680 3131 1818 stand, lag in tiefstem Schatten. Das Fen-
1213 1816 3266 1969 ster, aus dem er sie vorgestern hatte blick
1210 1966 3110 2132 sehen, war geöffnet, die herabgelassenen
1213 2130 3105 2291 Vorhänge bewegten sich leicht im Luftzug.
1430 2283 3236 2439 Er schritt die Stiege hinauf. Jetzt er
1198 2439 3131 2572 innerte er sich seines Abenteuers aus der
1198 2582 3228 2745 Jugendzeit; auch damals pflegte er um diese
1200 2740 3185 2896 Stunde seine Geliebte zu besuchen,
1205 2878 3190 3105 der Gatte im Kaffeshaus Karten spielte. Im
1208 3052 3213 3208 ersten Stockwerk blieb er stehen. Sollte er
1187 3220 3154 3358 nicht lieber umkehren?... War er nicht ei-
