3560 4232
3098 376 3215 525 27.
1252 740 3279 1011 ard von der Seite an und lächelte, als käme
1303 1011 3144 1160 er ihr bekannt vor. Er blickte ihr eine
1265 1155 3141 1341 Weile nach und dann stand er jäh von der
1257 1311 3108 1492 Bank auf. Jetzt, wie er dieses Weib von
1267 1446 3292 1623 rückwärts sah, hatte sie in der Gestalt ei-
1267 1615 3325 1805 ne so ausserordentliche Aehnlichkeit mit der
1285 1772 3302 1953 Toten, dass er erschrak. Er folgte ihr. Was
1275 1943 3215 2097 mochte sie sein? Er hatte nicht genug Er-
1295 2094 3215 2271 fahrung, um das genau abzuschätzen. Immer
1303 2243 3318 2406 wenn sie an einer Laterne vorüberging, konn¬
1306 2388 3192 2570 te er die Umrisse ihrer Gestalt deutlich
1300 2511 3284 2716 wahrnehmen. Immer wieder glaubte er, seine
1321 2685 3346 2885 verstorbene Frau vor sich hinschweben zu se-
1308 2831 3300 3046 hen, und mit einer Lust an diesem Wahnsinn
1324 2993 3366 3192 versuchte er, sich zu überreden, dass sie es
1324 3167 3341 3366 wirklich wäre. Er sagte sich: Jetzt in die-
