3544 4312
2970 375 3105 540 42
1119 817 3102 987 gewiss nicht. Aber schauen S', wenn man so
1117 1008 3112 1143 acht Tag' lang mit Niemandem ein vernünfti-
1114 1168 3105 1300 ges Wort gesprochen hat, ist es eine wahre
1114 1305 2955 1499 Erholung, wenn man wieder eine Ansprach
1112 1494 1357 1631 hat."
1349 1613 3035 1786 Sie waren in der Nähe ihrer Wohnung.
1153 1794 2952 1931 "Wollen Sie denn schon nach Haus gehen,
1166 1939 2164 2104 Fräulein?" fragte er.
1373 2096 2063 2272 "No, was denn?"
1380 2241 3084 2414 "Gehn wir doch noch ein bisschen spa¬
1168 2432 1546 2569 zieren.'
1360 2523 3169 2683 Es waren nur ein paar Schritte bis zum
1127 2706 3172 2918 Stadtpark. Dort, ineiner dunklen Allee setz-
1137 2875 3071 2993 ten sie sich auf eine Bank. Sie sass ganz
1127 2988 3200 3156 nahe bei ihm und sprach nichts. Aber während
1187 3182 3180 3348 er ihre Nähe und Ihre Wärme fühlte, begann
