3560 4216
3061 418 3190 564 21
1440 834 3278 1080 Einmal geschah es ihm, dass nachts beim
1207 1035 3106 1239 Nachhausegehen auf der Stiege sein Licht
1263 1207 3140 1401 verlöschte und er im Dunkeln dastand. Da
1213 1313 3095 1501 überfiel ihn eine solche Furcht, dass er
1215 1517 3095 1708 sich auf die Stufen hinsetzte, zusammen-
1213 1689 3106 1843 kauerte und jammerte. Zitternd suchte er
1215 1790 3246 2015 nach seinen Streichhölschen. Nachdem er sie
1218 1975 3349 2166 gefunden, sein Wachslicht wieder angezündet hatte
1215 2107 3227 2306 und flackernde Helle sich um ihn verbreite-
1223 2306 3230 2465 te, versuchte er, über sich zu lächeln. Ab-
1220 2465 3251 2637 sichtlich behielt er dieses Lächeln auf den
1213 2632 3188 2796 Lippen, bis er in sein Zimmer trat. Da er-
1223 2724 3267 2931 blickte er sich im Spiegel und kam sich völ-
1215 2859 3190 3106 lig verändert, um zwanzig Jahre älter vor.
1220 3058 3259 3227 Er trat näher hin, so nahe, dass sein Hauch
1228 3206 3217 3370 das Glas trübte; allmälig erst erkannte er
