3560 4136
3041 336 3184 518 12
1213 802 3156 1041 den Wiesen und Hügeln. Er liebte es, sich
1205 1000 3171 1177 müdezu gehen. Je länger er in Freien gewe-
1213 1154 3192 1325 sen, umsomehr fürchtete er das Heimkommen;
1231 1318 3282 1482 die Wände seiner leer gewordenen Wohnung um-
1220 1461 3284 1648 gaben ihn xxxh eng und bedrohlich. Oft liess
1233 1628 3253 1782 er das Licht bis zum frühen Morgen brennen,
1238 1766 3246 1938 weil ihm in seinem einsamen Bett anget war.
1349 1900 3302 2087 Jetzt kam er auch wieder im Gasthause mit
1249 2069 3253 2233 seinen Bureaukollegen zusammen. Als er ein-
1241 2236 3243 2392 mal über unruhigen Schlaf klagte, riet ihm
1264 2400 3251 2543 ein Bekannter, versuchsweise mehr Wein als
1264 2548 3294 2689 sonst zu trinken. Er tat es und merkte nun,
1274 2677 3325 2879 dass er an den Gesprächen lebhafteren Anteil
1264 2823 3179 3030 nahm als früher und sich angenehm erregt
1277 2992 3176 3187 fühlte. Aber während er nach Hause ging,
1279 3176 3266 3348 glaubte er, sich zu erinnern, dass ihn die
