<?xml version="1.0" encoding="UTF-8" standalone="yes"?>
<PcGts xmlns="http://schema.primaresearch.org/PAGE/gts/pagecontent/2013-07-15" xmlns:xsi="http://www.w3.org/2001/XMLSchema-instance" xsi:schemaLocation="http://schema.primaresearch.org/PAGE/gts/pagecontent/2013-07-15 http://schema.primaresearch.org/PAGE/gts/pagecontent/2013-07-15/pagecontent.xsd">
    <Metadata>
        <Creator>prov=READ-COOP:name=TrHtr:version=2.1.0:model_id=51170:date=14_08_2023_17:58</Creator>
        <Created>2023-05-10T14:40:22.444+02:00</Created>
        <LastChange>2023-08-14T17:58:27.211+02:00</LastChange>
        <TranskribusMetadata docId="1428645" pageId="55423101" pageNr="26" tsid="132819795" status="IN_PROGRESS" userId="64420" imgUrl="https://files.transkribus.eu/Get?id=SGWTWSILRHVMHHBZHSVRSJOY&amp;fileType=view" xmlUrl="https://files.transkribus.eu/Get?id=QVKAESUFDZMQFGOFMSTVOANA" imageId="44697180"/>
    </Metadata>
    <Page imageFilename="1428645_0026.jpg" imageWidth="3560" imageHeight="4216">
        <ReadingOrder>
            <OrderedGroup id="ro_1711815337254" caption="Regions reading order">
                <RegionRefIndexed index="0" regionRef="tr_1"/>
            </OrderedGroup>
        </ReadingOrder>
        <TextRegion id="tr_1" custom="readingOrder {index:0;}">
            <Coords points="1173,475 3233,475 3233,3336 1173,3336"/>
            <TextLine id="tr_1_tl_1" custom="readingOrder {index:0;}">
                <Coords points="3059,580 3080,580 3090,569 3110,567 3116,572 3123,567 3128,572 3169,539 3190,539 3190,426 3177,426 3159,437 3146,429 3098,442 3075,426 3062,426"/>
                <Baseline points="3075,531 3120,525 3164,525 3197,531"/>
                <TextEquiv>
                    <Unicode>24</Unicode>
                </TextEquiv>
            </TextLine>
            <TextLine id="tr_1_tl_2" custom="readingOrder {index:1;}">
                <Coords points="1159,1078 3182,1009 3182,935 2699,866 2303,930 1162,924"/>
                <Baseline points="1176,1009 1218,1009 1263,1009 1307,1006 1352,1006 1397,1006 1442,1003 1486,1006 1531,1000 1576,1000 1621,1000 1666,1000 1710,1000 1755,1000 1800,997 1845,1000 1890,997 1934,1000 1979,997 2024,997 2069,994 2113,994 2158,994 2203,994 2248,991 2293,994 2337,994 2382,994 2427,997 2472,994 2517,994 2561,997 2606,994 2651,994 2696,991 2740,991 2785,991 2830,991 2875,994 2920,991 2964,991 3009,991 3054,991 3099,988 3144,988 3188,988"/>
                <TextEquiv>
                    <Unicode>dieser beinah traumhaften Weise hin: im Bu-</Unicode>
                </TextEquiv>
            </TextLine>
            <TextLine id="tr_1_tl_3" custom="readingOrder {index:2;}">
                <Coords points="1159,1218 3098,1182 3126,1065 1162,1101"/>
                <Baseline points="1173,1158 1200,1158 1245,1155 1289,1155 1334,1158 1379,1158 1424,1155 1469,1155 1513,1152 1558,1152 1603,1152 1648,1152 1692,1155 1737,1152 1782,1152 1827,1155 1872,1152 1916,1152 1961,1152 2006,1149 2051,1149 2096,1149 2140,1149 2185,1149 2230,1146 2275,1146 2319,1146 2364,1146 2409,1146 2454,1146 2499,1146 2543,1146 2588,1146 2633,1146 2678,1143 2723,1143 2767,1143 2812,1143 2857,1143 2902,1143 2947,1143 2991,1143 3036,1143 3081,1143 3126,1149"/>
                <TextEquiv>
                    <Unicode>reandachte er an den Frühling draussen im</Unicode>
                </TextEquiv>
            </TextLine>
            <TextLine id="tr_1_tl_4" custom="readingOrder {index:3;}">
                <Coords points="1159,1351 2674,1361 3116,1302 3116,1213 2074,1241 1949,1190 1159,1251"/>
                <Baseline points="1173,1313 1197,1310 1242,1310 1286,1310 1331,1310 1376,1313 1421,1313 1466,1310 1510,1307 1555,1307 1600,1307 1645,1307 1689,1304 1734,1307 1779,1307 1824,1304 1869,1310 1913,1307 1958,1307 2003,1307 2048,1307 2093,1304 2137,1304 2182,1304 2227,1301 2272,1301 2317,1304 2361,1301 2406,1298 2451,1298 2496,1298 2540,1301 2585,1298 2630,1298 2675,1298 2720,1298 2764,1295 2809,1295 2854,1295 2899,1295 2944,1295 2988,1295 3033,1295 3078,1292 3123,1298"/>
                <TextEquiv>
                    <Unicode>Land, nachmittags lag er halb schlummernd</Unicode>
                </TextEquiv>
            </TextLine>
            <TextLine id="tr_1_tl_5" custom="readingOrder {index:4;}">
                <Coords points="1218,1509 3070,1499 3220,1476 3220,1382 1218,1399"/>
                <Baseline points="1233,1469 1257,1469 1301,1466 1346,1466 1391,1466 1436,1466 1480,1466 1525,1466 1570,1463 1615,1463 1660,1463 1704,1460 1749,1460 1794,1460 1839,1460 1884,1463 1928,1463 1973,1460 2018,1463 2063,1460 2108,1460 2152,1460 2197,1457 2242,1454 2287,1454 2331,1454 2376,1454 2421,1454 2466,1454 2511,1454 2555,1454 2600,1454 2645,1454 2690,1454 2735,1451 2779,1451 2824,1451 2869,1454 2914,1454 2958,1451 3003,1454 3048,1454 3093,1451 3138,1451 3182,1448 3227,1445"/>
                <TextEquiv>
                    <Unicode>auf seinem Bett, abends bummelte er langsam</Unicode>
                </TextEquiv>
            </TextLine>
            <TextLine id="tr_1_tl_6" custom="readingOrder {index:5;}">
                <Coords points="1172,1665 3164,1660 3208,1530 1175,1525"/>
                <Baseline points="1185,1621 1197,1621 1242,1621 1286,1621 1331,1618 1376,1621 1421,1618 1466,1618 1510,1618 1555,1618 1600,1618 1645,1618 1689,1618 1734,1615 1779,1615 1824,1615 1869,1615 1913,1615 1958,1612 2003,1612 2048,1612 2093,1612 2137,1612 2182,1612 2227,1612 2272,1609 2317,1609 2361,1609 2406,1609 2451,1606 2496,1609 2540,1609 2585,1609 2630,1606 2675,1606 2720,1609 2764,1609 2809,1609 2854,1609 2899,1609 2944,1609 2988,1609 3033,1609 3078,1606 3123,1606 3167,1606 3212,1609"/>
                <TextEquiv>
                    <Unicode>durch die Strassen und Gärten der Stadt und</Unicode>
                </TextEquiv>
            </TextLine>
            <TextLine id="tr_1_tl_7" custom="readingOrder {index:6;}">
                <Coords points="1167,1818 2962,1831 3019,1826 3019,1675 1167,1726"/>
                <Baseline points="1182,1779 1188,1779 1233,1776 1277,1773 1322,1773 1367,1773 1412,1776 1457,1773 1501,1773 1546,1773 1591,1773 1636,1773 1681,1770 1725,1770 1770,1770 1815,1770 1860,1770 1904,1770 1949,1767 1994,1767 2039,1767 2084,1767 2128,1764 2173,1764 2218,1767 2263,1764 2308,1764 2352,1764 2397,1764 2442,1764 2487,1764 2531,1764 2576,1764 2621,1764 2666,1761 2711,1761 2755,1761 2800,1761 2845,1761 2890,1761 2935,1761 2979,1761 3024,1764"/>
                <TextEquiv>
                    <Unicode>an den schönen Abenden sass er meist im</Unicode>
                </TextEquiv>
            </TextLine>
            <TextLine id="tr_1_tl_8" custom="readingOrder {index:7;}">
                <Coords points="1165,1994 3059,1974 3195,1959 3195,1854 2505,1808 1165,1859"/>
                <Baseline points="1179,1928 1185,1931 1230,1928 1274,1925 1319,1925 1364,1928 1409,1928 1454,1928 1498,1928 1543,1925 1588,1925 1633,1925 1678,1925 1722,1922 1767,1922 1812,1922 1857,1922 1901,1922 1946,1922 1991,1922 2036,1922 2081,1919 2125,1919 2170,1919 2215,1919 2260,1919 2305,1919 2349,1919 2394,1919 2439,1919 2484,1916 2529,1919 2573,1916 2618,1916 2663,1916 2708,1913 2752,1913 2797,1913 2842,1913 2887,1913 2932,1916 2976,1916 3021,1916 3066,1913 3111,1913 3156,1913 3200,1913"/>
                <TextEquiv>
                    <Unicode>Freien an einem Wirtshaustisch hinter einem</Unicode>
                </TextEquiv>
            </TextLine>
            <TextLine id="tr_1_tl_9" custom="readingOrder {index:8;}">
                <Coords points="1167,2132 1285,2168 1433,2132 1892,2137 1933,2127 1936,1971 1629,2025 1535,1989 1262,2025 1170,1992"/>
                <Baseline points="1182,2096 1224,2087 1268,2087 1313,2084 1358,2084 1403,2081 1448,2081 1492,2078 1537,2081 1582,2078 1627,2075 1672,2075 1716,2075 1761,2075 1806,2075 1851,2078 1896,2078 1940,2081"/>
                <TextEquiv>
                    <Unicode>grünen Stockett.</Unicode>
                </TextEquiv>
            </TextLine>
            <TextLine id="tr_1_tl_10" custom="readingOrder {index:9;}">
                <Coords points="1402,2273 2094,2309 2965,2237 3085,2283 3215,2252 3218,2132 2030,2127 1652,2186 1405,2130"/>
                <Baseline points="1415,2242 1430,2239 1475,2236 1519,2236 1564,2236 1609,2236 1654,2236 1698,2233 1743,2233 1788,2233 1833,2233 1878,2233 1922,2233 1967,2230 2012,2230 2057,2230 2102,2230 2146,2230 2191,2230 2236,2230 2281,2230 2325,2230 2370,2227 2415,2227 2460,2227 2505,2227 2549,2230 2594,2227 2639,2227 2684,2227 2729,2227 2773,2227 2818,2227 2863,2224 2908,2224 2952,2224 2997,2224 3042,2221 3087,2221 3132,2221 3176,2218 3221,2218"/>
                <TextEquiv>
                    <Unicode>Aber einmal fuhr er aus seinem Nachmit-</Unicode>
                </TextEquiv>
            </TextLine>
            <TextLine id="tr_1_tl_11" custom="readingOrder {index:10;}">
                <Coords points="1226,2464 3075,2416 3144,2401 3144,2265 1226,2347"/>
                <Baseline points="1239,2394 1268,2391 1313,2394 1358,2391 1403,2391 1448,2391 1492,2391 1537,2388 1582,2388 1627,2388 1672,2391 1716,2388 1761,2388 1806,2388 1851,2391 1896,2391 1940,2388 1985,2385 2030,2385 2075,2385 2119,2385 2164,2385 2209,2385 2254,2382 2299,2382 2343,2382 2388,2382 2433,2385 2478,2385 2523,2385 2567,2385 2612,2385 2657,2382 2702,2382 2746,2382 2791,2382 2836,2382 2881,2379 2926,2379 2970,2379 3015,2376 3060,2376 3105,2379 3150,2376"/>
                <TextEquiv>
                    <Unicode>tagsschlummer plötzlich auf, und der Ver-</Unicode>
                </TextEquiv>
            </TextLine>
            <TextLine id="tr_1_tl_12" custom="readingOrder {index:11;}">
                <Coords points="1167,2612 3113,2574 3133,2434 1167,2467"/>
                <Baseline points="1182,2552 1212,2549 1257,2549 1301,2549 1346,2549 1391,2549 1436,2546 1480,2546 1525,2546 1570,2546 1615,2543 1660,2543 1704,2546 1749,2546 1794,2546 1839,2546 1884,2543 1928,2543 1973,2540 2018,2540 2063,2540 2108,2546 2152,2540 2197,2540 2242,2543 2287,2543 2331,2543 2376,2540 2421,2540 2466,2540 2511,2543 2555,2540 2600,2537 2645,2537 2690,2537 2735,2537 2779,2537 2824,2534 2869,2534 2914,2534 2958,2534 3003,2531 3048,2531 3093,2531 3138,2531"/>
                <TextEquiv>
                    <Unicode>lauf dieser letzten Tage erschien ihm rät-</Unicode>
                </TextEquiv>
            </TextLine>
            <TextLine id="tr_1_tl_13" custom="readingOrder {index:12;}">
                <Coords points="2960,2610 2983,2612 2990,2607 2998,2615 3006,2610 3031,2633 3042,2625 3047,2628 3064,2625 3072,2618 3087,2618 3087,2551 3059,2549 3047,2556 3031,2544 3008,2564 3001,2559 2960,2561"/>
                <Baseline points="2973,2603 3018,2603 3063,2603 3093,2603"/>
                <TextEquiv>
                    <Unicode>uber</Unicode>
                </TextEquiv>
            </TextLine>
            <TextLine id="tr_1_tl_14" custom="readingOrder {index:13;}">
                <Coords points="1177,2727 3126,2753 3225,2730 3225,2618 2444,2582 1177,2648"/>
                <Baseline points="1191,2708 1218,2705 1263,2705 1307,2702 1352,2702 1397,2702 1442,2702 1486,2702 1531,2702 1576,2702 1621,2702 1666,2699 1710,2699 1755,2699 1800,2699 1845,2699 1890,2696 1934,2699 1979,2696 2024,2696 2069,2696 2113,2696 2158,2696 2203,2699 2248,2699 2293,2699 2337,2696 2382,2696 2427,2696 2472,2699 2517,2696 2561,2696 2606,2693 2651,2693 2696,2693 2740,2693 2785,2693 2830,2693 2875,2690 2920,2693 2964,2693 3009,2690 3054,2690 3099,2693 3144,2690 3188,2690 3233,2696"/>
                <TextEquiv>
                    <Unicode>selhaft und schuldvoll. Die ganze Zeit hatte</Unicode>
                </TextEquiv>
            </TextLine>
            <TextLine id="tr_1_tl_15" custom="readingOrder {index:14;}">
                <Coords points="1180,2919 2480,2870 2789,2921 3080,2876 3080,2768 2168,2801 1966,2743 1803,2801 1180,2809"/>
                <Baseline points="1194,2854 1203,2857 1248,2854 1292,2857 1337,2854 1382,2854 1427,2854 1472,2854 1516,2854 1561,2854 1606,2854 1651,2854 1695,2854 1740,2851 1785,2854 1830,2851 1875,2854 1919,2851 1964,2848 2009,2848 2054,2848 2099,2848 2143,2848 2188,2851 2233,2851 2278,2848 2322,2851 2367,2851 2412,2851 2457,2851 2502,2851 2546,2848 2591,2848 2636,2848 2681,2848 2726,2848 2770,2848 2815,2848 2860,2848 2905,2848 2950,2848 2994,2845 3039,2848 3084,2851"/>
                <TextEquiv>
                    <Unicode>er seiner Frau nicht mehr gedacht. Er er-</Unicode>
                </TextEquiv>
            </TextLine>
            <TextLine id="tr_1_tl_16" custom="readingOrder {index:15;}">
                <Coords points="1172,3054 2909,3062 3126,3031 3126,2914 2960,2962 2641,2888 2306,2957 1946,2891 1172,2955"/>
                <Baseline points="1185,3015 1206,3012 1251,3009 1295,3012 1340,3012 1385,3009 1430,3012 1475,3009 1519,3012 1564,3009 1609,3009 1654,3009 1698,3009 1743,3009 1788,3009 1833,3006 1878,3006 1922,3006 1967,3003 2012,3003 2057,3003 2102,3006 2146,3006 2191,3006 2236,3003 2281,3003 2325,3000 2370,3000 2415,3000 2460,3003 2505,3003 2549,3003 2594,3003 2639,3003 2684,3003 2729,3003 2773,3003 2818,3003 2863,3000 2908,3003 2952,3003 2997,3006 3042,3003 3087,3003 3132,3006"/>
                <TextEquiv>
                    <Unicode>schi en sich undankbar und verächtlich. Es</Unicode>
                </TextEquiv>
            </TextLine>
            <TextLine id="tr_1_tl_17" custom="readingOrder {index:16;}">
                <Coords points="1218,3185 1514,3256 2776,3167 3144,3236 3197,3057 1218,3116"/>
                <Baseline points="1233,3164 1274,3164 1319,3167 1364,3167 1409,3167 1454,3167 1498,3167 1543,3167 1588,3170 1633,3170 1678,3170 1722,3170 1767,3170 1812,3167 1857,3164 1901,3164 1946,3164 1991,3164 2036,3162 2081,3164 2125,3164 2170,3164 2215,3164 2260,3164 2305,3162 2349,3162 2394,3162 2439,3162 2484,3162 2529,3159 2573,3159 2618,3159 2663,3159 2708,3159 2752,3162 2797,3162 2842,3162 2887,3159 2932,3162 2976,3162 3021,3159 3066,3159 3111,3159 3156,3156 3200,3159"/>
                <TextEquiv>
                    <Unicode>war ihm, als hätte er selbst die Fähigkeit</Unicode>
                </TextEquiv>
            </TextLine>
            <TextLine id="tr_1_tl_18" custom="readingOrder {index:17;}">
                <Coords points="1172,3407 1711,3325 1997,3417 2403,3317 3082,3348 3113,3210 2265,3274 1175,3213"/>
                <Baseline points="1185,3326 1191,3326 1236,3323 1280,3323 1325,3323 1370,3326 1415,3326 1460,3323 1504,3323 1549,3323 1594,3326 1639,3323 1684,3323 1728,3323 1773,3323 1818,3320 1863,3320 1907,3323 1952,3323 1997,3320 2042,3323 2087,3320 2131,3320 2176,3320 2221,3320 2266,3317 2311,3320 2355,3317 2400,3317 2445,3317 2490,3317 2534,3317 2579,3314 2624,3314 2669,3314 2714,3314 2758,3314 2803,3314 2848,3314 2893,3317 2938,3314 2982,3314 3027,3314 3072,3314 3117,3317"/>
                <TextEquiv>
                    <Unicode>des Leidens verloren und seine Seele wäre</Unicode>
                </TextEquiv>
            </TextLine>
        </TextRegion>
    </Page>
</PcGts>
