3592 4152
2923 362 3073 537 16
1121 777 3133 1036 mitgezogen, der hier von zahlreichen Wegen
1139 1012 3182 1183 zusammenfloss, kam er bald zu einem grossen
1141 1149 3148 1335 Wirtsgarten, aus dessen Tiefe die Töne von
1144 1314 3143 1495 Ziehharmonika, Geige und Flöte bis auf die
1157 1482 3228 1655 Strasse drangen. Die Gartenlaternen brannten
1193 1632 3063 1795 nicht allzu hell und die letzten Tische
1172 1792 3158 1963 verschwanden in Halbdankel. Eduard nahm an
1211 1924 3220 2084 Eingang Platz. Es tat ihm wohl, hier auszu-
1178 2107 3197 2249 ruhen, und er ass und trank mit grossem Be-
1170 2252 3231 2409 hagen. Dann betrachtete er die Leute in sei-
1178 2389 3251 2552 ner Nähe. Gleich am Tisch neben ihm, unter
1185 2559 3241 2743 älteren Leuten, sass in lichtem Sommerkleid
1201 2719 3220 2882 ein junges Mädchen, das ihm sehr hübsch er-
1242 2856 3218 3024 schien. Es fiel ihm ein, dass er seit sei-
2923 2939 3133 3058 nicht
1201 3040 3104 3207 ner Junggesellenzeit weibliche Wesen mit
1253 3174 3195 3378 solchen Blicken nicht angesehen hatte wie
1222 3295 3135 3574 jetzt diese hier. Irgend etwas in diesen
