3512 4312
2969 329 3111 501 50
1431 827 3252 968 Was wollte er da?.. Wo war er hingera¬
1215 966 3221 1151 ten?... Als Therese ### eine Weile schwieg,
1210 1148 3275 1277 stand er auf. Er hatte die Absicht, sich mit
1215 1259 3237 1467 einem Wort der Entschuldigung, (dass erheute
1210 1428 3129 1634 ins Bureau müsste.) zu entfernen. Da erhob
1210 1598 3198 1775 sie sich, breitete die Arme um seinen Hald
1194 1749 3229 1911 und zog ihn an sich. Er war ihr so nah, dass
1212 1914 3247 2045 er nur das Leuchten ihrer Blicke sehen konn-
1215 2060 3144 2219 te; der Duft von ihrem Halse stieg zu ihm
1212 2258 3239 2371 empor und er fühlte ihre Lippen auf den sei-
1200 2376 3180 2533 nen. Er schloss die Augen. Er war toll vor
2605 2546 2738 2654 — —
1207 2535 2558 2679 Sehnsucht nach diesem Leib.
1436 2689 3147 2859 Jäh wachte er auf. Er hatte die Arme
1197 2846 3059 2982 unter seinem Kope gekreuzt, wie oft des
1200 2982 3136 3139 Nachts, und sah die grauweisse Decke über
1210 3152 3244 3339 sich mit der roten Malerei in der Mitte. Ne-
