<?xml version="1.0" encoding="UTF-8" standalone="yes"?>
<PcGts xmlns="http://schema.primaresearch.org/PAGE/gts/pagecontent/2013-07-15" xmlns:xsi="http://www.w3.org/2001/XMLSchema-instance" xsi:schemaLocation="http://schema.primaresearch.org/PAGE/gts/pagecontent/2013-07-15 http://schema.primaresearch.org/PAGE/gts/pagecontent/2013-07-15/pagecontent.xsd">
    <Metadata>
        <Creator>prov=READ-COOP:name=TrHtr:version=2.1.0:model_id=51170:date=14_08_2023_17:58</Creator>
        <Created>2023-05-10T14:40:22.304+02:00</Created>
        <LastChange>2023-08-14T17:58:26.940+02:00</LastChange>
        <TranskribusMetadata docId="1428645" pageId="55423092" pageNr="25" tsid="132819794" status="IN_PROGRESS" userId="64420" imgUrl="https://files.transkribus.eu/Get?id=AJRRSUBFEJXUSOUGAWDHDNGK&amp;fileType=view" xmlUrl="https://files.transkribus.eu/Get?id=OPMTHREPHUONLGKWSSBEGLCT" imageId="44697171"/>
    </Metadata>
    <Page imageFilename="1428645_0025.jpg" imageWidth="3576" imageHeight="4216">
        <ReadingOrder>
            <OrderedGroup id="ro_1711815334864" caption="Regions reading order">
                <RegionRefIndexed index="0" regionRef="tr_1"/>
                <RegionRefIndexed index="1" regionRef="tr_2"/>
            </OrderedGroup>
        </ReadingOrder>
        <TextRegion id="tr_1" custom="readingOrder {index:0;}">
            <Coords points="1113,385 3197,385 3197,2025 1113,2025"/>
            <TextLine id="tr_1_tl_1" custom="readingOrder {index:0;}">
                <Coords points="2900,439 2923,441 2944,462 2967,459 2993,475 3044,467 3044,312 3026,307 2985,335 2975,333 2944,351 2928,343 2900,343"/>
                <Baseline points="2914,438 2958,435 3003,435 3048,438 3051,438"/>
                <TextEquiv>
                    <Unicode>23</Unicode>
                </TextEquiv>
            </TextLine>
            <TextLine id="tr_1_tl_2" custom="readingOrder {index:1;}">
                <Coords points="1099,965 3003,937 3122,900 3124,787 2926,820 2619,740 2245,833 1102,828"/>
                <Baseline points="1113,937 1155,937 1200,934 1245,934 1289,931 1334,928 1379,928 1424,928 1469,925 1513,928 1558,925 1603,925 1648,922 1692,922 1737,922 1782,922 1827,919 1872,919 1916,916 1961,916 2006,916 2051,916 2096,916 2140,913 2185,913 2230,913 2275,910 2319,910 2364,910 2409,907 2454,904 2499,907 2543,904 2588,907 2633,904 2678,904 2723,901 2767,901 2812,901 2857,901 2902,904 2947,901 2991,898 3036,895 3081,892 3126,889"/>
                <TextEquiv>
                    <Unicode>Nachbarschaft hübscher Mädchen setzen durf¬</Unicode>
                </TextEquiv>
            </TextLine>
            <TextLine id="tr_1_tl_3" custom="readingOrder {index:2;}">
                <Coords points="1115,1096 3083,1076 3083,993 2902,965 1117,1024"/>
                <Baseline points="1128,1092 1164,1089 1209,1089 1254,1086 1298,1086 1343,1083 1388,1083 1433,1083 1477,1080 1522,1080 1567,1080 1612,1080 1657,1080 1701,1077 1746,1077 1791,1074 1836,1074 1881,1071 1925,1071 1970,1071 2015,1071 2060,1071 2105,1068 2149,1068 2194,1065 2239,1065 2284,1065 2328,1062 2373,1062 2418,1059 2463,1059 2508,1059 2552,1059 2597,1059 2642,1059 2687,1059 2732,1056 2776,1056 2821,1056 2866,1054 2911,1054 2955,1051 3000,1051 3045,1051 3090,1048"/>
                <TextEquiv>
                    <Unicode>te. Selbst im Bureau dachte er heute immer</Unicode>
                </TextEquiv>
            </TextLine>
            <TextLine id="tr_1_tl_4" custom="readingOrder {index:3;}">
                <Coords points="1115,1256 3006,1241 3039,1125 2621,1063 2386,1202 2159,1140 1115,1179"/>
                <Baseline points="1128,1239 1161,1239 1206,1239 1251,1239 1295,1236 1340,1236 1385,1236 1430,1233 1475,1233 1519,1233 1564,1233 1609,1230 1654,1230 1698,1230 1743,1227 1788,1230 1833,1230 1878,1230 1922,1227 1967,1230 2012,1224 2057,1224 2102,1224 2146,1221 2191,1221 2236,1221 2281,1221 2325,1221 2370,1224 2415,1224 2460,1221 2505,1221 2549,1215 2594,1212 2639,1209 2684,1209 2729,1209 2773,1209 2818,1209 2863,1209 2908,1209 2952,1209 2997,1212 3042,1215"/>
                <TextEquiv>
                    <Unicode>wieder an schattige Wälder, grüne Wiesen,</Unicode>
                </TextEquiv>
            </TextLine>
            <TextLine id="tr_1_tl_5" custom="readingOrder {index:4;}">
                <Coords points="1115,1440 1287,1494 1553,1401 3065,1380 3065,1300 2892,1287 1117,1318"/>
                <Baseline points="1128,1394 1146,1394 1191,1397 1236,1397 1280,1400 1325,1397 1370,1394 1415,1391 1460,1391 1504,1391 1549,1388 1594,1388 1639,1388 1684,1388 1728,1388 1773,1388 1818,1385 1863,1385 1907,1382 1952,1382 1997,1379 2042,1379 2087,1379 2131,1376 2176,1376 2221,1376 2266,1376 2311,1373 2355,1373 2400,1370 2445,1370 2490,1370 2534,1367 2579,1364 2624,1364 2669,1364 2714,1364 2758,1364 2803,1364 2848,1364 2893,1361 2938,1358 2982,1358 3027,1358 3072,1364"/>
                <TextEquiv>
                    <Unicode>wo junge Weiber in lichten Sommerkleidern</Unicode>
                </TextEquiv>
            </TextLine>
            <TextLine id="tr_1_tl_6" custom="readingOrder {index:5;}">
                <Coords points="1115,1589 2998,1543 3062,1471 1117,1504"/>
                <Baseline points="1128,1552 1143,1549 1188,1549 1233,1549 1277,1546 1322,1549 1367,1546 1412,1546 1457,1543 1501,1543 1546,1543 1591,1540 1636,1540 1681,1540 1725,1540 1770,1537 1815,1537 1860,1537 1904,1537 1949,1537 1994,1534 2039,1534 2084,1534 2128,1531 2173,1528 2218,1528 2263,1528 2308,1528 2352,1525 2397,1525 2442,1522 2487,1522 2531,1522 2576,1522 2621,1522 2666,1522 2711,1522 2755,1519 2800,1519 2845,1516 2890,1516 2935,1513 2979,1513 3024,1513 3069,1516"/>
                <TextEquiv>
                    <Unicode>mit hellen Sonnenschirmen umherspazierten</Unicode>
                </TextEquiv>
            </TextLine>
            <TextLine id="tr_1_tl_7" custom="readingOrder {index:6;}">
                <Coords points="1112,1718 3155,1721 3179,1615 1112,1649"/>
                <Baseline points="1125,1704 1167,1704 1212,1704 1257,1704 1301,1701 1346,1701 1391,1701 1436,1701 1480,1701 1525,1698 1570,1698 1615,1698 1660,1698 1704,1698 1749,1698 1794,1698 1839,1695 1884,1692 1928,1692 1973,1692 2018,1689 2063,1686 2108,1686 2152,1686 2197,1684 2242,1684 2287,1684 2331,1684 2376,1681 2421,1681 2466,1681 2511,1681 2555,1678 2600,1678 2645,1678 2690,1675 2735,1675 2779,1672 2824,1669 2869,1669 2914,1669 2958,1669 3003,1669 3048,1669 3093,1669 3138,1672 3182,1672"/>
                <TextEquiv>
                    <Unicode>und ihn lustig anlachten. Aber am Nachmittag</Unicode>
                </TextEquiv>
            </TextLine>
            <TextLine id="tr_1_tl_8" custom="readingOrder {index:7;}">
                <Coords points="1122,1889 3068,1845 3109,1762 1125,1811"/>
                <Baseline points="1137,1860 1143,1860 1188,1854 1233,1857 1277,1857 1322,1857 1367,1854 1412,1857 1457,1857 1501,1854 1546,1854 1591,1851 1636,1848 1681,1848 1725,1848 1770,1848 1815,1851 1860,1848 1904,1848 1949,1845 1994,1842 2039,1842 2084,1839 2128,1842 2173,1839 2218,1839 2263,1839 2308,1836 2352,1836 2397,1836 2442,1836 2487,1833 2531,1833 2576,1833 2621,1833 2666,1833 2711,1830 2755,1830 2800,1827 2845,1827 2890,1824 2935,1824 2979,1824 3024,1824 3069,1821 3114,1824"/>
                <TextEquiv>
                    <Unicode>war er zu müde, um über Land zu fahren. Er</Unicode>
                </TextEquiv>
            </TextLine>
            <TextLine id="tr_1_tl_9" custom="readingOrder {index:8;}">
                <Coords points="1122,2023 3114,2005 3191,1997 3194,1845 2699,1966 1122,1940"/>
                <Baseline points="1137,2012 1182,2012 1227,2012 1271,2015 1316,2015 1361,2009 1406,2009 1451,2009 1495,2009 1540,2006 1585,2006 1630,2003 1675,2003 1719,2003 1764,2003 1809,2003 1854,2003 1898,2000 1943,2000 1988,2000 2033,1997 2078,1997 2122,1994 2167,1994 2212,1994 2257,1991 2302,1991 2346,1991 2391,1991 2436,1988 2481,1988 2526,1985 2570,1988 2615,1988 2660,1988 2705,1991 2749,1985 2794,1985 2839,1985 2884,1982 2929,1982 2973,1982 3018,1979 3063,1979 3108,1976 3153,1973 3197,1979"/>
                <TextEquiv>
                    <Unicode>legte sich angekleidet aufs Bett, sah in die</Unicode>
                </TextEquiv>
            </TextLine>
        </TextRegion>
        <TextRegion id="tr_2" custom="readingOrder {index:1;}">
            <Coords points="1143,2084 3206,2084 3206,3264 1143,3264"/>
            <TextLine id="tr_2_tl_1" custom="readingOrder {index:0;}">
                <Coords points="1130,2190 3179,2165 3202,2018 2619,2105 1130,2098"/>
                <Baseline points="1143,2170 1146,2173 1191,2170 1236,2170 1280,2167 1325,2167 1370,2167 1415,2167 1460,2164 1504,2164 1549,2161 1594,2161 1639,2158 1684,2158 1728,2158 1773,2158 1818,2158 1863,2155 1907,2155 1952,2152 1997,2152 2042,2149 2087,2149 2131,2152 2176,2149 2221,2149 2266,2149 2311,2149 2355,2146 2400,2146 2445,2146 2490,2143 2534,2143 2579,2143 2624,2143 2669,2143 2714,2140 2758,2140 2803,2137 2848,2137 2893,2137 2938,2137 2982,2137 3027,2140 3072,2137 3117,2134 3162,2134 3206,2134"/>
                <TextEquiv>
                    <Unicode>Luft und kam sich vor wie Einer, der langsam</Unicode>
                </TextEquiv>
            </TextLine>
            <TextLine id="tr_2_tl_2" custom="readingOrder {index:1;}">
                <Coords points="1138,2332 3153,2322 3155,2232 1138,2260"/>
                <Baseline points="1152,2322 1188,2319 1233,2319 1277,2322 1322,2322 1367,2322 1412,2319 1457,2319 1501,2319 1546,2317 1591,2314 1636,2314 1681,2314 1725,2314 1770,2314 1815,2314 1860,2311 1904,2314 1949,2311 1994,2311 2039,2311 2084,2308 2128,2308 2173,2308 2218,2308 2263,2308 2308,2305 2352,2305 2397,2302 2442,2302 2487,2302 2531,2299 2576,2302 2621,2299 2666,2299 2711,2299 2755,2296 2800,2296 2845,2296 2890,2296 2935,2299 2979,2299 3024,2299 3069,2296 3114,2296 3159,2299"/>
                <TextEquiv>
                    <Unicode>von schwerer Krankheit geneset. Abends ging</Unicode>
                </TextEquiv>
            </TextLine>
            <TextLine id="tr_2_tl_3" custom="readingOrder {index:2;}">
                <Coords points="1148,2487 3155,2472 3197,2384 1148,2428"/>
                <Baseline points="1161,2478 1188,2478 1233,2478 1277,2475 1322,2475 1367,2475 1412,2475 1457,2475 1501,2475 1546,2475 1591,2472 1636,2472 1681,2472 1725,2472 1770,2472 1815,2472 1860,2472 1904,2472 1949,2472 1994,2469 2039,2466 2084,2466 2128,2463 2173,2463 2218,2460 2263,2463 2308,2460 2352,2460 2397,2460 2442,2457 2487,2457 2531,2454 2576,2454 2621,2454 2666,2454 2711,2454 2755,2451 2800,2451 2845,2451 2890,2448 2935,2448 2979,2448 3024,2448 3069,2445 3114,2445 3159,2442 3203,2445"/>
                <TextEquiv>
                    <Unicode>er über den Ring spazieren. Heute kam wieder</Unicode>
                </TextEquiv>
            </TextLine>
            <TextLine id="tr_2_tl_4" custom="readingOrder {index:3;}">
                <Coords points="1138,2668 3202,2606 3163,2523 1140,2557"/>
                <Baseline points="1155,2636 1191,2633 1236,2633 1280,2633 1325,2633 1370,2633 1415,2633 1460,2630 1504,2630 1549,2630 1594,2627 1639,2627 1684,2624 1728,2621 1773,2621 1818,2621 1863,2621 1907,2621 1952,2621 1997,2621 2042,2618 2087,2618 2131,2615 2176,2618 2221,2615 2266,2615 2311,2618 2355,2615 2400,2618 2445,2615 2490,2615 2534,2615 2579,2612 2624,2612 2669,2612 2714,2612 2758,2609 2803,2606 2848,2606 2893,2606 2938,2606 2982,2603 3027,2603 3072,2600 3117,2600 3162,2594 3206,2597"/>
                <TextEquiv>
                    <Unicode>eine stille Freude über ihn, wenn sein Blick</Unicode>
                </TextEquiv>
            </TextLine>
            <TextLine id="tr_2_tl_5" custom="readingOrder {index:4;}">
                <Coords points="1140,2797 3150,2789 3181,2696 1140,2722"/>
                <Baseline points="1155,2788 1170,2788 1215,2788 1260,2788 1304,2788 1349,2791 1394,2785 1439,2785 1483,2785 1528,2785 1573,2782 1618,2782 1663,2782 1707,2779 1752,2779 1797,2779 1842,2779 1887,2776 1931,2776 1976,2776 2021,2776 2066,2776 2110,2776 2155,2779 2200,2776 2245,2773 2290,2773 2334,2773 2379,2773 2424,2773 2469,2773 2514,2770 2558,2767 2603,2767 2648,2767 2693,2764 2738,2764 2782,2761 2827,2764 2872,2761 2917,2761 2961,2761 3006,2758 3051,2761 3096,2758 3141,2761 3185,2761"/>
                <TextEquiv>
                    <Unicode>dem junger Frauen begegnete, und es war ihm</Unicode>
                </TextEquiv>
            </TextLine>
            <TextLine id="tr_2_tl_6" custom="readingOrder {index:5;}">
                <Coords points="1135,2985 3130,2936 3130,2856 2972,2828 1138,2874"/>
                <Baseline points="1149,2947 1164,2947 1209,2947 1254,2944 1298,2944 1343,2944 1388,2944 1433,2944 1477,2941 1522,2941 1567,2941 1612,2938 1657,2938 1701,2938 1746,2938 1791,2935 1836,2935 1881,2935 1925,2935 1970,2935 2015,2932 2060,2932 2105,2932 2149,2929 2194,2929 2239,2929 2284,2929 2328,2929 2373,2926 2418,2926 2463,2923 2508,2923 2552,2920 2597,2920 2642,2920 2687,2920 2732,2920 2776,2920 2821,2917 2866,2917 2911,2920 2955,2917 3000,2917 3045,2920 3090,2920 3135,2923"/>
                <TextEquiv>
                    <Unicode>als flösse es aus diesen Blicken wohltätig</Unicode>
                </TextEquiv>
            </TextLine>
            <TextLine id="tr_2_tl_7" custom="readingOrder {index:6;}">
                <Coords points="1138,3117 3132,3078 3132,3011 2895,2998 1987,3052 1873,3001 1783,3055 1140,3008"/>
                <Baseline points="1152,3102 1167,3102 1212,3099 1257,3099 1301,3099 1346,3099 1391,3096 1436,3096 1480,3096 1525,3096 1570,3090 1615,3090 1660,3090 1704,3090 1749,3093 1794,3093 1839,3090 1884,3087 1928,3087 1973,3087 2018,3087 2063,3087 2108,3084 2152,3084 2197,3084 2242,3084 2287,3081 2331,3084 2376,3081 2421,3078 2466,3078 2511,3078 2555,3078 2600,3075 2645,3078 2690,3075 2735,3075 2779,3075 2824,3075 2869,3075 2914,3075 2958,3075 3003,3072 3048,3072 3093,3069 3138,3069"/>
                <TextEquiv>
                    <Unicode>und mild über ihn. Ein wunschloses Behagen</Unicode>
                </TextEquiv>
            </TextLine>
            <TextLine id="tr_2_tl_8" custom="readingOrder {index:7;}">
                <Coords points="1130,3297 1698,3375 2250,3344 2436,3240 3019,3240 3039,3168 1133,3181"/>
                <Baseline points="1143,3254 1161,3254 1206,3251 1251,3251 1295,3251 1340,3251 1385,3251 1430,3251 1475,3251 1519,3248 1564,3248 1609,3245 1654,3248 1698,3245 1743,3245 1788,3245 1833,3242 1878,3242 1922,3242 1967,3239 2012,3239 2057,3239 2102,3239 2146,3239 2191,3236 2236,3233 2281,3236 2325,3236 2370,3236 2415,3236 2460,3239 2505,3239 2549,3239 2594,3242 2639,3239 2684,3236 2729,3236 2773,3236 2818,3236 2863,3233 2908,3233 2952,3230 2997,3227 3042,3221"/>
                <TextEquiv>
                    <Unicode>hüllte ihn ein. - Mehrere Tage gingen in</Unicode>
                </TextEquiv>
            </TextLine>
        </TextRegion>
    </Page>
</PcGts>
