3576 4216
3116 406 3253 563 20
1263 822 3181 1036 quälende Erinnerungen in ihm auf. Die Ge-
1204 1021 3106 1176 sellschaft seiner Kollegen im Wirtshause
1207 1160 3219 1338 wurde ihm so unerträglich, dass er maehmal,
1212 1320 3111 1506 durch ein gleichgiltiges Wort, durch den
1251 1496 3098 1654 Tonfall einer Rede gepeinigt, aufstehen
1189 1654 3235 1785 und fortgehen musste. Die Blicke, mit denen
1189 1811 3168 1961 ihn die Frauen auf der Strasse anschauten,
2026 1899 2183 2000 fast
1201 1933 1987 2124 taten ihm jetzt
2134 1951 3142 2132 weh, und dennoch
1194 2083 3263 2253 suchte und erwiderte er sie. Dabei erinnerte
1189 2209 3196 2408 ihn Manche an seine Frau, indem sie irgend
1189 2403 3230 2597 eine Ihrer Bewegungen oder ihren Gang wie
2883 2517 3077 2638 haïs
3067 2527 3274 2716 the
1170 2542 3080 2757 mit Absicht nachzushmen versuchte. Ander
1230 2710 3144 2855 schi enen xxxden Flor auf seinem Hut und
1227 2850 3245 3026 seinen schwarzen Anzug höhnisch zu betrach¬
1183 3036 3258 3209 ten, als dächten sie: Warum trauert er? Auch
1183 3181 2597 3408 wir sind Weiber und wir leben.
