3576 4232
3044 459 3163 611 31
1179 815 3210 1104 wie er es in der leidenschaftlichsten Umar-
1164 1029 3117 1259 mung nie empfunden. Plötzlich war Therese
1171 1187 3166 1422 fort, und er sah sie am Ende der Wiese den
1179 1339 3199 1558 Waldrand entlang hinlaufen, die Arme in die
1164 1491 3150 1744 Luft gestreckt, geradeso wie er tagsvorher
1202 1680 3207 1878 in einer illustrierten Zeitung ein Ballett-
1184 1796 3238 2018 mädchen gesehen, das sich aus einem brennen
1164 2002 3194 2188 den Theater retten wollte. Zugleich empfand
1166 2098 3042 2340 er, dass er ihren Verlust nie und nimmer
1148 2263 3212 2466 überleben könnte, und doch blieb er im Grase
1146 2417 3220 2660 liegen und schrie. Darüber wachte er auf und
1138 2570 3207 2828 hörte sein eigenes Jammern. Durch das offene
1143 2724 3060 2957 Fenster klangen die ersten, beinah unent-
1143 2882 3199 3104 wirrbaren Laute der Frühe, deutlich hörte er
1122 3044 3073 3271 nur das Gezwitscher der erwachenden Vögel
1182 3199 3032 3403 aus dem Stadtpark. Es dämmerte. Niemals
