3576 4152
2995 361 3135 532 10
1419 833 3096 1012 Im vorigen September, kurz nach der
1225 1015 3231 1201 Heimkehr vom Landaufenthalt, wurde Therese
1196 1165 3072 1357 krank. Der Arzt gab von Anfang an keine
1189 1342 3244 1503 Hoffnung. Aber Eduard glauft e ihm nicht. Es
1251 1477 3265 1648 schien ihm vollkommen unmöglich, das There-
1209 1643 3122 1796 se sterben könnte. Sie klagte wenig, sie
1214 1809 3034 1972 schwand dahin. Er begriff es gar nicht
1217 1933 3218 2120 recht. Erst in den letzten Tagen begann er
1214 2094 3210 2278 zu verstehen, was ihm bevorstand; da blieb
1227 2245 3189 2457 er zuhause und rührte sich von ihrem Bett
1225 2403 3150 2587 nicht mehr weg. Eine ungeheure Angst kam
1222 2582 3306 2748 über ihn. Er liess zwei berühmte Professoren
1230 2720 3298 2888 rufen: sie konnten ihn nur mehr vorbereiten,
1285 2867 3290 3036 dass es bald zu Ende sein würde. - Erst in
1246 3036 3322 3187 der letzten Nacht fühlte Therese selbst, dass
1290 3176 3163 3428 sie verloren war, und nahm Abschied von
