3528 4152
1068 851 2967 1151 im Kreise seiner Bureaukollegen bei, die
1068 1109 3119 1300 Wintersonntage und manche freien Nachmittags
1120 1277 3132 1440 waren dem Violinspielen gewidmet. Im Sommer
1073 1445 3070 1612 ging er nicht selten auf's Land, und seinen
1063 1584 3142 1760 Urlaub benützte er zu Fusswanderungen, deren
1084 1721 2936 1925 Plan er schon lange vorher mit grösster
1133 1896 3068 2092 Sorgfalt zusammengestellt hatte; er liess
1138 2036 3039 2237 sich dann weder durch Wetterunbill, noch
1138 2216 3034 2353 durch Ratschläge von Reisenden, denen er
1133 2363 3070 2559 begegnete, von seinem Programm abbringen.
1140 2516 3127 2709 Als er vierundzwanzig Jahre wurde, verwirr¬
1151 2678 3047 2846 te sich die Ruhe seines Lebens auf kurze
1133 2774 3057 2995 Zeit. Damals lernte er auf einen Vergnüg-
1135 3001 2954 3155 ungsabend des Gesangsvereins die junge
1153 3132 3127 3315 Frau eines höheren Beamten kennen, die sei-
1096 3292 3148 3478 ne Geliebte wurde. Sie war sehr kokett un d
