3576 4184
3019 414 3181 597 14
1178 813 3204 1046 sein Leid weiter tragen sollte. Er war nahe
1178 985 3242 1188 daran aufzujammern, die Hände zu ringen oder
1229 1178 3204 1350 sich hinzuwerfen und das Gras auszuraufen.
1185 1301 3147 1514 Er fühlte selbst, wie er mit weitaufgeris-
1232 1478 3217 1664 senen Augen und einem absonderlich raschen
1196 1607 3242 1805 Gang seinen Weg fortsetzte, und merkte, dass
1196 1769 3163 1957 ihn die Leute verwundert und mitleidig be-
1208 1928 3196 2114 trachteten. Er wollte ihnen entfliehen und
1255 2065 3199 2286 suchte stillere Pfade auf. Zwischen hohen
1244 2281 3271 2440 Birken und Tannen stieg er die Sophien-Alpe
1201 2417 3224 2569 hinan und langte oben an, als die Sonne un-
1507 2540 1705 2659 Dort
1221 2548 3268 2756 terging. Grüben in Grünen lag das Wirtshaus,
1203 2702 3214 2906 und der Lärm von vielen Menschen drang bis
1257 2854 3281 3078 zu ihm. Vor sich sah er die Hügel und Berge
1221 3003 3283 3214 in rötlichweissen Glanze liegen, und als er
1270 3157 3260 3381 sich umwandte, erblickte er die Stadt, wie
