3512 4328
3111 390 3219 523 49
1495 834 3201 1029 "So?" sagte er und blickte zur gegen-
1244 1026 3273 1162 überliegenden Wand, an der ein grosser japa-
1239 1167 3160 1306 nischer Fächer mit Photographieen festge-
1254 1339 3191 1459 steckt war. Therese plauderte weiter; sie
1254 1467 3278 1598 erzählte von ihrer früheren Wohnung, die ih-
1239 1616 3301 1767 rem Freund nicht gefallen hätte, dann redete
1249 1775 3247 1942 sie vin einer in Prag verheirateten Schwes-
1254 1937 3240 2090 ter, dann von ihrem "Ersten", einem Hausbe-
1290 2093 3204 2219 sitzerssohn, der sie hatte sitzen lassen,
1249 2247 3214 2403 dann von einer Reise nach Venedig, die sie
1262 2383 3273 2539 vor zwei Jahren mit einem "Ausländer" unter-
1234 2498 3273 2704 nommen und von wo sie die kleine Filigrando-
1254 2714 3150 2873 se mitgebracht, die dort auf dem Frisier-
1257 2863 3276 2986 tisch lag. Eduard sass still da, warf zuwei-
1244 3006 3196 3178 ken eine Frage dazwischen oder nickte und
1239 3178 2521 3347 liess sie im übrigen reden.
