3560 4152
2972 375 3126 511 11
1176 817 3231 1017 ihm. Diese Nacht verging, dann kam noch ein
1202 997 3239 1159 endloser Tag, an dem es regnete, dann brach
1202 1176 3255 1356 wieder die Nacht herein, - da starb Therese,
1197 1354 2448 1498 und er sah sie sterben...
1474 1462 3203 1667 Und Dann war der Winter gekommen und
1212 1639 3208 1788 hatte auf Eduard gelastet wie eine einzige
1269 1775 3255 1932 schwere cumpfe Nacht. Jetzt beim Wehen der
1284 1945 3280 2137 ersten Fr체hlingswinde erwachte er allm채lig.
1233 2088 3080 2278 Sein Schmerz, der ihn wie ein grimmiger
1230 2240 3296 2420 Feind umfangen gehalten, liess ihn los; Edu-
1284 2402 3283 2548 ard atmete freier auf, fuhlte, dass er wie-
1251 2538 3273 2723 der in Leben war. Abends ging er spazieren,
1254 2715 3257 2910 lange Wege, wie er sie zu seiner Junggesel-
1290 2841 3291 3049 lenzeit gerne zur체ckgelegt, anfangs nur in
1264 3021 3260 3183 den Strassen der Stadt, dann, als die Tage
1266 3180 3249 3396 l채nger wurden, weiter hinaus ins Freie, zu
