3576 4152
2989 263 3110 384 27
1153 748 3229 941 freundlichen Zügen mahnte ihn an das Lächeln
1168 903 3216 1091 seiner Frau, wie es ihn so oft begrüsst hat-
1171 1057 3164 1253 te, wenn er zu ihr ins Zimmer trat und sie
1181 1197 3172 1400 von der Näharbeit aufblickte; und doch sah
1189 1346 3177 1581 dieses Mädchen der Entschwundenen durchaus
1189 1529 3223 1710 nicht ähnlich. Er schloss unwillkürlich die
1189 1674 3203 1864 Augen. Aber kaum waren ihm die Lider gesun-
1207 1836 3164 2011 ken, so hatte er das Antlitz seiner toten
1207 1999 3154 2182 Frau vor sich und sah ihren 'und langsam,
1222 2156 3257 2329 mit einer leise zuckenden Bewegung, die ihr
1235 2256 3239 2501 eigen gewesen, sich dem seinen nähern. Ent-
1243 2434 3252 2628 setzt öffnete er die Augen wieder. Das Mäd-
1248 2550 3115 2798 chen gegenüber sah ihn eben an und ihre
1240 2764 3223 2963 Lippen schienen in leichtem Spott zu spie-
1251 2870 3182 3097 len, als wäre ihr eine List gelungen. Da
1271 3061 3314 3249 fühlte Eduard, dass keine Frau der Welt ihm
