3592 4232
3021 373 3159 549 32
1169 829 3221 1008 hatte ihn seine Einsamkeit mit solchem Grau-
1184 995 3249 1176 en erfüllt wie heute. Er fühlte, dass er die
1179 1132 3265 1309 Tote liebte, wie man nur Lebende lieben darf.
1182 1309 3073 1493 Er war wie von dem Duft ihres Leibes um-
1182 1487 3257 1632 hüllt und bewegte leise die Lippen, als läge
1195 1632 3182 1804 sie bei ihm und könnte seinen Kuss empfan-
1215 1770 3270 1943 gen. Dann aber schämte er sich, als hätte er
1218 1938 3172 2089 sich an ihr vergangen, die wie seine Freu-
1215 2047 3270 2241 den, so auch seine Sehnsucht und seine Träu-
1215 2252 3213 2399 me nicht mehr teilen konnte und die er nur
1226 2392 3226 2565 beweinen durfte, aber nicht verlangen. Zum
1236 2545 3252 2708 ersten Male tauchte der Gedanke in ihm auf,
1239 2710 3213 2856 sich gänzlich von der Welt zurückzuziehen.
1244 2871 3234 3037 die ihm noch Versuchungen, aber keine Lust
1236 3014 3288 3200 mehr bringen durfte. Er dachte an einen ent-
1249 3146 3249 3361 fernten Verwandten seiner Mutter, der sich
