3528 4328
3062 378 3196 563 48
1251 848 3190 1015 donna mit dem Jesukinde vorstellend, über
1251 1030 2058 1210 dem Bette hängen.
1495 1164 3116 1328 "Haben Sie weit zu mir her gehabt?"
1287 1346 2009 1490 fragte Therese.
1508 1500 2278 1634 “Nein”, sagte er.
1472 1644 3283 1801 Sie hatte einen dunkelroten Schlafrock
1236 1837 3283 1939 mit weiten Aermeln an; ihr Blick schien ihm
1256 1952 3224 2101 frecher, die Züge minder jung als gestern.
1246 2119 3306 2263 Er glaubte, dass er weggehen würde, ohne sie
1251 2263 2058 2412 berührt zu haben.
1485 2433 3306 2584 Sie setzte sich an den runden Tisch mit
1246 2561 3098 2713 grüner Decke, auf dem ein Rauchzeug aus
1287 2728 3231 2885 Neusilber stand, das einen alten Mann mit
1307 2882 2718 3065 einem Schieb karren vorstellte.
1490 3013 3280 3196 Ja, hier wohne ich“, sagte sie, “aber
1248 3193 2173 3378 noch gar nicht lang.“
