3560 4136
2919 370 3073 542 18
1137 850 3150 1040 jemals etwas bedeuten könnte. Mit neuer Ge-
1135 1035 3078 1166 walt stürzte der Schmerz über ihn, und er
1140 1186 3204 1333 wusste, dass er für die Erde und ihre Vonnen
1137 1309 3120 1505 auf ewig verloren war. Er schämte sich der
1155 1505 3155 1643 vorausgegangenen Augenblicke, und der Ge-
1196 1653 3127 1792 danke, je wieder ein Weib in den Armen zu
1148 1784 3145 1969 halten, erfüllte ihn mit Grauen vor seinem
1171 1967 1787 2118 eigenen Leib.
1379 2113 3184 2257 Und er machte sich auf den Heimweg. Es
1161 2265 3181 2401 war ihm, als müsste er Busse tun, sich kas-
1181 2416 3225 2573 teien. Er legte den langen Weg bis zu seinen
1168 2544 3194 2722 Wohnhause zu Fuss zurück und kam in einerso
1178 2696 3137 2863 schweren Müdigkeit an, wie er sie nie ver-
1181 2881 3173 3012 spürt zu haben glaubte. Der Schlaf, in den
1194 3042 3212 3191 er versank, war schwer und gequält, und des
1168 3207 3171 3374 Morgens ###wachte er mit dem dunklen Ge-
1178 3348 3094 3500 fühl auf, er habe Schlimmes begangen und
