3496 4344
3065 416 3183 537 51
1210 830 3190 989 ben ihm lag ein fremdes Weib mit schwer ge-
1210 1033 3190 1148 schlossenen Augen und einem Lächeln um den
1192 1171 3224 1313 halboffenen Mund. Eduard hatte jetzt nur ei-
2178 1274 2412 1374 sollte
1205 1356 3239 1467 nen Wunsch: das Weib mäge ruhig liegen blei-
1207 1495 3072 1608 ben, die Augen nicht öffnen, die Lippen
1205 1659 3175 1762 nicht bewegen, bis er sich entfernt hätte.
1210 1808 3152 1939 War es denn nur möglich?... Hatte er denn
1259 1963 3188 2094 wirklich in den Armen dieser Erbärmlichen
1220 2129 3201 2230 die selbe Wonne empfunden wie einst in den
1212 2268 3280 2379 Armen seiner Frau?... Er betrachtete sie mit
1233 2425 3139 2533 einem entsetzten Blick. Hatte dieses Weib
1210 2584 3275 2687 nicht mit jedem Kuss, mit jeden Zucken ihrer
1205 2731 3262 2849 Lippen, mit jedem Seufzer, mit allen Wohnen,
1223 2905 3121 3021 die sie gab, die arme Tote verhöhnt, die
1223 2998 3098 3185 jetzt verweste?... Konnte er's ertragen,
1215 3203 3196 3329 durfte er’s dulden?... xr schüttelte sich.
