3592 4296
3003 376 3135 547 35
1138 829 3195 1039 sich ihm hingegeben?... Und ein dumper Zorn
1148 1005 3135 1182 ergriff ihn gegen alle diese Wesen, die in
1148 1169 3143 1345 der Fülle ihres Lebens und ihrer Jugend an
1148 1327 3102 1506 ihm vorüberschritten, alle bereit, manche
1179 1467 3172 1653 für Einen nur, andere für Viele, viele für
1138 1614 3130 1811 Alle, und denen ihr ganzes Recht, Glück zu
1192 1796 3133 1967 geben und Glück zu empfangen, nur aus der
1125 1933 3042 2133 Luft des Daseins kam, die sie noch atmen
1143 2076 3073 2239 durften. Und er hasste sie alle, weil sie
1132 2228 3089 2431 ihn lookten, und er liebte sie alle, weil
1135 2397 3218 2594 sie Frauen waren wie seine Frau. Er kam sich
1148 2539 2700 2731 wehrles und wie preisgegeben vor.
1363 2687 3135 2887 Es wurde spät. Plötzlich erblickte er
1187 2853 3102 3052 die Erwartete. Er erkannte sie erst, als
1138 3042 3042 3208 sie vorüber war, an ihrem Gang. Das Herz
1135 3169 3182 3369 klopfte ihm heftig. Er erhob sich rasch und
