3560 4216
3007 286 3141 408 25
1215 691 3222 904 verdorrt und leer. Er verliess sein Zimmer.
1162 861 3111 1068 Dann auf der Strasse, als er wieder unter
1167 1012 3159 1215 Menschen war, rannen ihm zu seiner eigenen
1212 1167 3022 1387 Ueberraschung langsam spärliche Tränen
1220 1309 3210 1544 über die Wangen, und da war ihm, als hätte
1187 1498 3197 1666 er eine Schuld getilgt. Er fühlte sich frei
1182 1658 3146 1820 und leicht, die Empfindung einer neuen Ju-
1185 1802 3136 2012 gend durchströmte ihn; ja, er freute sich
1192 1959 3227 2159 sogar auf irgend etwas, das ihm in der näch-
1202 2083 3205 2291 sten Zeit bevorstand und das er haben konn-
1207 2248 3184 2453 te, wann es ihm beliebte. Jeder Blick, der
1207 2405 3237 2602 ihm zu gelten schien, jede zufällige Beruhr-
1230 2582 3200 2744 ung trieb ihm fliegende Schauer durch den
1207 2774 3156 2919 Leib. Für ihn allein schwebte der Zug der
1253 2870 3255 3063 Frauen vorüber, viele Vonnen waren ihn auf-
1263 3058 3255 3250 bewahrt und nichts hinderte ihn, danach
