3528 4328
3082 426 3205 546 47
1269 887 3310 1008 gentlich ganz gedankenlos bis hierher gekom-
1264 1041 3223 1167 men und war er nicht in diesem Augenblick
1269 1179 3261 1315 ganz ohne Wünsche?... Doch er wusste, wenn
1320 1325 3333 1469 er jetzt fortginge, so begann die Pein haut
1277 1490 3248 1618 Abend oder morgen von neuem. Es misste er¬
1308 1659 1818 1792 lebt sein.
1564 1782 3346 1931 Die Tür oben war angelehnt, er öffnete
1282 1961 3333 2082 sie. Therese stand vor ihm, doch nahm er ih-
1274 2136 3317 2259 re Züge in dem dunklen Vorzimmer nicht deut-
1323 2264 3264 2384 lich wahr. Sie schloss ab und öffnete die
1305 2430 3341 2561 riire zum nächsten Zimmer so hastig, dass der
1300 2584 3341 2718 Fenstervorhang durch den Luftzug in die Höhe
1272 2730 3251 2874 flog und Eduard einen Augenblick den Dach-
1287 2912 3348 3012 first des Hauses gegenüber sehen konnte. Die
1295 3018 3171 3176 Tür zum anstossenden Zimmer stand offen.
1284 3197 3259 3356 Eduard sah ein schlechtes Oelbild, die Ma-
