3592 4232
3010 343 3138 512 33
1187 793 3123 1038 als reifer Mann ins Kloster zurückgezogen
1176 1015 3228 1192 hatte, und der Gedanke, dass auch ihm dieser
1228 1146 2688 1338 Weg offen stand, beruhigte ihn.
1422 1312 3220 1488 Er stand früh auf, ging eine Stunde im
1199 1465 3187 1662 Stadtpark spazieren und arbeitete fleissig
1253 1614 3222 1795 im Burem. Nachmittag lag er wieder in hal-
1212 1762 3192 1964 bem Schlummer auf dem Bett und abends ging
1228 1946 3161 2110 er fort. Er kannte seinen Weg. Er ging an
1228 2082 3240 2261 die selbe Stelle, zu der gleichen Bank, auf
1246 2248 3207 2422 der er gestern gesessen. Er wartete. Viele
1225 2381 3276 2563 Leute kamen vorüber, prauen und Mädchen; sie
1228 2540 3261 2711 hatten nicht mehr Bedeutung für ihn als Bil-
1243 2698 3243 2885 der, die er zufällig beim Durchklättern ei-
1246 2864 3187 3041 nes Buches gefunden hätte, während er ein
1289 2995 3268 3215 ganz bestimmtes suchte. Er wartete auf sei¬
1253 3148 3222 3396 ne Frau. Anfangs wehrte er sich gegen das,
