3560 4232
3003 330 3151 584 28
1193 833 3219 1051 ser Entfernung ist sie es, denn es ist ihre
1236 1013 3260 1186 Gestalt, ihr Gang, ihre Haartracht, und ich
1191 1181 3153 1333 sehe nichts Anderes. - Sie schein nicht zu
1181 1307 3204 1493 merken, dass ihr Jemand folgte, und schritt
1224 1513 3161 1635 unbekümmert weiter. Der Weg führte sie am
1181 1653 3194 1790 Stadtpark vorüber; sie hielt sich ganz nahe
1170 1805 3191 1983 am Gitter und glitt mit dem Finger über die
1173 1957 3153 2110 Stäbe hin. Eduard erbebte: es war auch die
1173 2089 3184 2287 Gewohnheit seiner Frau gewesen, im Vorüber-
1165 2265 3085 2432 gehen mit den Fingern über Wände, Mauern,
1163 2404 3105 2569 Gitter hinzugleiten. Es war ihm, als täte
1163 2579 3163 2752 dieses Weib, das zehn Schritte vor ihm hin-
1155 2744 3179 2876 ging, mit Absicht das selbe. Ein leiser Un-
1155 2897 3199 3041 willen regte sich in seiner Seele, als könn-
1158 3044 3044 3222 te er sich das nicht gefallen lassen. Hr
1153 3189 3029 3389 wollte sich umwenden, seines Wegs gehen;
