3528 4152
1153 815 3184 1013 fühlen, dass er auch edleren weiblichen We-
1163 1018 3074 1186 sen gefallen könnte. Und als Therese das
1178 1181 3166 1330 erste Mal lebhafter mit ihm sprach und hei-
1170 1335 3151 1478 terer schien als früher, geriet er in eine
1173 1457 3158 1660 Art von Rausch, der ihn stolz machte, ohne
1178 1627 2216 1813 dass er wusste, warum.
1399 1782 3128 1929 Wenige Monate darauf wurde sie seine
1168 1924 3118 2079 Frau. Ihm war, als begänne jetzt erst das
1175 2089 3219 2267 Dasein für ihn. Das Bewusstsein, ein junges
1181 2244 3166 2376 Wesen in den Armen zu halten, das noch Kei-
1221 2379 3239 2572 nem vor ihm gehört, erfüllte ihn mit Wenne.
1188 2526 3219 2711 Anfangs fürchtete er, dieses reine Geschöpf
1236 2678 3181 2874 durch die Glut seiner Zärtlichkeit zu ent-
1181 2864 3173 3031 weihen, aber als sie sich ihm bald mit der
1188 2996 3219 3166 gleichen Rückhaltlosigkeit entgegenbrachte,
1231 3176 3148 3387 gab er sich seinem Glücke völlig hin. Da
