3496 4168
2933 374 3035 592 2
1135 830 3107 1060 Jahres, da seine Frau gestorben war, hatte
1145 984 3063 1209 er in einer Art Betäubung hingelebt. Dass
1140 1188 3063 1368 sie so jung dahingehen und ihn allein auf
1140 1334 3071 1534 der Erde zurücklassen könnte, war ihm nie-
1127 1478 2382 1665 mals in den Sinn gekommen.
1360 1639 3017 1818 Er war jetzt sehr einsam und dachte
1137 1783 3025 1967 viel an vergangene Dinge... Seine Eltern
1135 1949 3122 2134 waren schon seit vielen Jahren tot. Der Va-
1140 2090 3117 2285 ter war in einen kleinen Orte Niederöester-
1127 2274 3161 2449 reichs Notar gewesen, und Eduard hätte sein
1119 2431 3109 2569 Nachfolger werden sollen. Man schickte ihn
1122 2579 3143 2761 nach Wien aufs Gymnasium, und so verbrachte
1130 2735 3061 2910 er schon einen Teil seiner Kindheit unter
1114 2894 3173 3073 fremden Leuten. Nach dem Tode des Vaters gab
1132 3043 3127 3243 er das Studieren auf, in dem er keine rech-
1127 3176 3176 3406 ten Fortschritte erzielte. Am liebsten hätte
