3576 4136
3074 386 3155 554 7
1248 829 3284 1000 ihre Ehe kinderlos blieb, änderten sich die
1241 997 3326 1178 Beziehungen zwischen ihnen durch viele Jahre
1246 1153 3320 1316 gar nicht. Von seinen früheren Bekannten zog
1248 1308 3274 1476 er sich zurück. Er brauchte Niemanden mehr.
1251 1481 3307 1616 Im Frieden seines Hauses war alles Glück für
1246 1608 3284 1787 ihn beschlossen. Es war jedes Mal eine neue
1295 1779 3294 1953 Seligkeit für ihn, wenn er heimkam und The-
1235 1948 3266 2100 rese von ihrer Näharbeit mit lächelnden Au-
1292 2090 3245 2269 gen aufblickte, in denen Erinnerungen und
1238 2258 3183 2385 Versprechungen zu schwimmen schienen. Nur
1235 2393 3230 2577 wenige Leute besuchten das junge Paar, und
3124 2523 3297 2613 eine
1282 2546 3279 2722 auch diese nur selten: Theresens Vater und
1238 2688 3248 2870 ihre Freundinnen, ein verblühendes Mädchen,
1287 2844 3305 3030 von dem sich die junge Frau abends zuweilen
1230 3002 3263 3206 auf dem Klavier zum Singen begleiten liess.
1222 3175 3209 3346 Auch Eduard holte die Geige wieder hervor,
