3560 4296
3120 336 3255 538 38
1457 781 2295 1009 “Ah!” Sielächelte.
1424 989 3191 1150 So glaubte sie offenbar, dass er sich
1191 1130 3168 1314 im Hause nach ihrem Namen erkundigt hatte.
1181 1273 2566 1498 Er fühlte seinen Mut wachsen.
1457 1462 3012 1616 Aber ich hab' es gespurt gestern
1191 1598 3166 1785 Abend“, sagte sie, “dass mir wer nachgeht.
1183 1731 3120 1929 Ich dreh' mich ja nie auf der Strasse um,
1188 1895 2999 2075 aber man spürt so was gleich. Is nicht
1237 2046 1544 2239 wahr?“
1416 2221 3094 2367 Eduard nickte. Er fühlte eine plötz-
1229 2387 2264 2551 liche Aufgeräumtheit.-
1424 2538 3230 2697 Sie plauderte weiter. “Dass mich Einer
1237 2664 3212 2835 anredet, is mir schon lang nicht passiert.
2039 2776 2198 2881 aber
1232 2840 3227 3033 Freilich, Es ist auch eine Seltenheit, dass
1181 3007 3237 3179 ich so allein auf der Strasse geh' am Abend;
1181 3155 3073 3368 bei Tag freilich, da ist es was Anderes,
