3592 4232
2961 420 3094 581 29
1158 843 3040 1048 doch es war, als zöge ihn das Weib immer
1194 1022 3138 1199 weiter mit sich fort. Sie bog in die Woll-
1140 1224 3084 1352 zeile ein, dann in eine Seitengasse; hier
1158 1404 3114 1524 verschwand sie in einem der ersten Häuser,
1142 1552 3171 1672 ohne sich einmal umgewandt zu haben. Eduard
1153 1665 3099 1795 blieb eine Weile vor dem Tor stehen. Bald
1150 1849 3071 2011 wurde im dritten Stock ein Fenster geöff-
1140 1962 3199 2141 net, an dem eine weibliche Gestalt erschien.
1142 2162 3189 2300 Es war die Frau, der er gefolgt war; ihr Ge-
1145 2280 3153 2438 sicht konnte er in der Dunkelheit nicht se-
1135 2410 3163 2612 hen, doch die Bewegung ihres Kopfes verriet
1137 2597 3186 2753 ihm, dass sie nach oben schaute. Dann stütz-
1155 2728 3214 2928 te sie den Ellbogen auf das Fensterbrett und
1186 2866 3081 3050 wandte den Kopf nach unten. Eduard eilte
1181 3043 3117 3212 davon, denn er wollte nicht bemerkt sein.
1132 3214 3050 3373 Aber während er durch die Strassen eilte,
