3464 4328
3007 358 3135 510 55
1178 820 3123 1001 aus, so laut er konnte: “Mörder!“ Mörder!"
1178 989 3113 1160 Er sah, wie zwei Männer, die eben vorüber-
1178 1148 3095 1302 gingen, zu ihm heraufblickten, am Fenster
1186 1329 3047 1491 gegenüber erschien eine Frau, er merkte,
1206 1445 3168 1614 dass man von der Strasse aus nach oben deu-
1206 1592 3166 1758 tete und Leute zusammenliefen, kund er sah
1198 1766 3191 1917 aus dem Tor des Hauses eine dicke Weibsper-
1198 1920 3221 2094 son treten, die heraufschaute. Dann entfern-
1206 2068 3135 2237 te er sich vom Fenster, setzte sich ruhig
1208 2237 3153 2384 auf einen Sessel an dem Tisch mit der grü-
1203 2417 3201 2522 nen Decke und blickte in das Zimmer hinein.
1153 2558 3181 2770 Wie sonderbar, er konnte sie nun gar nicht
1264 2651 3229 2876 sehen, das Bettgestell verbarg sie ihm. Da
1266 2861 3151 3060 stand er auf, trat näher und blickte den
1216 3017 3176 3226 Leichnam an. Es musste doch ganz gut sein,
1231 3181 3118 3340 was er getan. Denn wie er jetzt an seine
