3544 4344
3028 379 3145 550 39
1204 797 3194 1061 nicht wahr? Bei Tag hat man doch immer was
1212 991 2182 1147 in der Stadt zu tun.
1443 1137 3192 1342 Der Klang dieser Frau enstimme tat ihm
1214 1295 3184 1510 wohl. Als sie jetzt schwieg, fiel ihm ein,
1209 1458 3161 1622 dass er doch auch etwas reden musste, und
1212 1601 3239 1811 er sagte: “Ja, wenn’s bei Tag nur nicht gar
1212 1746 3239 1983 so heiss wäre; im Zimmer ist es noch am bes-
1212 1928 3106 2123 ten." Er freute sich, dass er so gewandt
1259 2076 3254 2260 sprechen konnte; er hatte es nicht gehofft.
1464 2242 3060 2439 "Da haben Sie schon Recht. Und gar
1209 2364 3093 2600 dort, wo ich wohne. Na, Sie wissen ja...
1201 2525 3200 2758 Dabei lächelte sie freundlich.... "da kommt
1191 2665 3277 2899 nie eine Sonn' hin. Wirklich, ich muss schon
1209 2834 3236 3070 sagen, wenn ich so zu Mittag am Ring hinaus
1201 3008 3072 3259 geh', es is grad, wie wenn man in einen
1251 3140 1944 3376 Glutofen käm'.
