3576 4296
3115 330 3242 533 36
1214 856 3163 1046 folgte ihr. Es war ihm, als müsste er sie
1219 1013 3245 1183 mit dem Namen der Toten anrufen. Hr ging so
1231 1158 3171 1351 rasch, dass er unversehens nahe neben sie
1229 1320 3212 1546 gekommen war. Sie wandte den Kopf nach ihm
1236 1531 3260 1676 und lächelte, als könnte sie sich seiner er
1234 1683 3262 1808 innern; dann aber schritt sie nur schneller
1292 1843 2993 1955 vorwärts. Er folgte ihr wie in einem
1229 1975 3270 2107 Rausch. Nun gab er sich vollkommen dem Wahn
1252 2133 3267 2277 gefangen, dass es die Tote wäre; er kämpfte
1241 2280 3275 2422 nicht mehr dagegen an. Seine Augen hafteten
1262 2419 3201 2602 gebannt an ihrem Nacken. Er flüsterte den
1254 2564 3227 2747 Namen der Toten, flüsterte ihn noch einmal
1249 2714 3206 2881 lauter, er sprach ihn aus... "Therese"...
1541 2861 3229 3031 Sie blieb stehen. Er war neben ihr,
1264 3054 3184 3204 ganz erschrocken. Sie schaute ihm ins Ge-
1269 3201 3217 3341 sicht, schüttelte den Kopf, erstaunt, und
