3560 4312
3044 390 3186 521 45
1182 841 3212 1053 müssen Sie gehen.“ Sie entzog ihm die Hand,
1200 1001 3186 1195 die er noch immer in der seinen hatte, und
1249 1174 2376 1347 eilte die Treppe hinauf.
1437 1264 3197 1514 Am nächsten Morgen erwachte Eduard mit
1210 1432 3197 1662 einem festen Entschluss, der ihm wol in ei-
1197 1584 3274 1811 nem Traume gekommen sein musste und ihn voll
1213 1744 3171 1971 kommen ruhig machte: er wollte heute Nach-
1200 1891 3122 2128 mittag diese Person wiedersehen, aber es
1218 2103 3274 2286 sollte auch die letzte Lust sein, die er auf
1213 2198 3173 2428 Erden erlebte; er wollte sich von ihr und
1254 2376 3228 2549 zugleich von allen Freuden der Welt verab-
1228 2508 3271 2722 schieden. Der flüchtige Einfall von neulich,
1262 2678 3176 2859 in ein Kloster einzutreten, erschien ihm
1228 2828 3259 3019 wie die einzige Lösung aller dieser Wirrnis
1259 2962 3189 3204 und Angst, und er überlegte im Laufe des
1233 3117 3135 3333 Tages ernstlich alle Schritte, die er zu
