3544 4312
2993 329 3109 437 41
1126 805 3171 927 gen Mannes sei, der jetzt mit seinen Eltern
1134 966 3132 1072 aufs Land gegangen war und erst in einigen
1129 1134 3210 1240 Wohen wieder zurückkommen sollte. "Sonst ist
1139 1289 3122 1403 er immer um sieben Uhr abends bei mir; das
1134 1429 2946 1584 bin ich so gewöhnt, dass ich gar nicht
1180 1577 3158 1696 weiss, was ich mit der Zeit anfangen soll,
1142 1740 3138 1851 wenn er nicht da ist. Sonst geht natürlich
1144 1890 3135 2011 er immer mit mir spazieren, jetzt muss ich
1186 2032 3192 2164 allein herumlaufen. Er weiss gar nichts da-
1147 2193 3145 2312 von. O, er dürft' auch nichts davon wissen
1209 2369 3200 2490 er ist ja so eifersüchtig! Aber bitt' Sie,
1144 2488 3070 2646 das kann er doch nicht von mir verlangen,
1149 2672 3091 2778 dass ich an den schönen Abenden im Zimmer
1201 2827 2320 2938 sitz' - no, nicht wahr?"
1380 2949 3192 3081 Er nickte. Sie fuhr fort: “Da red' ich
1149 3153 3228 3324 allewil mit Ihnen, das sollt' ich doch schon
