3592 4216
3048 397 3191 556 19
1201 863 2436 1053 Schlimmes stehe ihm bevor.
1429 1048 3253 1186 Mit allen Kräften mühte er sich in den
1196 1209 3176 1332 nächsten Tagen, neue Ordnung für seine Ge-
1209 1368 3245 1519 danken, irgend einen Inhalt für sein Dasein
1206 1516 3109 1642 zu finden; denn er sah ein, dass er sich
1209 1670 3199 1790 seinem Schmerz nicht so willenlos hingeben
1232 1826 3217 1982 durfte, wenn er fähig sein wollte weiterzu-
1263 1967 3222 2121 leben. Er versuchte, sich die Zeit ins Ge-
1235 2139 3107 2251 dächtnis zurückzurufen, da er seine Frau
1214 2303 3176 2431 noch nicht gekannt hatte. Aber nun schien
1235 2420 3227 2610 es ihm, als wäre das nur ein Traumleben ge-
1232 2546 3214 2735 wesen, ohne irgend eine Freude, ja beinahe
1237 2723 3120 2902 ohne rechtes Bewusstsein. Einmal nahm er
1229 2917 3125 3084 seine Geige wieder aus dem Skhrank, aber
1245 3020 3307 3222 schon die ersten Töne, die er mit zitterndem
1240 3227 3289 3399 Bogen aus den Saiten strich, jagten tausend
