3528 4312
2948 276 3071 498 43
1127 800 3071 999 ein leises Mistrauen sich in ihm zu regen,
1152 991 3140 1140 als hätte dieses Weib seiner Frau etwas ge¬
1104 1124 3040 1285 nommen, als lebte sie nur davon, dass die
1119 1272 3081 1459 Andere nicht mehr leben durfte. Er fühlte,
1124 1433 2915 1638 dass hier eine Macht über ihn ausgeübt
1119 1564 3138 1753 wurde, zu der es kein Recht gab und von der
1168 1740 3112 1916 er sich befreien wollte. Wer war denn die-
1129 1924 3122 2064 se Person?... Eine Frau wie tausend andere,
1129 2039 3112 2223 die ihn gar nichts anging, die Geliebte ei-
1127 2179 3117 2374 nes jungen Mannes, der jetzt mit seinen EI-
1183 2348 3102 2552 tern auf dem Lande wohnte, und vorher wol
1140 2519 3092 2706 die Geliebte von zehn oder hundert Andern.
1134 2667 3186 2833 Er bekam eine wahre Lust, ihr zu drohen, wie
1129 2826 3120 2997 Jemandem, der sich etwas anmaasst, der ihm
1132 2943 3166 3148 nicht zu kommt. Es war ihm, als hätte er Ei-
1134 3122 3191 3352 ne zu verteidigen, die selbst nicht mehr da-
