3608 4136
1344 820 3320 1050 Freunde sonderbar, gewissermaassen misbil-
1299 996 3258 1167 ligend betrachtet/ hätten, und er schämte
1307 1191 1580 1341 sich.
1551 1292 3333 1473 An einem Sonntagnachmittag ging er al-
1307 1481 3234 1642 lein im Dornbacher Park spazieren. Schon
1370 1629 3406 1787 standen die Bäume grün und dichtbel aubt und
1336 1774 3390 1940 die Wiesen glänzten in hellen bunten Farben,
1382 1930 3364 2116 Alle Wege waren von Spaziergängern belebt,
1336 2104 3387 2241 Kinder spielten und liefen, Männer und Frau-
1354 2244 3299 2404 en lagerten am Waldesrand und junge Paare
1354 2389 3299 2547 sassen auf Bänken, schlenderten längs der
1367 2578 3393 2734 Wiesen, stiegen die Hügel hinan. Ueber Laub
1351 2718 3338 2861 und Blumen schien der mattblaue Frühlings-
1357 2848 3442 3042 himmel zu zittern und sich zu wiegen. Eduard
1419 3017 3356 3188 glaubte heut zum ersten Mal zu verstehen,
1388 3170 3380 3369 wie einsam er war. Er wusste nicht, wie er
