3544 4296
2973 411 3091 579 37.
1119 864 3042 1015 schickte sich an weiterzugehen. Mit halb-
1117 1084 3103 1183 erstickter Stimme sagte er: "Ich bitte Sie
1173 1224 3175 1352 .... ich bitte Sie....“ Sie antwortete ganz
1122 1357 3009 1502 sanst: „Was wollen Sie denn?“ Es war eine
1117 1510 3152 1665 ganz fremde Stimme. Wenn er sich später die-
1127 1701 3070 1823 ses Moments erinnerte, sah er sich selbst
1165 1836 3149 1961 immer um viele Jahre jünger, bartlos, fast
1122 1992 3103 2175 wie ein Kind, denn sie schaute ihn an, wie
1117 2139 2963 2259 man Kinder ansteht, die einem gefallen.
1346 2326 3060 2438 Sie sprach weiter: "Woher kennen Sie
1117 2425 3070 2606 mich denn? Woher wissen Sie denn, wie ich
1150 2626 1545 2805 heisse?"
1303 2693 3154 2892 Es kam ihm gar nicht sonderbar vor, dass
1122 2935 3101 3063 sie wirklich so hiess wie die Verstorbene.
1119 3093 3170 3287 Er sagte: "Ich habe Sie schon gestern... ge¬
1127 3244 1443 3435 sehen.
