<?xml version="1.0" encoding="UTF-8" standalone="yes"?>
<PcGts xmlns="http://schema.primaresearch.org/PAGE/gts/pagecontent/2013-07-15" xmlns:xsi="http://www.w3.org/2001/XMLSchema-instance" xsi:schemaLocation="http://schema.primaresearch.org/PAGE/gts/pagecontent/2013-07-15 http://schema.primaresearch.org/PAGE/gts/pagecontent/2013-07-15/pagecontent.xsd">
    <Metadata>
        <Creator>prov=READ-COOP:name=TrHtr:version=2.1.0:model_id=51170:date=14_08_2023_17:58</Creator>
        <Created>2023-05-10T14:40:20.063+02:00</Created>
        <LastChange>2023-08-14T17:58:21.910+02:00</LastChange>
        <TranskribusMetadata docId="1428645" pageId="55422961" pageNr="7" tsid="132819774" status="IN_PROGRESS" userId="64420" imgUrl="https://files.transkribus.eu/Get?id=SEZFIQBWMTIXYIQEQELUARHK&amp;fileType=view" xmlUrl="https://files.transkribus.eu/Get?id=UVWWHIYLKJVMVLRJSWQDRFCE" imageId="44697040"/>
    </Metadata>
    <Page imageFilename="1428645_0007.jpg" imageWidth="3528" imageHeight="4136">
        <ReadingOrder>
            <OrderedGroup id="ro_1711815290632" caption="Regions reading order">
                <RegionRefIndexed index="0" regionRef="tr_1"/>
            </OrderedGroup>
        </ReadingOrder>
        <TextRegion id="tr_1" custom="readingOrder {index:0;}">
            <Coords points="1133,890 3219,890 3219,3298 1133,3298"/>
            <TextLine id="tr_1_tl_1" custom="readingOrder {index:0;}">
                <Coords points="1148,981 1324,1027 1612,963 3080,976 3028,829 2021,824 1437,896 1148,832"/>
                <Baseline points="1163,942 1208,942 1253,940 1298,942 1342,942 1387,942 1432,945 1477,945 1521,945 1566,945 1611,945 1656,948 1700,948 1745,948 1790,948 1835,948 1880,948 1924,945 1969,948 2014,948 2059,948 2103,948 2148,948 2193,945 2238,948 2282,948 2327,948 2372,948 2417,948 2461,948 2506,948 2551,948 2596,948 2640,951 2685,951 2730,951 2775,954 2820,954 2864,957 2909,954 2954,954 2999,954 3043,954 3085,957"/>
                <TextEquiv>
                    <Unicode>lachte ihn aus, wenn er eifersüchtig war.</Unicode>
                </TextEquiv>
            </TextLine>
            <TextLine id="tr_1_tl_2" custom="readingOrder {index:1;}">
                <Coords points="1146,1136 3121,1156 3216,1133 3216,1012 2614,976 1929,1045 1715,986 1146,1045"/>
                <Baseline points="1160,1092 1205,1095 1250,1095 1295,1095 1339,1095 1384,1098 1429,1098 1474,1098 1518,1098 1563,1095 1608,1095 1653,1098 1697,1098 1742,1098 1787,1098 1832,1098 1877,1098 1921,1101 1966,1101 2011,1098 2056,1101 2100,1098 2145,1098 2190,1098 2235,1098 2279,1101 2324,1101 2369,1101 2414,1101 2458,1101 2503,1104 2548,1104 2593,1104 2637,1104 2682,1104 2727,1104 2772,1107 2817,1107 2861,1107 2906,1107 2951,1107 2996,1107 3040,1107 3085,1107 3130,1107 3175,1107 3219,1107"/>
                <TextEquiv>
                    <Unicode>Er war manchmal so verzweifelt, dass er sich</Unicode>
                </TextEquiv>
            </TextLine>
            <TextLine id="tr_1_tl_3" custom="readingOrder {index:2;}">
                <Coords points="1143,1329 1388,1275 1733,1342 1831,1288 3018,1308 3126,1290 3126,1169 1143,1197"/>
                <Baseline points="1157,1247 1202,1250 1247,1250 1292,1250 1336,1250 1381,1250 1426,1250 1471,1250 1515,1250 1560,1250 1605,1250 1650,1250 1694,1253 1739,1253 1784,1253 1829,1250 1874,1250 1918,1253 1963,1253 2008,1253 2053,1253 2097,1253 2142,1256 2187,1253 2232,1256 2276,1256 2321,1253 2366,1256 2411,1256 2455,1256 2500,1256 2545,1256 2590,1259 2634,1259 2679,1259 2724,1259 2769,1259 2814,1259 2858,1259 2903,1259 2948,1259 2993,1259 3037,1259 3082,1262 3127,1262 3133,1259"/>
                <TextEquiv>
                    <Unicode>und sie umbringen wollte. Nach kurzer Zeit</Unicode>
                </TextEquiv>
            </TextLine>
            <TextLine id="tr_1_tl_4" custom="readingOrder {index:3;}">
                <Coords points="1197,1460 3108,1437 3134,1280 2817,1349 1197,1362"/>
                <Baseline points="1211,1399 1256,1402 1301,1402 1345,1405 1390,1405 1435,1405 1480,1405 1524,1405 1569,1405 1614,1405 1659,1405 1703,1405 1748,1405 1793,1405 1838,1405 1882,1405 1927,1408 1972,1408 2017,1408 2062,1408 2106,1408 2151,1408 2196,1411 2241,1411 2285,1411 2330,1411 2375,1411 2420,1411 2464,1411 2509,1411 2554,1411 2599,1411 2643,1411 2688,1411 2733,1411 2778,1414 2822,1414 2867,1417 2912,1414 2957,1417 3002,1417 3046,1414 3091,1414 3136,1420 3139,1420"/>
                <TextEquiv>
                    <Unicode>wurde ihr Gatte in eine Provinzhauptstadt</Unicode>
                </TextEquiv>
            </TextLine>
            <TextLine id="tr_1_tl_5" custom="readingOrder {index:4;}">
                <Coords points="1159,1604 3129,1625 3129,1483 3057,1465 1357,1514 1159,1463"/>
                <Baseline points="1172,1554 1217,1554 1262,1554 1307,1554 1351,1557 1396,1557 1441,1557 1486,1563 1530,1563 1575,1566 1620,1566 1665,1563 1709,1563 1754,1560 1799,1563 1844,1560 1888,1560 1933,1563 1978,1563 2023,1563 2068,1566 2112,1566 2157,1566 2202,1566 2247,1566 2291,1566 2336,1566 2381,1566 2426,1566 2470,1566 2515,1566 2560,1566 2605,1566 2649,1566 2694,1569 2739,1569 2784,1572 2828,1572 2873,1572 2918,1569 2963,1572 3008,1572 3052,1572 3097,1575 3136,1572"/>
                <TextEquiv>
                    <Unicode>versetzt, und er war eigentlich froh, dass</Unicode>
                </TextEquiv>
            </TextLine>
            <TextLine id="tr_1_tl_6" custom="readingOrder {index:5;}">
                <Coords points="1151,1730 1452,1790 2366,1730 3203,1790 3183,1633 1151,1645"/>
                <Baseline points="1166,1712 1211,1709 1256,1712 1301,1712 1345,1712 1390,1712 1435,1712 1480,1712 1524,1715 1569,1715 1614,1715 1659,1715 1703,1715 1748,1715 1793,1715 1838,1715 1882,1715 1927,1715 1972,1718 2017,1718 2062,1718 2106,1718 2151,1718 2196,1721 2241,1721 2285,1721 2330,1721 2375,1718 2420,1718 2464,1721 2509,1718 2554,1721 2599,1721 2643,1721 2688,1721 2733,1724 2778,1724 2822,1727 2867,1730 2912,1730 2957,1727 3002,1727 3046,1727 3091,1727 3136,1727 3181,1727 3210,1727"/>
                <TextEquiv>
                    <Unicode>alle diese Aufregungen vorbei waren, und auf</Unicode>
                </TextEquiv>
            </TextLine>
            <TextLine id="tr_1_tl_7" custom="readingOrder {index:6;}">
                <Coords points="1187,1903 3121,1929 3183,1918 3183,1779 1187,1826"/>
                <Baseline points="1202,1868 1247,1865 1292,1865 1336,1868 1381,1868 1426,1868 1471,1868 1515,1868 1560,1868 1605,1868 1650,1868 1694,1868 1739,1868 1784,1871 1829,1871 1874,1871 1918,1874 1963,1874 2008,1874 2053,1874 2097,1874 2142,1874 2187,1874 2232,1874 2276,1877 2321,1874 2366,1874 2411,1874 2455,1874 2500,1874 2545,1877 2590,1877 2634,1877 2679,1877 2724,1880 2769,1880 2814,1880 2858,1882 2903,1882 2948,1880 2993,1880 3037,1880 3082,1882 3127,1882 3172,1882 3190,1885"/>
                <TextEquiv>
                    <Unicode>atmend kehrte er zu seiner früheren Lebens-</Unicode>
                </TextEquiv>
            </TextLine>
            <TextLine id="tr_1_tl_8" custom="readingOrder {index:7;}">
                <Coords points="1151,2063 1187,2047 1259,2081 1342,2083 1442,2052 1517,2081 1591,2060 1681,2083 1779,2052 1779,1965 1759,1957 1609,1944 1568,1967 1455,1942 1424,1962 1308,1944 1233,1972 1151,1965"/>
                <Baseline points="1166,2017 1211,2020 1256,2020 1301,2020 1345,2020 1390,2023 1435,2023 1480,2023 1524,2020 1569,2020 1614,2023 1659,2023 1703,2023 1748,2020 1784,2026"/>
                <TextEquiv>
                    <Unicode>weise zurück.</Unicode>
                </TextEquiv>
            </TextLine>
            <TextLine id="tr_1_tl_9" custom="readingOrder {index:8;}">
                <Coords points="1383,2245 3136,2217 3136,2099 3072,2075 2673,2117 1985,2070 1921,2135 1383,2091"/>
                <Baseline points="1396,2178 1441,2178 1486,2178 1530,2178 1575,2178 1620,2178 1665,2178 1709,2178 1754,2178 1799,2181 1844,2181 1888,2181 1933,2181 1978,2184 2023,2184 2068,2184 2112,2184 2157,2187 2202,2187 2247,2187 2291,2184 2336,2187 2381,2187 2426,2187 2470,2187 2515,2190 2560,2187 2605,2187 2649,2190 2694,2190 2739,2190 2784,2190 2828,2193 2873,2190 2918,2190 2963,2190 3008,2190 3052,2193 3097,2193 3142,2190"/>
                <TextEquiv>
                    <Unicode>Vier Jahre später lernte er in der Fa-</Unicode>
                </TextEquiv>
            </TextLine>
            <TextLine id="tr_1_tl_10" custom="readingOrder {index:9;}">
                <Coords points="1133,2343 3165,2392 3203,2243 2585,2274 2346,2217 1823,2292 1617,2225 1133,2289"/>
                <Baseline points="1148,2330 1193,2330 1238,2330 1283,2333 1327,2333 1372,2336 1417,2339 1462,2336 1506,2336 1551,2339 1596,2336 1641,2336 1686,2336 1730,2336 1775,2336 1820,2336 1865,2336 1909,2339 1954,2339 1999,2336 2044,2339 2088,2339 2133,2339 2178,2342 2223,2342 2267,2339 2312,2339 2357,2342 2402,2342 2446,2342 2491,2342 2536,2342 2581,2342 2626,2339 2670,2342 2715,2342 2760,2342 2805,2342 2849,2345 2894,2348 2939,2348 2984,2354 3028,2357 3073,2351 3118,2351 3163,2348 3207,2348"/>
                <TextEquiv>
                    <Unicode>milie, bei der er als Zimmerherr wohnte, ein</Unicode>
                </TextEquiv>
            </TextLine>
            <TextLine id="tr_1_tl_11" custom="readingOrder {index:10;}">
                <Coords points="1133,2500 1535,2570 2469,2505 3087,2552 3126,2379 1133,2436"/>
                <Baseline points="1148,2482 1193,2485 1238,2485 1283,2485 1327,2485 1372,2488 1417,2488 1462,2491 1506,2494 1551,2494 1596,2494 1641,2500 1686,2497 1730,2494 1775,2494 1820,2494 1865,2497 1909,2497 1954,2497 1999,2497 2044,2497 2088,2497 2133,2497 2178,2497 2223,2497 2267,2497 2312,2497 2357,2497 2402,2494 2446,2497 2491,2497 2536,2500 2581,2500 2626,2500 2670,2500 2715,2503 2760,2503 2805,2503 2849,2503 2894,2506 2939,2506 2984,2503 3028,2506 3073,2506 3118,2503 3130,2506"/>
                <TextEquiv>
                    <Unicode>Mädchen von stiller Art kennen, das</Unicode>
                </TextEquiv>
            </TextLine>
            <TextLine id="tr_1_tl_12" custom="readingOrder {index:11;}">
                <Coords points="1179,2642 1599,2735 1797,2675 3172,2683 3172,2562 3046,2536 1179,2583"/>
                <Baseline points="1193,2640 1238,2640 1283,2640 1327,2643 1372,2643 1417,2643 1462,2643 1506,2646 1551,2643 1596,2646 1641,2646 1686,2646 1730,2646 1775,2649 1820,2652 1865,2649 1909,2646 1954,2646 1999,2646 2044,2649 2088,2649 2133,2649 2178,2649 2223,2652 2267,2652 2312,2652 2357,2652 2402,2652 2446,2652 2491,2652 2536,2652 2581,2655 2626,2655 2670,2655 2715,2655 2760,2655 2805,2655 2849,2658 2894,2658 2939,2661 2984,2661 3028,2661 3073,2661 3118,2661 3163,2667 3175,2664"/>
                <TextEquiv>
                    <Unicode>seinen Bräutigam vor zwei Jahren durch den</Unicode>
                </TextEquiv>
            </TextLine>
            <TextLine id="tr_1_tl_13" custom="readingOrder {index:12;}">
                <Coords points="1136,2809 1633,2863 3162,2832 3126,2709 1136,2709"/>
                <Baseline points="1151,2793 1196,2796 1241,2793 1286,2796 1330,2796 1375,2796 1420,2796 1465,2799 1509,2799 1554,2799 1599,2799 1644,2799 1689,2799 1733,2802 1778,2802 1823,2802 1868,2802 1912,2805 1957,2805 2002,2805 2047,2805 2091,2805 2136,2805 2181,2805 2226,2805 2270,2808 2315,2808 2360,2808 2405,2808 2449,2811 2494,2811 2539,2811 2584,2814 2629,2814 2673,2814 2718,2814 2763,2814 2808,2814 2852,2814 2897,2817 2942,2814 2987,2817 3031,2817 3076,2820 3121,2820 3166,2822 3169,2820"/>
                <TextEquiv>
                    <Unicode>Tod verloren hatte. Er war von ihrem ganzen</Unicode>
                </TextEquiv>
            </TextLine>
            <TextLine id="tr_1_tl_14" custom="readingOrder {index:13;}">
                <Coords points="1136,3005 2451,2966 2941,3015 3046,2997 3046,2838 2575,2920 1136,2853"/>
                <Baseline points="1151,2945 1196,2948 1241,2951 1286,2954 1330,2954 1375,2954 1420,2957 1465,2957 1509,2957 1554,2957 1599,2957 1644,2957 1689,2957 1733,2957 1778,2957 1823,2960 1868,2960 1912,2960 1957,2960 2002,2960 2047,2960 2091,2960 2136,2963 2181,2963 2226,2963 2270,2963 2315,2963 2360,2963 2405,2963 2449,2963 2494,2963 2539,2966 2584,2966 2629,2966 2673,2966 2718,2969 2763,2969 2808,2972 2852,2972 2897,2969 2942,2972 2987,2975 3031,2978 3052,2981"/>
                <TextEquiv>
                    <Unicode>Wesen in einer seltsamen Weise ergriffen,</Unicode>
                </TextEquiv>
            </TextLine>
            <TextLine id="tr_1_tl_15" custom="readingOrder {index:14;}">
                <Coords points="1118,3172 1246,3123 1517,3172 1944,3116 3103,3139 3103,3044 2979,3020 1942,3082 1457,3008 1118,3041"/>
                <Baseline points="1133,3109 1178,3109 1223,3109 1268,3109 1313,3109 1357,3112 1402,3112 1447,3112 1492,3112 1536,3112 1581,3112 1626,3112 1671,3115 1715,3115 1760,3112 1805,3115 1850,3115 1894,3118 1939,3118 1984,3121 2029,3121 2073,3121 2118,3121 2163,3118 2208,3121 2253,3121 2297,3121 2342,3124 2387,3121 2432,3121 2476,3124 2521,3124 2566,3124 2611,3124 2655,3127 2700,3127 2745,3127 2790,3127 2834,3127 2879,3124 2924,3127 2969,3127 3013,3127 3058,3124 3103,3121 3109,3118"/>
                <TextEquiv>
                    <Unicode>und gerne dachte er jetzt an jenes Jugend-</Unicode>
                </TextEquiv>
            </TextLine>
            <TextLine id="tr_1_tl_16" custom="readingOrder {index:15;}">
                <Coords points="1128,3329 1455,3273 1656,3376 1978,3329 2140,3389 2392,3293 3018,3327 3062,3165 2711,3226 2580,3178 1931,3237 1736,3149 1128,3196"/>
                <Baseline points="1142,3267 1187,3264 1232,3264 1277,3264 1321,3267 1366,3267 1411,3267 1456,3267 1501,3267 1545,3270 1590,3270 1635,3270 1680,3270 1724,3270 1769,3270 1814,3273 1859,3273 1903,3273 1948,3276 1993,3276 2038,3276 2082,3276 2127,3279 2172,3279 2217,3279 2261,3276 2306,3276 2351,3276 2396,3276 2441,3279 2485,3276 2530,3276 2575,3279 2620,3282 2664,3282 2709,3282 2754,3282 2799,3285 2843,3285 2888,3288 2933,3288 2978,3288 3022,3285 3067,3285"/>
                <TextEquiv>
                    <Unicode>abenteuer zurück, um in der Erinnerung zu</Unicode>
                </TextEquiv>
            </TextLine>
        </TextRegion>
    </Page>
</PcGts>
