3560 4152
1196 788 3258 1049 Gewöhnlich an einen Frühjahrssonntag machten
1189 984 3132 1170 sie sich auf die Suche nach einem stillen
1191 1139 3250 1338 Ort in waldiger Gegend, wo man ungestört und
1194 1315 3222 1499 wohlfeil leben konnte. Und dort verb rachten
1238 1465 3093 1661 sie zusammen den Urlaub. Da machten sie
1227 1617 3121 1816 lange Spaziergänge, Arm an Arm gepresst,
1194 1767 3225 1948 unter hohen schweigenden Bäumen, deren Laub
1207 1935 3178 2108 die Mittagssonne kaum durchdringen konnte;
1207 2080 3279 2266 abends ruhten sie auf leichtgeneigten Wiesen
1207 2243 2718 2434 Wange an Wange und Hand in Hand.
1382 2398 3126 2563 Eduard war glücklich. Die Zukunft er-
1212 2532 3240 2703 schien ihm nie unter einen anderen Bild als
1214 2721 3243 2865 dem eines ungestörten Miteinanderlebens, die
1207 2855 3222 3020 linde Wehmut des Alters lag noch weit, und
1212 3028 3256 3186 niemals dachte er an ein Ende. Sie waren sie
1204 3147 3263 3346 nach siebenjähriger Ehe ein Paar von Lieben-
1263 3346 1480 3498 den.
