3464 4328
3004 413 3139 541 52
1155 831 3047 1030 Er erhob sich rasch und geräuschlos; sie
1165 1023 3129 1127 regte sich nicht, schien zu schlafen. Dann
1165 1158 3208 1313 stand er vor ihr neben dem Bette. Sein Blick
1168 1364 3142 1484 verfolgte die Linien ihres Halses... Und das
1165 1492 3101 1596 durfte sein, dass seine wirkliche Therese
1170 1663 3139 1752 tot im Sarge läge und dass ihr das Fleisch
1168 1775 3177 1930 von den Knochen fiele,- und eine Andere darr
1163 1974 3121 2078 te leben und lächeln und ihm alle Lust ge-
1163 2099 3017 2241 ben, ganz so wie Jene es getan, mit dem
1206 2257 3157 2394 gleichen Duft, mit den gleichen Vonnen!...
1160 2402 3052 2570 Jetzt regte sie sich wieder geradeso wie
1178 2547 3180 2698 Therese sich im Schlummer gestreckt und ge-
1173 2713 3200 2869 dehnt. Nun schlug sie die Augen auf, gerade-
1176 2869 3190 2999 so wie Therese; jetzt zuckte es um ihre Lip-
1234 3060 3203 3185 pen: geradeso hatten sich Theresens Lippen
1173 3159 3226 3356 bewegt. Und nun - ja nun öffnete sie gar die
