3544 4344
2988 295 3119 469 40
1385 703 3057 944 Darauf erzählte er von der Hitze in
1165 918 3147 1131 seinem Bureau und von seinen Kollegen, die
1162 1064 3147 1252 manchmal über der Arbeit einschliefen. Sie
1216 1226 3211 1413 lachte und er redete weiter, mit einer Art
1193 1375 3252 1567 Freude an seinen eigenen Worten und an ihrem
1200 1536 3183 1731 Zuhören. Er erzählte harmlos, wie er seine
1213 1690 3263 1880 Tage verbrachte, von seinen Arbeiten und von
1216 1826 3193 2026 seinen Spaziergängen. Auch dass er seit ei
1216 2014 3211 2183 niger Zeit verwitwet sei, teilte er ihr ru-
1213 2157 3278 2332 hig mit. Und er wusste zugleich, dass er das
1234 2319 3242 2498 Wort bis heute mit Bezug auf sich noch nie-
1236 2480 3183 2678 mals ausgesprochen. Es tat ihm wohl, dass
1252 2616 3196 2798 seine Begleiterin ihn mit einem Blick des
1295 2822 2067 2981 Bedauerns ansah.
1485 2914 3304 3116 Nun b richtete sie von sich. Eduard er¬
1265 3081 3278 3270 fuhr, dass sie die Geliebte eines sehr jun-
