3576 4136
3041 292 3187 440 15
1188 786 3039 1014 sie in blassilberne Dünste zu versinken
1196 947 3123 1175 schien. Er stand lange da und wurde immer
1206 1111 3185 1334 ruhiger. Ueber der Landstrasse, die er bis
1270 1252 3095 1469 tief ins Tal hinunter verfolgen konnte,
1270 1388 3236 1638 flogen leichte niedrige Staubwölkchen hin.
1234 1536 3295 1779 Allerlei Laute, Stimmen, Rufe, Lachen tönten
1295 1702 3213 1933 kurz, wie vom Wind zerrissen, zu ihm her.
1528 1874 3049 2084 Er schlug den Rückweg ein, nicht
1318 2035 3197 2250 durch den Wald, sondern auf der breiten,
1280 2168 3323 2432 vielfach gewundenen Fahrstrasse. Von Zeit zu
1277 2319 3210 2552 Zeit blieb er stehen und atmete tief auf,
1293 2468 3331 2688 als wäre ihm von irgendwoher unvermutet und
1341 2662 3305 2870 unbegreiflich ein Trost gekommen. Die Däm-
1300 2811 3264 3005 merung brach rasch herein, während Eduard
1311 2941 3354 3182 zu Tal schritt. An hübschen Landhäusern vor
1341 3095 3320 3336 bei, allmälig wieder im Strom der Menschen
