3544 4200
1368 1003 3046 1221 Der fürchterliche Winter war vorbei.
1140 1166 3122 1350 Als Eduard zum ersten Male das Fenster off
1138 1368 3030 1518 lassen konnte, die ersten Lüfte des Früh
1145 1515 3152 1680 lings in sein Zimmer drangen und der dumpfe
1181 1657 3132 1847 Lärm der Strasse zu ihm herauftönte, began
1158 1842 3104 1997 er zu fühlen, dass das Leben für ihn noch
1145 1959 3129 2123 nicht zu Ende sei. Von jetzt an verbrachte
1163 2121 3155 2288 er an jedem Nachmittag, wenn er aus dem Bu-
1196 2245 3190 2422 reau nach Hause kam, ganze Stunden am offen
1155 2455 3056 2589 nen Fenster. Er rückte sich einen Sessel
1158 2589 3149 2774 hin und nahm ein Buch zur Hand. Aber immer
1163 2749 3198 2932 liess er es bald in den Schooss sinken, und
1216 2899 3137 3091 seine Blicke versanken in den blassen Him-
1163 3061 1758 3258 nel vor ihm.
1404 3185 3205 3426 Seit dem letzten Oktobertag des vorige
