3576 4216
3127 310 3278 446 22
1252 753 3281 1009 sich selbst. Er stellte den Leuchtermit der
1260 927 3255 1119 Kerze auf die Kommode, dann setzte er sich
1273 1104 3204 1283 aufs Bett und entkleidete sich rasch, mit
1276 1240 3181 1445 dem Gefühl, dass er sich unter die Decke
1273 1455 2059 1608 flichten müsste.
1521 1544 3299 1731 Am nächsten Morgen aber wachte er fri-
1291 1688 3301 1918 scher auf als seit langer Zeit, Nicht sein
1355 1839 3340 2046 angstvoller Zustand von gestern Abend fiel
1309 1988 3368 2223 ihm vor allem ein, sondern jener Spaziergang
1324 2187 3307 2344 auf die Sophienalpe, seit welchem mehr als
1337 2333 3325 2525 eine Woche verflossen war, und der ihm nun
1332 2451 3345 2661 in der Erinnerung wie ein angenehmes Erleb-
1334 2636 3301 2828 nis erschien. Wie erlösend tauchte der Ge-
1352 2797 3345 2966 danke in ihm auf, dass er ja jeden Nachmit-
1365 2922 3419 3132 tag aufs Land gehen und sich abends in einen
1363 3120 3258 3363 Wirtshausgarten zu heiterer Musik in die
