4920 5876
3912 544 4210 831 66.
3795 806 4113 980 viel)
1617 790 3762 1125 sie auch umgebracht haben. Das ist vielleich
1133 839 1581 1121 sollte er
1153 907 4335 1274 Die Zeitungen des nächsten Tages behandelten den Fall
1121 1145 4141 1504 Kestner mit auffallender Zurückhaltung: die Angelegenheit sei
1121 1323 4278 1641 zwar noch nicht völlig klarge stellt, von einer Flucht könne aber
1125 1484 4278 1798 gewiss nicht die Rede sein, da der Aufenthalt des Advokaten nicht
1129 1686 4149 1980 nur der Familie, sondern auch den Behörden keineswegs unbekannt
1121 1867 4182 2149 sei. Robert schloss daraus, dass die Absicht und Möglichkeit be-
1125 2049 4222 2311 stehe,die Verbindlichkeiten des Abwesenden auf aussergerichtli-
1117 2210 4121 2524 chem Wege zu lösen. Doch fühlte er sich durch diese Vermutung
1125 2403 4145 2714 durchaus nicht so angenehm berührt, als natürlich gewesen wäre.
1702 2593 4145 2823 In zwiespältiger Stimmung begab er sich ins Amt, wo
1113 2706 4190 3008 ihn der Sektionschef, Baron Prantner, sehr freundlich empfing und
3367 2899 3960 3041 Fede Salm
1117 2899 4250 3198 ihn mit der Mitteilung überraschte, dass Hofrat Fagio aus Gesund-
1101 3133 4202 3383 heitsrücksichten zu Beginn des nächsten Jahres in Pension gehen
1109 3323 4335 3617 dürfte. „Sie werden, lieber Herr Sektionsrat“, fügte er hinzu, schon
1113 3468 4266 3742 in nächster Zeit dem Herrn Hofrat einen Teil seiner Agenden abzu-
1105 3653 4182 3924 nehmen haben, und Doktor Renthal, der sich während Ihrer Abwesen-
1093 3815 4190 4133 heit wirklich famos eingearbeitet hat, wird Sie in Ihrem Referat
1101 3980 4133 4278 vorläufig weiter vertreten." Sollte man damit gerechnet haben,
1089 4162 4242 4452 dachte Robert flüchtig, dass ich nicht wiederkomme? Dann fiel ihm
1105 4343 4250 4589 ein, dass Baron Prantner, der in Trauer gekleidet war, in Laufe des
1093 4537 4162 4795 Sommers seine Frau verloren hatte. Obzweifen Robert ihm schon von
1077 4649 4283 5024 der Reise aus sein Beileid kundgegeben hatte, hielt er es doch für
1073 4867 4065 5214 angebracht, auch jetzt einige Worte der Teilnahme zu äussern.
1077 5065 4323 5436 Der Baron drückte ihm die Hand und sah zu Boden. Hm, dachte Robert,
