4712 5620
3834 559 4052 772 124
1062 721 4136 1010 Weise von einer finanziellen Transaktion, die er vorzunehmen ge-
1046 915 4231 1129 sonnen sei. Er steckte das Geld zu sich, nahm eilig das Mittagmahl
1038 1125 4048 1315 in einem kleinen Wirtshaus, das er noch niemals betreten hatte,
1022 1295 4120 1474 und vor zwei Uhr Nachmittags war er in seinem Gasthof. Der Por-
1010 1474 4029 1652 tier teilte ihm mit, dass ein Herr nach ihm gefragt habe, ohne
1034 1628 4147 1818 eine Karte zu hinterlassen. Die oberflächliche Schilderung pass-
1010 1783 4179 1977 te am ehesten auf Anna August Langer; auffallend war, dass in ei-
978 1949 4104 2107 niger Entfernung nach dem Bericht des Portiers ein zweiter Herr
3771 2072 4282 2198 lui treppe
990 2107 4040 2282 in einem Wagen gewartet hatte. War es so weit-? Er eilte hinauf
990 2254 4064 2496 in sein Zimmer. Er zweifelte nicht daran, dass alles vorbereitet
978 2448 4064 2654 war ihn zu vorläufiger Beobachtung in eine Anstalt zu bringen.
967 2646 3961 2840 Damit wäre sein Schicksal natürlich besiegelt. Jedenfalle war
967 2824 3993 3007 es Torheit noch eine Viertelstunde hier länger zu verweilen,wo
963 2983 3934 3173 er seiner Freiheit, vielleicht seines Lebens nicht mehr sicher
943 3129 3914 3351 war. Er musste den Gasthof sofort verlassen wie zu einem Spa-
939 3312 3934 3541 siergang und mit einem früheren Zug abreisen, als er mit Paula
931 3474 4100 3684 verabredet hatte. Er steckte die aller-
919 3680 3957 3799 wichtigsten Papiere zu sich, verschloss seine Schränke und ver-
903 3811 3086 4056 liess das Zimmer sehn Minuten, nachdem er es
3557 4437 4052 4619 décrire au moins de
2226 4587 2424 4825 voir
3767 4571 4025 4833 more
1945 4789 2143 4959 dans son ouvrage
1220 4948 1434 5158 Ioh
1684 4896 2282 5142 es werdender
2353 4825 2721 5150 ohnere
2805 4829 3050 5122 S.A.W.
3359 4916 3625 5138 ßer
