4904 5908
4177 524 4356 819 21
827 677 4048 1035 Abericht dich morgen in deiner Ordinationsstunde heimzusuchen,
1505 948 4364 1234 "Ordinationestunde, -?! Da gehören Zwei dazu, mein Lieber. Da
819 1126 3425 1347 müsste ich dich vor allem ale patienten ansehen."
1521 1305 4335 1521 "Mir fällt nämlich seit einiger Zeit auf",sagte Robert un-
1010 1471 4206 1717 beirrt, dass - mein linker Arm beträchtlich schwächer ist, als mein
998 1604 4293 1841 rechter.“ Der Einfall war ihm im gleichen Augenblick gekommen. “Ja,
993 1771 4281 2082 lach nur, es ist doch so." Er hob langsam seinen linken Arm und liess
985 1908 2544 2149 ungeschickt die Finger spielen.
1571 2028 4273 2361 "Na", meinte Leinbach übertrieben heiter, "pack doch ein-
943 2240 3529 2519 mal mein Handgelenk mit deinem gelahmten linken Arm.
1488 2419 4135 2656 Robert tat so und Leinbach liess ein scherzhaftes "Au'
931 2594 4094 2851 hören. „Und doch“, sagte Robert, „versichers ich dich: heute Früh
914 2743 4160 2976 war mir, als könnte ich den Arm überhaupt nicht rühren; ja, die ganze
906 2947 4169 3159 linke Seite war irgendwie in dieses eigentümliche Gefühl mit einbe-
914 3101 4102 3300 zogen. Ich verspürte auch eine sonderbare Müdigkeit der linken Ge-
881 3238 4177 3470 sichtshälfte und -" er wagte sich immer weiter vor - "das linke Augs
885 3375 4023 3599 konnte ich kaum öfrnen. Zugleich, da er den Blick Leinbache doch
852 3549 4015 3778 mit einer gewissen ärztlichen Schärfe auf sich gerichtet sah,ris
860 3720 3421 3890 er beide Augen weit auf, um sich ja nicht zu verraten.
1446 3890 3969 4094 „Uneinn“,sagte Leinbach, eine Seite ist bekanntlich
819 4044 4094 4256 immer schwächer als die andere. Die sogenannte Symmetrie der beiden
810 4185 4119 4401 Körperhälften ist überhaupt eine Fabel, da weisest du doch. Uebrigens
3200 4347 3849 4447 nicht nach?
806 4335 4052 4593 wo bist du nur zuletzt gewesen? Ja, en Meer, im Süden - das war viel-
794 4530 4131 4738 leicht nicht ganz das Richtige, besonders als Abschluss. Ich an deiner
765 4630 3990 4900 Stelle würde doch, bevor ich mein Amt antrete für ein paar Tage Ge-
765 4817 1804 5012 birgeluft schnappen.“
1451 4988 2190 5170 "Du glaubst -?"
1426 5029 4293 5374 „Nicht etwa, dass ich es für notwendig hielten-keine Idas -
719 5254 1708 5528 Spur.Aber wenn man:
1708 5312 3649 5557 tun kann.”Er seufzte. “Von mir aus
