4760 5832
1943 670 2652 867 dans la foisse
2282 836 2518 946 G.H.F.P.
1084 839 3996 1111 raschen Bewegung warf sie den Kopf nach der Seite und liess
1076 1029 2700 1230 das Gespräch harmlos weitergehen.
2968 1107 3937 1269 xxx gegenüber Platz.
1573 1182 4134 1450 Nachts träumte Robert von der armen Klavierlehrerin,
1052 1324 3894 1529 mit der er seinen letzten Wiener Abend verbracht hatte. Er
2676 1506 2936 1616 him
1052 1478 3937 1742 schritt mit ihr einen Waldenpfad einher, denselben den er in
3835 1596 4134 1766 G.C.H.F.P.
1064 1679 4040 1896 jener Abschiedsstunde mit Alberta gegangen war. Sie hielt die
1025 1837 4059 2065 Hände in den Taschen ihres langen Regenmantels und sehr rasch,
1040 2006 4158 2243 ohne Robert nur anzusehen, sprach sie völlig unverständliche Wor-
997 2191 4036 2396 te ins Leere. Er aber wusste, dass dies eigentlich keinen Spa-
1033 2357 4075 2566 ziergang zu bedeuten hatte, sondern seinen eigenen Lebeneweg, ja
1009 2526 4036 2755 sein allmählig zur Neige gehendes Dasein und diese Erkenntnis
1005 2727 4040 2928 erfüllte ihn mit einer halb lächerlichen,halb ärgerlichen Rüh-
993 2861 4162 3129 rung. Als er erwachte verspürte er in seinem Herzen nur eine un-
997 3062 4067 3311 bestimmte Zärtlichkeit und merkte bald, dass diese Lärtlichtkeit
985 3255 4024 3484 ja all seine Liebe der armen Klavierlehrerin galt,
1005 3429 4016 3646 die noch um so vielmeinsamer war als er. Er erhob sieh,sah sum
981 3583 4012 3803 Fenster hinaus die Scheiben nach einem leichten Nachtfrost wa-
970 3791 3185 4008 ren angelaufen und der Himmel wundersam klar.
1411 3941 3910 4162 Er hatte mit den Damen verabredet, dass sie ihn, der
950 4138 3992 4339 früher aufzubrechen gedachte, auf einer kürslich an-
946 4276 3862 4497 gelegten bequemen Bergetrasse in Vagen einholen sollten. In
958 4458 4067 4678 einer lang nicht erlebten, beinahe beglückten Stimmung, unter hel-
922 4619 4056 4871 lem kühlen Himmel, kräftig, wie nach einem fernen Ziele aussehrei-
3311 4761 3618 4856 hinaus
922 4765 3441 4998 tend, wandelte er die langem ansteigende Strasse von
3559 4800 4012 5017 früs. Frü-
903 4907 3015 5195 her als er vermutet hörte er das Rollen der
