4792 5652
4190 361 4354 554 re 1
2977 302 3145 600 P.
3951 307 4153 613 97
3565 567 4169 806 wie es mit
3271 529 3493 731 sas
1083 558 3283 890 darbieten. Nur die Leute, die uns lieben, (die
3262 684 3477 827 G.H.F.P.
1079 785 4010 1033 uns steht, die merken das, was du eben so richtig Verdüsterung
1075 953 4123 1192 genannt hast. Ueberhaupt weiss ja niemand etwas von uns ausser
3414 1054 3724 1171 Ihn mit
1083 1197 3052 1381 den Menschen, die uns lieben. Wir selber
3136 1129 4039 1348 cke zu verständigen.
1562 1314 4056 1524 Robert gab es auf ihm weiter zuzuhören. Er sah, dass
1083 1478 4186 1688 hier nichts für ihn zu holen war. Er hätte es vorher wissen müs-
1087 1654 4073 1873 sen. Warum hatte er diesem abgeschmackten Tropf gegenüber von
3716 1738 4048 1839 sens wir
1087 1822 4111 2036 seinen Besorgnissen überhaupt gesprochen? Es war zum mindesten
1079 2049 2599 2288 eine unvorsichtigle it gewesen.
3577 2015 4014 2200 ergekomme
2721 2032 3586 2204 dass ao, der doch h
1558 2183 4115 2410 August Langer und Kahnberg, der sich der etwas peinli
1075 2360 3976 2565 chen Szene von neulich nicht mehr zu erinnern schien, traten
1071 2549 4018 2746 herzu und forderten Robert zu einer Kartenpartie auf. Robert
1083 2687 4123 2973 nahm den Vorschlag gerne an und fand sich bald so angenehm zer-
1071 2906 4048 3103 streut,dass er fast bedauerte, sich ein so harmloses Vergnügen
1071 3073 4127 3330 seit langer Zeit versagt zu haben. Leinbach (setzte sich zu ih¬
1016 3271 3938 3464 nan und schaute dem spiele vorerst schweigend zu. Bald aber
1054 3439 3997 3619 konnte er es nicht unterlassen Bemerkungen allgemeiner Natur
987 3594 4018 3917 einzustreuen, insbesondere über das, was man in so oberflächli-
1071 3770 4446 4031 cher Weise als das Glück im Spiel zu bezeichnen pflege, das er
684 3964 4031 4174 Theil aber seit jeher als den Ausdruck tiefer Zusammenhänge erkannt
1054 4157 4022 4371 hatte, die dem spieler selbst notwendig verborgen blieben. Ro-
1029 4308 3859 4556 bert spürte eine wachsende Erbitterung in sich aufsteigen;
3901 4312 4358 4514 no 1 but
1024 4467 4098 4753 plötzlich warf er die Karten auf den Tisch und verbat sich mit
1037 4698 4001 4896 zornigen Worten alle weiteren Weisheiten des philosophischen
1029 4858 3859 5093 Kibitzes xxx Leinbach lachte wohl, entfernte
1579 5047 2574 5253 blicher (subbit)
