4856 5908
3890 531 4121 736 56
1295 518 1698 785 G.C.H.F
884 773 4080 1073 Von seinem eigenen Leben gleichsam im Stich gelassen, im Innersten
2694 855 4104 1020 tehen, dann fasste er sich und
888 925 4145 1263 leer geworden, hatte er allzu willig, ja mit einer gewissen Selbstge-
3516 1032 4038 1156 hin und hei
2706 1082 3245 1209 e Licht und
892 1119 4067 1448 fälligkeit, eine Art Rolle für sich selbst zu spielen begonnen, die
2550 1258 3245 1398 allmaties
897 1283 4195 1579 wachsende Gewalt über ihn erlangt, und xxx gedroht hatte sein ei-
3623 1394 3895 1501 waren
901 1460 4129 1752 gentliches Wesen zu verstören. Nun aber reckte er die Stirn hervor
999 1526 1513 1682 sincerites
3672 1526 4174 1690 ends zurüc
897 1637 4178 1945 wie aus gefährlichem Nebeldunst,und fühlte den Willen und die Kraft
3866 1740 4034 1859 des
3109 1768 3607 1962 Eine Erfi
2085 1822 2566 1966 endlot
925 1867 3006 2097 in sich, wieder gesund und - wahr zu werden.
3870 1904 4125 2015 warer
3039 1921 3520 2064 pflchen. Or
1563 2007 4150 2233 Zum Abendessen erschienen die Damen nicht und Robert
3516 2073 4137 2208 vielleicht wird
979 2114 1328 2266 Portier
3084 2147 3323 2250 Nur-
909 2155 4211 2430 nahm an, dass sie sich beide ermüdet, vorzeitig auf ihr zimmer zurück-
3681 2274 3927 2373 —
3286 2303 3459 2402 gebe
917 2356 4112 2661 gezogen hatten. Trotzdem gab er die Hoffnung nicht auf, dass Paula
929 2521 4195 2792 sich vielleicht später noch in der Halle zeigen würde und blätterte
917 2702 4108 3002 geraume Zeit in illustrierten Wochenschriften,die er sonst selten
938 2883 3973 3163 zur Hand zu nehmen pflegte. Doch seine Erwartung erfüllte sich
921 2986 4071 3323 nicht, die Halle leerte sich und es blieb Robert nicht übrig als
929 3249 4055 3549 gleich den andern Gästen zur Ruhe zu gehen. Vorher aber hielt er
950 3397 4043 3697 sich, wie um nach Briefen zu fragen, an der Loge des Portiers auf,
950 3570 4199 3849 von dessen Eigenheit, sich zu den Gästen des Hotels in ein persönli-
942 3759 4129 4043 ches, gewissermassen) herzliches Verhältnis zu setzen, auch er schon
962 3849 4141 4215 manche Proben erhalten, und von dem er daher vielleicht Aufklärung
3327 4047 3668 4178 darunte
950 4080 4191 4388 erhoffen durfte. Und tatsächlich ward ihm, bei Uebergabe des Zimmer-
3944 4203 4170 4322 aplen
946 4285 4174 4573 schlüssels, in leicht bedauerndem Tonde die Mitteilung, dass die Da-
3742 4388 3915 4495 dert
954 4429 4199 4746 men Kestner auf ein Telegramm hin mit dem sieben Ihr zug plötzlich
3302 4577 4051 4717 zu Gott, dass er
3027 4631 3257 4725 chwo
962 4651 4063 4927 abgereist seien. Sie liessen sich dem Herrn Sektionerat bestens
3397 4766 3985 4877 ein Wahn von
2714 4803 3323 4931 e, Es ist nun
971 4812 4191 5141 empfehlen, fügte der Portier hinzu, während er mit Beflissenheit auf
2077 4836 2636 4968 gebracht her
3812 4910 4199 5034 gen eines
3323 4939 3779 5062 Ich denn we
966 5009 4224 5293 Ansichtskarten Marken aufklebte. „Ein Telegramm“, wiederholte Robert
1707 5021 2805 5161 ren Geschworenen. Wie d
