4760 5908
3889 135 4092 423 verte
2958 542 4159 863 46
1007 855 4206 1138 sich im Bette auf. Drängte sich ihm die Vermutung immer gebieteri-
1003 1032 4219 1291 scher auf, dass Alberta von seiner Hand den Tod gefunden, so war sie
986 1269 4219 1481 vielleicht nicht die einzige gewesen,die dieses Schicksal erlitten
986 1447 4155 1650 hatte. Vor mehr als zehn Jahren war seine junge Frau völlig uner-
982 1582 4231 1841 wartet dahingeschieden. Eines Morgens war er in ihr Schlafzimmer ge-
973 1752 4231 1989 treten, um vor dem Gang ins Amt ihr den gewohnten Kuss auf die Stirn
956 1984 4189 2196 zu drücken; da hatte er sie tot im Bett gefunden; und er erinnerte
948 2128 4290 2348 sich heute mit Grauen, dass er damals, im ersten Augenblick wenigstens,
948 2285 3990 2547 keine sonderliche geschütterung, ja kaum ein heftiges Erstaunen
944 2484 4011 2712 verspürt hatte. Der Arzt hatte den Tod der jungen Frau wohl als
931 2632 4075 2890 ein an sich seltenes Vorkommnis, aber doch mit Rücksicht auf ihre,
918 2814 4045 3051 für so junge Jahre nicht unerhebliche Ueppigkeit und gewisse von
897 2991 4117 3224 Zeit zu Zeit auftretende Herzbeschwerden keineswegs als rätselhaft
901 3165 3977 3419 hingenommen; und da im übrigen nicht der geringste Verdacht auf
884 3389 4066 3575 Selbstmord oder gar auf ein Verbrechen vorlag, so war der Leichnam
884 3520 4015 3757 ohne weitere Untersuchung ins Grab gesenkt worden. Die Ehe hatte
872 3698 4020 3927 innerhalb ihrer ganzen dreijährigen Dauer durchaus als glücklich
859 3905 4037 4147 gegolten, und Robert hatte das liebevolle, sanfte, etwas bequeme Ge-
867 4092 4189 4278 schöpf stets, nicht nur vor den Leuten, sondern auch daheim, wenn nicht
842 4223 4125 4481 mit Zärtlichkeit, doch mit ritterlicher Galanterie behandelt. Nur er
846 4396 3935 4625 selbst wusste, wie schwer er von allem Anbeginn gerade unter der
817 4557 4100 4828 Sanftmut und Gutherzigkeit seiner Frau gelitten hatte; wie ihre zu-
825 4786 4100 4980 weilen törichten Bemerkungen,wie ihr Schweigen, wie ihre Art mit ge-
3711 4925 3897 5044 <gap/>
804 4984 4206 5149 rundeten Lippen seine Küsse hinzunehmen und zu erwarten, wie einfach
1087 5111 1341 5226 infache.
804 5128 4168 5378 die Tatsache ihres Vorhandenseins ihn oft mit einer hilflosen, müh-
