4808 5636
3464 387 3668 579 ƒ 1
885 817 4157 1025 In diesem Dunstkreis wechselseitiger Herzlichkeit und Sympathie, da
885 1025 4144 1217 rin Robert sich bewegte, verloren auch die unruhvollen Gedanken all-
889 1153 4093 1379 mählich ihre Macht über ihn und manchmal glaubte er sich unter ei-
889 1336 4178 1659 nem nach allen Seiten aufgehellten Himmel unbedenklich der Zukunft
894 1498 2140 1740 entgegenfreuen zu dürfen.
1285 1676 4055 1855 Doch in einer Nacht, nach einem geselligen Abend im Hause
872 1834 4059 2055 seines Bruders, geschah es ihm nach gerauser Zeit zun ersten Male
885 2021 4115 2289 wieder, dass kein Schlaf über ihn kommen wollte. Viertelstunde auf
885 2157 4123 2391 Viertelstunde hörte er vom Kirchturm schlagen und blieb xxxber.
1349 2349 1910 2472 dachte nach
834 2370 4012 2557 mach. Er überlegte, ob ihm nicht im Laufe der verflossenen Abends
872 2472 4089 2736 etwas Unangenehmes oder feier Peinliches begegnet wäre. Doch anfangs
3689 2625 4055 2732 steyn
868 2676 4149 2898 suchte er vergeblich nach der mutmasslichen Ursache seiner wachsen-
2604 2817 3098 2940 eingebäbt
855 2898 4042 3085 dem Unbehaglichkeit. Der Abend war ganz heiter verlaufen. Robert,
860 3047 4076 3242 und Paula als erklärtes Brautpaar, hatten von allen Seiten unfeier-
3021 3136 3583 3255 is water is
860 3174 4157 3476 lich-warme Glückwünsche entgegengenommen. Dann war musiziert worden
3285 3306 3740 3417 des nouveurs
2804 3344 3302 3502 Mangler
860 3442 4008 3685 endlich bei Kafree und Zigarre hatte man in wechselnden Gruppen
847 3600 4085 3821 geplaudert. Ein engerer Kollege Ottos hatte Robert in ein anschei-
3166 3732 3485 3821 dessen
847 3778 4093 3957 nend harmloses Gespräch gezogen und besondere nach seinen Reise-
3298 3885 3910 3970 und dieser
860 3949 4076 4157 eindrücke lebhaftes Interesse an den Taggelegt. Rohart erinnerte
830 4127 3970 4332 sich, dass er dem Professor in irgend einem Augenblick für seine
842 4259 3842 4476 Zigarre Feuer gegeben und dass ihm bei dieser Gelegenheit das
830 4421 4000 4651 Streichnölschen aus der Hand geglitten war. Ofrenbar hatte seine
830 4566 4098 4812 Hand ein wenig gezittert. Nun wurde ihm auch der eigentümliche prü-
817 4732 4072 4957 fende Blick gegenwärtig, den der Professor bei diesen nichtigen An-
817 4940 4238 5127 lass auf ihn gerichtet hatte. Robert war sich auch bewusst sehr xxxx
830 5089 4127 5310 rasch geredet und eich ein paar Mal ver-
