4776 5828
2483 512 2673 719 P.
3853 624 4028 771 22
1287 747 4068 1017 "Alles kann bei nervösen Menschen vorkommen, alles./Ünd es
1041 890 4211 1124 stunde, und ohne Unterlass macht er Krankenbesuche. Ich wenigstens
1057 1017 4104 1204 gibt viele Leute - du darfst das freilich nicht weitererzählen,
1041 1084 4175 1311 komme von keinem los. Ich folge solch einem Menschen, der eben in
1061 1148 4203 1398 denn meine Herren Kollegen von der Zunft könnten wir die Ketzerei
1041 1259 4092 1478 meiner Sprechstunde war, wie er die Treppenhinuntergeht, aus dem
3130 1339 4072 1490 einfach nur an Zeit
1057 1390 3095 1561 übel nehmen,- es gibt viele Leute, denen es
1041 1434 4127 1680 Tor tritt, durch die Strassen wandelt, Hoffnung oder Verzweiflung
1053 1625 2360 1748 mangelt, verrückt zu werden.
1037 1601 4108 1859 im Herzen; ich sehe die Weiterentwicklung seines Leidens...ich
3933 1696 4092 1792 eine
3253 1708 3782 1811 schichte mit
1657 1760 2558 1875 Wenn ich nun, dachte
1633 1772 4167 1978 „Gewiss, gewiss“,unterbrach ihn Robert, seine Ungeduld
3933 1867 4151 1974 uider
3396 1879 3869 2014 zt einer
1041 1978 4175 2169 bemeisternd. „Aber du vergiszt offenbar, dass ich doch eigentlich
1049 1966 1891 2094 Augenlid vorbei
3162 2062 3845 2177 dann er:.Weisst
1939 2137 2105 2237 3 80
1033 2109 4187 2356 sehr herunter war im Frühling, als Ihr mich auf Reisen schicktet."
1065 2145 1780 2276 Auffassung gewä
3631 2229 4024 2324 — Ordina,
2101 2300 2352 2391 Abälo
1629 2320 4020 2519 „Schicktet...“ wiederholte Leinbach. Nun ja, mein
1037 2495 4048 2741 lieber Robert, wenn einer in der glücklichen Lage ist, sich weg-
1045 2527 1367 2626 tions
1041 2673 4036 2900 schioken zu lassen, so schicken wir ihn natürlich weg. Bei mir
3623 2745 4163 2916 pfange dich
2860 2801 3099 2904 5,2
1033 2888 2340 3091 gelänge das leider nicht."
1613 3039 4131 3238 „Wenn’s dir so gegangen wäre, wie mir vor sehhs Mona-
3754 3110 4076 3230 lgte Re¬
3269 3130 3599 3242 it auf,
2820 3154 2987 3265 e ini
2078 3178 2419 3301 t nämli
1045 3194 4131 3420 ten! Brunnere dich nur - nicht einmal Klavierspielen konnte ich
1029 3357 3218 3587 mehr. Die Töne haben mir geradezu weh getan."
2892 3480 3393 3623 wächer ist,
1613 3631 2372 3770 „Das kann ich."
3210 3611 4119 3778 esam seinen Arm und
1585 3750 3921 3941 Wieso kennst du das? Du spielst doch gar nicht
1954 3905 2125 4024 Jol
1720 3941 3432 4199 a“, meinte Leinbach jovial,-paar doch
1029 4004 1525 4179 Klavier."
1613 4088 4203 4294 „Das ist ja egal. Sago statt Klavierspiel zum Exempel
2789 4219 3134 4326 im Arm.
1339 4262 1879 4390 denk mit de
1029 4259 4139 4489 Weltgeschichte“ - und da Robert verwundert aufsch - „nun ja, ich
3373 4366 3766 4481 schärzh
1633 4394 3146 4545 Robert tat so und Leinbach lies
1033 4469 4187 4656 versichere dich, es hat in meinem Leben Perioden gegeben, in denen
3555 4545 4052 4648 dich, heute
1283 4576 3396 4743 hören. „Und doch“, sagte Robert, versichere
1029 4620 4080 4850 ich einfach nicht fähig war die französische Revolution zu er-
3619 4707 4112 4823 ähren: ja.
1104 4763 3559 4950 sich war mir, als könnte ich den Arm überhaupt nicht
1041 4815 4012 5029 tragen. Man könnte sich sogar eine Ueberempfindlichkeit gegen
3921 4886 4167 4993 0 64¬
1180 4926 3718 5101 so ganze linke Seite war irgendwie in dieses eingentünde
1045 4974 4239 5351 die punischen Kriege vorstellen“. Und da Robert den Kopf schüttel-
1521 5101 3480 5355 einbezogen. Ich verspürte eine sonderbare
1041 5180 1271 5299 fühl
