4648 5876
3667 358 4128 598 12y
2617 512 3396 689 Transaktion
948 515 4049 885 nisvoller Weise von einer finanziellen Krankation, die er vorzu-
964 779 3927 1102 nehmen gesonnen sei. Er steckte das Geld zu sich vorlisse das
3231 889 3813 1007 Kifekinler
960 925 3947 1255 Gebäude, nahm ein eiliges Mittagmahl in einem Wirtshaus, das er
952 1153 3852 1389 vorhen noch nie betreten hatte; und vor zwei Uhr Nachmittags
952 1302 3998 1586 war er in seinem xxx. Der Portier teilte ihm mit, dass irgend
952 1460 3974 1763 ein Herr nach ihm gefragt hätte, ohne seine Karte oder eine-Be-
968 1653 3915 1932 stellung zu hinterlassen. Die oberflächliche Schilderung, die
960 1865 3966 2105 der Portier auf Roberts Fragen entwarf, stimmte am ehesten auf
968 2015 3852 2274 August Langer, auffallend was immerhin, dass, nach dem Bericht
948 2156 3860 2475 des Portien, in einiger Entfernung von dem###auhof ein Wagen
964 2361 3998 2601 mit einem zweiten Herrn gewartet hatte. Als Robert sein Zimmer
956 2542 4033 2790 betreten hatte, stand die Ueberzeugung in ihm fest, dass die bei-
948 2762 3974 2995 den Herren irgend stwas gegen ihn geplant haben müssten. Viel-
964 2861 4022 3176 leicht sollte er/zu vorläufiger Beobachtung in eine Anstalt ge-
944 3061 3982 3317 bracht werden, womit sein Schicksal natürlich für alle Zeit be-
964 3207 3998 3557 siegelt gewesen wäre. Jedenfalls war es Torheit langer hier zu
976 3396 3994 3707 verweilen, wo er seiner Freiheit, vielleicht seines Lebens, keine
960 3577 3982 3911 Viertelstunde mehr sicher war; doch wäre es auch höchst unvor-
952 3817 4010 4033 sichtig gewesen sich als ein Abreisender zu gebärden. Er musste
952 3915 4041 4238 den Gasthof (wie zu einem Spaziergang verlassen, die dringendsten
948 4163 4088 4439 Einkäufe auf dem Weg zum Bahnhof besorgen und mit einem früheren
940 4325 3986 4588 Eug abreisen, als er mit Paula verabredet hatte. Aush durfte er
956 4506 3671 4750 es nicht wagen sich noch einmal in der Nähe von Paulas
905 4655 3848 4974 zu zeigen, dessen Eingang vielleicht schon bewacht wurde. Er
803 4868 3970 5159 verschloss seine Schränke, steckte nur die allerwichtigsten Pa-
929 5060 3947 5328 piere zu sich, verliess sein Zimmer zehn Minuten nachdem er es
