4792 5636
2717 313 3064 580 1/4
1168 267 1439 631 G.H.F.P.
872 597 4203 876 zu entschuldigen, hielt er es für angezeigt,Paula mitzuteilen, dass er
868 834 4186 1088 seit einigen Wochen von ernstlichen Sorgen um den Gesundheitszustand
3720 944 4131 1041 innim
846 1028 4127 1194 seines Bruders gequält werde,der sich in seinem Beruf spät jahar
1020 1164 1710 1299 zugemitet habe
830 1177 4144 1469 mehr xxx als auch die angespanntesten Kräfte dauernd zu leisten
872 1325 4220 1536 vermöchten. Er sprach von ihm mit Liebe, ja mit Schwärmerei und fühl-
872 1498 3983 1701 te dabei sein Herz von schmerzlich brennendem Mitleid schwellen.
1304 1680 4135 1845 Bewegt hörte Paula zu. Sie kannte Otto nur wenig; doch aus
846 1867 4203 2023 der Entfernung hatte sie ihm seit jeher lebhafte Sympathie entgegen-
846 2040 3962 2286 gebracht, die sie bei einer zufälligen Begegnung voriges Jahr am
842 2163 4254 2413 Krankenbett einer Freundin bestätigt und gerechtfertigt fand. Roberts
846 2379 4072 2548 Keusserungen steigerten ihre Teilnahme weiter; sie bat ihn den ge-
834 2527 4084 2713 meinsamen, dort längst erwarteten Besuch nicht länge hinauszuschie-
834 2658 3784 2903 ben und so setzten sie ihn gleich für den nächsten Tag fest.
2197 2916 2383 3124 13.
1363 3136 4122 3407 Dieser erste Besuch i Hause des Bruders liess sich vor-
830 3327 4101 3517 trefflich an. Die Kinder waren von derneuen Tante, die Bilderbücher
825 3471 4000 3678 und Näschereien mitbrachteksofort entzückt; Mariannene kühle Lie-
817 3644 4118 3885 benswürdigkeit erwärmte sieh allmählig; und Ottos Wesen wirkte auf
804 3801 4042 4029 Paula gerade durch den freundlich-spöttischen Ton, der ihm in ober-
813 3949 3966 4203 flächlicher Unterhaltung eigen war, vom ersten Augenblick an wie
787 4173 1625 4406 kängst vertraut.
