4952 5908
1598 546 1785 768 11.
3828 594 3990 790 20
864 725 4212 1017 Herrn, höheren Bankbeamten, der durch Tracht und Haltung seine vielbe-
882 938 4077 1170 merkte Aehnlichkeit mit einem in Sportkreisen sehr populären Ari-
886 1000 4225 1366 stokraten zu unterstreichen suchte. Schon von weitem, aber ohne sich
873 1292 4208 1502 zu erheben, und ohne die Zeitung aus der Hand zu legen, winkte Langer
860 1388 4217 1641 dem Eintretenden zu. drückte ihm dann freundlich die Hand und stellte
2169 1598 2475 1707 denir
877 1550 4169 1829 sofort mit Befriedigung vorzügliches Aussehen fest. Rudolf
3509 1715 4138 1816 stiments. He
851 1733 4361 1973 Kunrichv trat herzu, ein kleiner Hofschauspieler, und bekräftigte Lan-
864 1956 4190 2169 geri Ansicht. Beide, sowohl Kunrich als Langer, erschienen Rohert
851 2073 4090 2300 in den sechs Monaten seines Fernseins um viele Jahre gealtert. Der
851 2283 4125 2444 Eintritt Leinbachs, der als Familienvater und
847 2436 4112 2636 vielbeschäftiger Arzt hier nur ein seltener Gast war, bedeutete für
842 2619 4160 2811 Robert eine angenehme Ueberraschung. Leinbach, den Freund erblickend,
829 2785 4190 2994 nahm ihn sofort für sich allein in Anspruch und stellte die üblichen
825 2955 3937 3152 Fragen, die man aneinen von langer Reise Heimgekehrten zurichten
829 3095 3915 3387 pflegt und fragte ihn endlich,ob er schon wieder ins Amt gehe.
1366 3265 4064 3444 Robert äusserte Zweifel, ob er  einer Wiederaufnahme
812 3383 2951 3601 seiner Berufstätigkeit schon gewachsen sei.
1288 3584 2732 3750 Doktor Leinbach lächelte nur.
1288 3710 3911 3907 Robert beharrte: "Du vergisst,wie sehr ich mit meinen
799 3933 3902 4094 Nerven herunter war im Frühling,bevor  Ihr mich auf Reisen ge-
799 4138 1510 4330 schickt habt. "
1275 4217 4033 4396 Leinbach zuckte die Achseln: "Mein lieber Ruhxxx Freund,
777 4396 4155 4618 wenn einer in der glücklichen Lage ist sich wegschicken zu lassen.
777 4544 4147 4780 so schicken wir ihn natürlich weg. Andererseits gibt es viele Leute,
790 4723 3540 4972 denen es einfach nur an Zeit mangelt verrückt zu werden.
2881 4775 3784 4946 en leur “vorsitet
2217 4854 2680 4967 mann
1257 4863 3928 5050 Verrückt, wiederholte Robert bei sich, Wennich nun die
755 5059 3963 5216 Geschichte mit meinem Augenlid vorbrächte. Es wäre vielleicht der
755 5207 4033 5426 richtige Moment. Und vorsichtig begann er: "Ich hatte übrigens die
2588 5330 3413 5496 seufzte. “Von mir
1571 5382 1746 5504 et de
