5016 5908
4069 598 4319 793 38 6
1170 687 4332 1043 ein Lob aus des Ministers eigenem Munde zu xxijk erringen, was ihm
1157 996 4256 1178 nicht nur zur Befriedigung seines Ihrgeizes, sondern auch aus ir-
1153 1178 4260 1352 gend einem andern, ihm nicht gleich deutlich werdenden Anlass von
1153 1284 4213 1517 Wichtigkeit zu sein dünkte. Und nun entdeckte er zu einem Ver-
2208 1458 2912 1611 vor Entdeckungen
1132 1501 4256 1687 druss, dass jene törichte Angst auf dem Grunde seiner Seele immer
3370 1602 3556 1704 glick
3370 1623 3561 1742 auch
3539 1615 3976 1738 Worten
2675 1611 3387 1759 permneh du
1144 1683 4302 1882 noch weiter spielte, etwa so, als hätten kuch andere Leutean seinem
1238 1831 4150 1916 derselbenen der ihn selbst verbessern, unabhängig in ihm
1144 1886 4099 2026 Wahne mit Teil genommen, der nun unabhängig von seinem eigenen
1119 1916 4527 2111 meens freyennlicher börer Geert in andern Leuten sein gefetetscher Weil
1144 2056 4082 2255 Willen in jenen sein Wesen weitertreibe. Doch als er, um sich
1683 2179 2047 2306 andam
1123 2213 4302 2395 blickend, sich völlig unangefochten an einem nachmittägig beleiten
1128 2378 4264 2607 Tail der Ringsträsse unter vielen Menschen, ein harmloser Spazier-
1111 2577 4120 2755 gänger unter andern fand, zerfloss auch diese letzte Einbildung
1128 2781 4141 2929 in nichts. Unwillkürlich fiel sein Auge auf eine Frauengestalt,
2704 2870 3319 2988 Wellfrauen
1102 2840 4281 3132 die in einem ziemlich armseligen drapfarhenan Mantel, mit einer
1098 3103 4213 3306 schwarzen Rolle auf dem Schosse, auf einer Bank sass. Ihr Antlitz
3425 3226 3938 3332 afsiterieur
1509 3251 1975 3366 nicht wehr
1098 3294 4179 3459 war blass, kann jugendlich, fast vergrämt; jetzt lächelte sie auf-
1085 3484 4243 3654 kaum merklich, und sah gleich wieder vor sich hin, Robert
1094 3654 4167 3853 setzte seinen Weg fort, und blieb, von einem Landschaftsbild ange-
1064 3832 4179 4010 zogen, vor der Auslage eines Kunsthändlers stehen, als im Spiegel-
1064 4010 4226 4201 fenster jene Frauengestalt wieder erschien, gesenkten Blicks, eilig
1077 4192 4112 4379 vorüberschreitend. Robert wandte sich nach ihr um, sie ging wei-
1068 4370 4260 4561 ter, ohne seiner zu achten, beide Hände in die Taschen ihres Mantels
1051 4531 4069 4697 vergraben, aus deren einer die schwarze Rolle hervorragte. Ihr
1055 4709 4082 4908 Gang war aufrecht und etwas schleifend; der anliegende, zu enge
1051 4875 4171 5065 und zu lange Mantel verriet angenehme, nicht überschlanke Formen.
1034 5010 4162 5252 Robert folgte ihr und überlegte, was sie eigentlich sein mochte.
