4776 5828
1070 786 4104 1023 te - „Alles kann bei nervösen Menschen vorkommen, alles. Und es
1244 920 3982 1094 den Gesichtshälfte und" - er wagte sich immer weite/vor-
1043 991 4132 1213 gibt viele Leute - du darfst das freilich nicht weitererzählen,
1090 1090 4061 1272 das Inke Auge konnte ich kaum öffnen. Zugleich, da er den Blatt
1059 1177 4230 1371 denn meine Herren Kollegen von der Zunft könnten mir die Kotzerei
1465 1264 4029 1454 s doch mit einer gewissen ärztlichen Schärfe auf sich
1063 1355 1398 1477 Lehrbach
1059 1335 4092 1540 übel nehmen,- es gibt viele Leute, denen es einfach nur an Zeit
1039 1442 4068 1667 gerichtet schrize er beide Augen weit auf, und sich ja nicht zu
1047 1580 2437 1793 mangelt, verrückt zu werden."
1643 1710 4195 1864 Wenn ich nun, dachte Robert, die Geschichte mit meinem
1059 1710 1493 1845 verraten.
1667 1789 4171 1955 Unsinn", sagte Leinbach..Eine Seite ist immer schwä-
1039 1900 4187 2090 Augenlid vorbrachte? Es war ihm, als könnte er jetzt einer milden
1955 1975 4061 2129 . Du weisst doch selbst, dass die sogenannte
1059 2066 4068 2327 Auffassung gewärtig sein; und vorsichtig begann er: „Weisst du
1035 2078 1209 2180 che
3286 2133 4144 2263 bel ist. Uebrigens
2046 2176 3231 2307 Körperhäuften nur eine F
1066 2248 1375 2358 Bauemstr
1047 2244 4072 2508 übrigens, dass ich die Absicht hatte dich morgen in der Ordina-
3895 2311 4179 2437 was
3646 2350 3804 2477 f
2090 2366 2978 2544 gewesen.
1450 2417 1841 2520 du mur zu
1051 2473 2338 2619 tionsstunde heimzusucken?"
1572 2453 3986 2694 nicht das Richtig, besonders als Abschluss. Ich an
1643 2556 4219 2789 *Du mich? Da gehören Zwei dazu, mein Lieber. Da müsste
2568 2678 4171 2820 Ich mein Amt antrete, noch sin paar
1714 2753 1939 2860 «Uwge
1027 2702 1540 2895 deiner Stadt-
1039 2789 4183 3002 ich dich doch vor allem als Patenten ansehen. Ich empfange dich
1031 3014 1738 3231 ja gar nicht!“
1627 3136 4108 3310 Mir fällt nämlich seit einiger Zeit auf, sagte Ro-
3089 3227 3606 3342 wandig his
1023 3326 4061 3500 bert unbeirrt,-dieser Einfall kam ihm im gleichen Augenblick -
3128 3381 4061 3519 Von mir aus magst du
1047 3500 4100 3693 dass mein linker Arm beträchtlich schwächer ist, als mein rech-
1063 3488 1355 3602 seine I
2157 3618 2536 3741 bleiben!
1047 3646 4116 3859 ter. Ja, lach nur, es ist doch so." Er hof langsam seinen Arm und
3038 3745 3780 3910 fisch und begrüs
2090 3796 2662 3954 ###nberg trat
1039 3899 2283 4025 liess die Finger spielen.
2382 3859 4132 4068 ohkeit, deren Grund sich Robert nicht
1627 4029 4072 4207 „Na“, meinte Leinbach jovial, „pack doch einmal mein
1039 4021 1296 4175 Bektig
3255 4100 3978 4270 jungen Dichter,
1884 4148 2951 4282 vermochte. Er hatte mich
1513 4171 1845 4302 gelden
1035 4250 3164 4377 Handgelenk mit deinem gelähmten linken Arm.
2216 4215 3958 4444 t und verstiegen vorkam, immer nur ge-
1604 4373 4029 4539 Robert tat so und Leinbach liess ein scherzhaftes
1011 4456 3962 4669 oberflächlich verkehrt; überdies fand er sein Aemperes etwas
1039 4527 4045 4744 "Au" hören. „Und doch“, sagte Robert, „versichere ich dich, heute
3436 4637 3879 4760 die verlei
1023 4653 3369 4823 vernachlässigt, was ihm auch angenehmere Leute voll
1019 4720 4096 4922 Früh war mir, als könnte ich den Arm überhaupt nicht rühren; ja,
1023 4807 3946 5024 konnte, Doch Kahnberg behandelte ihn wie einen mit Seinsucht
1027 4914 4132 5103 die ganze linke Seite war irgendwie in dieses eingentümliche Ge-
3030 5001 3883 5119 Nebentisch und xxx
2212 5036 2884 5159 mit sich an ein
1446 5048 2121 5194 Freund, zog in
1023 5080 4140 5261 fühl mit einbezogen. Ich verspürte eine sonderbare Müdigkeit der
3887 5155 4195 5297 Beginn
1035 5198 3705 5423 ihm die Fortsetzung eines intimen Erlebnisses, von der
