4744 5748
3684 380 4205 559 13 — 12
901 465 4243 743 Er kleidete sich rasch an, trat vor den grossen Wandspiegel zwischen
926 721 4354 914 den beiden Fenstern, öffnete die Lider so weit er vermochte und musste
2122 871 4371 1093 Linke Lid seinem Willen nicht so rasch gehorch-
931 884 2036 1089 feststellen, dass das
965 1067 4145 1255 te wie das xxx rechte. Doch das Auge selbst blickte klar, die Fu-
901 1234 4102 1421 pille antwortete dem Lichteten ohne Zögern; und da Robert sich
931 1332 4222 1537 überdies erinnerte, dass er die xxxx Nacht hindurch aufbder linken
888 1528 4264 1703 Seite gelegen hatte, schien immerhin eine genügende Erklärung für die
914 1682 4235 1865 Schwäche des Lids gegeben. Trotzdem nahm sich xxx Robert vor an mor-
935 1814 1131 1929 4
879 1836 4252 2075 gen Leinbach oder Otto zu Rate zu siehen oder, lieber noch, es darauf
931 2019 4064 2198 ankommen zu lassen,ob sein Bruder die Ungleichheit der Lider von
858 2160 4192 2382 selbst entdecken würde. Zugleich aber fühlte er diesen Vorsatz, wie
854 2365 4179 2523 von einer unbestimmten Angst durchsittert, ungefähr so, als
849 2501 4153 2685 wenn er etwas Unrechtes begangen hätte und sumindest eines Verwei-
837 2638 4209 2822 sen, wenn nicht gar einer Strafe gewärtigt sein müsste. Zuerst wehrte
884 2787 4072 2963 er sich dagegen diese Regung zu verstehen, denn streckte er beide
867 2963 4107 3167 Arme aus, wie um einen nahenden Feind abzuwehren, entfernte sich von
824 3086 3983 3304 seinem Spiegelbild und trat zum Fenster, an das die schweren Re-
849 3291 3987 3475 gentropfen klatschten. Sein Blick fiel auf die Marmorstatue des
820 3432 4043 3611 heiligen Christophorus, die gegenüber in einer Mauernische der Kir-
807 3590 4077 3782 che stand, geradeso wie vor zwanzig Jahren. Nun erst merkte er, dass
785 3748 3885 3949 er sich in demselben Zimmer befand, das die Geliebte seines Freundes
824 3923 3799 4124 des Höhenburg vor so vielen Jahren bewohnt hatte; nur die Möhe
794 4060 3957 4243 waren neu undstatt der schweren dunkelroten Plüschportieren fiel
777 4226 3944 4401 von der Messingstange der Alkovens in leichten Falten ein lichte
764 4388 3983 4580 geblümter Kretonvorhang herab, der zu der Farbe der neuen Tabete
768 4555 1942 4751 gestimmt war. Sollte er
2011 4550 2395 4704 Diese Ver¬
2472 4568 4013 4781 nderung ins Helle und Freundli-
1601 4670 2501 4785 Vorbedingung xxx
2028 4704 3927 4901 ank ansehen? Er versuchte es vergebene,
760 4726 1708 4930 ehe als günstige ###
785 4849 3641 5093 Denn mit grausener Deutlichkeit xxx stieg vor Roberta Sr.
3786 4845 4047 5071 an der
756 5046 2595 5268 längst vergangene Frühlingsabend wied
3347 5033 3667 5263 teht xxx
