4840 5892
3808 520 4004 711 92
3239 532 3463 777 P.M.
3879 640 4091 773 93
1019 790 4274 1077 gezogen, bei dem Robert sich im Ganzen gut gehalten und Widerspruch
1014 948 4232 1243 gegenüber keinerlei Erregung gezeigt,- ebenso wie er sich auch bei
1014 1093 4149 1368 Tisch so harmlos gegehen hatte, dass selbst ein voreingekommener
1010 1322 4220 1517 Beobachter ihn nicht für verrückt hätte halten können. Trotzdem
1010 1459 4045 1759 lag es durchaus nicht ausser dem Bereich aller Möglichkeiten.
1023 1713 4112 1900 dass einem ürztlichen Beobachter, der ihn lange nicht gesehen, ge-
1010 1821 4112 2083 wie se Veränderungen seiner Züge aufgefallen wären, die, wie schon
1006 2000 4345 2266 die zweifellos vorhandene Unglekohheit der Lidspalten, nicht schlecht
1010 2187 4054 2407 weg als das Ergebnis der dahinfliehenden Zeit zu deuten waren.
1002 2366 4299 2615 Von plötzlicher Unruhe gepackt sprang er aus dem Bett, machte Licht
998 2507 4257 2769 und trat vor den Spiegel. Schrecken erfasste ihn. Der Mann, der ihm
998 2744 4033 2923 da entgegenstarrte, mit blassen Vangen, weitaufgerissenen Augen,
985 2889 4099 3168 zerrauftem Haar, einen schmerzlich entsetzten Zug um die Lippen
998 3114 4004 3305 und mit offenem zerknittertem Hendkragen, das war kaum mehr er
998 3251 4245 3488 selbst. Es war wohl sein Abbild, aber so, wie es sich jemandem of-
965 3405 4195 3650 fenbaren musste, dem es gegeben war hinter der Maske des Tag, hin-
985 3629 4278 3833 ter der vorsichtigen Gepflegtheit des Alltags - und Berufsantlitzes
977 3775 4236 4004 das wirkliche zu erkennen, in das die Spuren all der unsinnigen
965 3937 4012 4224 Aengste eingegraten waren, die ihn sein Leben lang durch die
960 4133 4220 4432 Welt gejagt hatten. Was nützte es ihm, dass ihre Macht nun heit zu
973 4361 4195 4536 endlich gebrochen schien. Hatte Otto nicht seit Jahren den Aus¬
2748 4449 4153 4573 man das allgemein Menschlich
2054 4478 2669 4598 ein Medizini
960 4544 4191 4698 bruch des Wahnsinns bei ihm vorausge sehen und erwartet? Und war
1351 4627 4207 4781 il war beruhigte ihn die Tatsache eines gefassten Entschlus-
973 4723 4178 4898 or dem Bruder nicht gerade in der allerletzten Zeit, eben, da
1355 4819 3476 4960 n leidlichem Schlaf zu verbringen vermochte.
1023 4881 1281 4981 Nacht
944 4810 4286 5097 das Schicksal sich so entschieden für ihn erklärte, da er zumigkeit
989 4993 4045 5143 mit aller nötigen Sammlung zu widmen, was eine günstige, Wirkung
998 5089 4074 5234 auf seine Stimmung ausübte; und seiner Verlobten wäre an diesem
1002 5184 3002 5334 Abend vielleicht auch dann nichts weiter
