4328 5512
763 533 3551 810 greifen, zurückweichen und rufen wollte, war ihm die Kugel in
755 662 3536 1036 ins Herz gedrungen und er sank lautlos auf den Boden hin.
1215 841 3796 1118 Robert aber, noch nicht zum Bewusstsein seiner Tat ge-
779 1059 3828 1324 langt, nur erst in der Ahnung des Grauenhaften, unwiderruflichen
755 1219 3734 1526 das geschehen war, und in einer dumpfen Angst noch hier an Ort
3508 1297 3715 1417 rire en
775 1413 3870 1694 und Stelle zu erfassen, was er getan, stürzte an der Leiche des
755 1542 3812 1838 Bruders vorbei durch den dunklen Gang, die Treppe hinab, über den
759 1776 3773 2009 Flur, durch das seit Ottos Ankunft noch nicht wiedergeschlosse-
759 1935 3699 2192 ne Haustor, über den menschenleeren Marktplatz, durch d
1402 1943 1573 2060 lie
771 2103 3820 2356 lange Dorfstrasse in die freie Landschaft hinaus, stapfte durch
779 2278 3777 2543 den hohen Schnee,warf den Winterrock ab, der ihn im Laufen hin-
790 2441 3804 2726 derte, stürmte immer fort, immer weiter, nichts in sich, als den fe
2842 2570 3372 2710 rente
783 2628 3742 2905 ten Willen, niemals zur Besinnung zu kommen, durch eine
2807 2761 3041 2877 die
775 2823 3905 3096 klingende blaue Nacht, von der er wueste, dass eie niemals für ihn
775 2987 3769 3329 enden durfte. Und er wus ste, dass er diesen gleichen Weg schon
790 3170 3863 3481 tausende Male dahingerast und dass es ihm bestimmt war ihn noch
1460 3314 2430 3504 bis in alle Enigkeit
810 3368 3870 3656 tausende Male durch xxx klingende blaue Nachteekehinzufliehen.
1258 3493 3874 3828 Nicht weniger als sieben volle, Wegstunden von dem Ort
802 3730 3715 3952 entfernt, aus dem er geflohen war, an einem steinigen Abhang.
798 3866 3855 4147 der zu der fast vereisten Ache hinabführte, den Kopf nach abwärts
775 4046 3789 4373 gewandt, mit zerschundenen Hände, getrocknetes Blut an Scheitel
802 4197 3691 4560 und Stirn, fand man drei Tage später seinen entseelten Leib.
1304 4380 3703 4657 Die Aufzeichnungen, die man in seiner Reisetasche
787 4532 3793 4848 fand, wurden dem Gerichte übergeben und auszugsweise veröffent-
787 4696 3863 5249 licht. Der Fall in all seiner päterkeit leg so klar wie sich
