4808 5908
755 497 1403 780 1 1, 1, " " " 4, 111,
3870 542 4055 767 19
1445 533 2048 792 Votre très-même pour la
3074 484 3386 788 V. P.
3903 743 4432 968 ihr z¬
1005 796 4030 1038 namen ins Gedächtnis zu rufen, was ihm vorerst nicht gelang. xxx
1005 985 4087 1219 wusste wenig von ihr und ihrer Familie; es war ihm kaum mehr be-
993 1260 4013 1387 kannt, als dass Mutter und Tochter sowohl daheim als auf Reisen
997 1445 3989 1605 meist ohne den Vater zu sehen waren, der ein gesuchter, fast be-
993 1555 3981 1797 rühmter Advokat, wegen seiner unglücklichen Neigung zum Börsen-
977 1728 4198 1962 spiel doch eines zwiespältigen Rufes genoss. Hiemit mochte es auch
981 1916 4038 2142 zusammenhängen, dass die einzige Tochter, die gewiss schon in der
973 2097 4161 2319 zweiten Hälfte der zwanziger Jahre stand, bisher unvermählt geblie-
956 2253 4256 2442 ben war; und dunkel glaubte sich Robert eines Gerichtes zu erinnern,
956 2438 4087 2614 das sie mit einem berühmten, seither verstorbenen Musiker verlobt
944 2659 4165 2807 gesagt hatte. Während er so über sie nachdachte, wurde ihm ihre Ge-
948 2799 4018 3020 stalt immer rührender, und erschien ihm wie von Geheimnissen um-
936 3000 1367 3193 flossen.
1506 3143 4042 3316 Am Abend besuchte Robert ein Vorstadttheater. In be-
919 3271 4063 3496 haglicher, etwas müder und dadurch fast traumhafter Stimmung folg-
3024 3455 3435 3570 kindish
927 3468 4079 3771 te er dem heitern musikalischen Spiel und war) erfreut, als ihm der
919 3689 4120 3923 erste Komiker mitten in einem Couplet von der Bühne herab vertrau-
915 3874 3890 4083 lich xxx zunickte. Nach dem Theater nahm er den Weg in
3509 3927 4260 4198 all [illegible]
903 4087 3919 4219 ein Kaffeehaus der inneren Stadt, wo sich seit Jahren Abend für
903 4247 3981 4432 ein kleiner Kreis von Rekannten zu versammeln pflegte, mit
891 4412 4108 4592 denen Robert von der Reise aus, wenigstens anfangs, auf Ansichtskar-
886 4584 4128 4748 ten flüchtige Grüsse getauscht hatte. Als er eintrat, sah er in der
874 4703 3890 4949 gewohnten Ecke Herrn August Langer sitzen, einen Vetter seiner
886 4916 4108 5076 verstorbenen Frau, einen liebenswürdigen, gerne spötteinden älteren
3020 5064 3591 5199 e vielleicht
1596 5064 2569 5220 em Augenlich vorbräch
1248 5179 2454 5450 ent. Und vorsichtig began
