4840 5652
1931 336 2215 530 1
3883 312 4101 579 110
1053 611 4061 895 ganzen Tag gewesen?“ fragte sie. Er war verwundert, denn daran,
3960 688 4158 818 l'a eu de
2478 753 2765 866 On der
1045 802 4199 1089 dass er heute morgens das Amt versäumt, hatte er längst nicht mehr
1036 992 4045 1235 gedacht. Nun stellte sich heraus, dass Paula ihn Vormittags im
1036 1154 4150 1368 Bureau vergeblich angerufen, dann in seinem Gasthof angefragt und
1049 1316 4170 1607 sich Nachmittags zweimal telefonisch bei seinem Bruder erkundigt
1036 1506 4097 1781 hatte, ob er dort etwa vorgesprochen. Robert fand es höchst son-
1036 1684 4089 1899 derbar, dass Otto ihm gegenüber davon nicht einmal Erwähnung ge-
1036 1830 4162 2113 tan, aber er sagte sich gleich, dass es galt weder Misstrauen noch
1041 2028 3952 2300 Verlegenheit zu zeigen. So machte er denn in humoristischer
1024 2194 4207 2502 Weise den ertappten Stinder und gestand ein, dass er wie in seligen
3271 2304 3478 2437 habe
1012 2369 4061 2652 Kinderzeiten eine unbewingliche Lust verspürt hatte Schule zu
1445 2551 1652 2672 in
1032 2543 4077 2854 stürzen in aller Früh über Land gefahren uder Mittag augen
1421 2729 1664 2854 vi
3316 2798 3526 2943 Mij
1024 2846 1632 3045 bliehen war.
2105 2761 2939 2996 Alberts wohl
1591 2895 4085 3170 Paula schien sich gern überzeugen zu lassen und be-
1000 3053 4085 3352 gnügte sich mit leichten Vorwürfen,warum er sie von seinem Vor-
2846 3194 3360 3328 eifs teur
1000 3251 4085 3551 satz nicht verständigt und sie nicht mitgenommen habe. Sie sas-
1000 3445 4093 3709 sen, wie es jetzt manchmal der Fall war, in Paulas anmutigem, ganz
1004 3595 4219 3838 in Weiss gehaltenen Mädchenzimmer, wo von einer verhängten Decken-
996 3794 4146 4057 lampe über Bilder und Teppiche ein mildrötliches Licht fiel. Ro-
1000 3956 3980 4223 bert zig Paula zärtlich in seine Arme; doch er war zerstreut;
1012 4166 4142 4369 unklare Fluchtpläne zogen ihm durch den Sinn und vergeblich ver-
992 4328 4195 4551 suchte er ihnen eine festere Gestalt zu geben. Was ist dir denn?
980 4514 4235 4782 fragte Paula. In diesem Augenblick kan ihm eine Eingebung, die ihm
2858 4616 3194 4769 dünkt
988 4676 4020 4915 für seine Zwecke besonders glücklich schien. Und wie beiläufig
2846 4798 3138 4883 ansche
984 4846 3980 5178 warf er hin: „Was denkst du, wem ich heute begegnet bin? - Dem
3531 4944 3858 5093 das Gem
2016 5089 2207 5312 in
