5160 5908
2156 470 3268 819 Votre très obéissant aussi les
3822 550 4240 759 35
1642 562 2100 819 3/11 1/2 LIII
3256 783 3469 935 da
1100 787 4176 1092 das war der Augenblick, in dem, und die Art, in der er von Alberta
1104 1088 4164 1229 endgiltig Abschied genommen hatte. Noch sah er sich mit ihr auf
1088 1164 4184 1437 einem schmalen Pfad, der von dem breiteren Spazierweg abzweigend,
1076 1385 4268 1590 ins Dunkel des Waldes führte; er entsann sich auch, dass er später,
1080 1562 4131 1779 schon in der Finsternis, allein, von schwerer Müdigkeit befangen,
1072 1722 4184 1935 auf einem Baumstumpf gesessen war; aber wie er den Weg ins Hotel
1068 1947 4123 2120 zurückgefunden,was er in seinem Zimmer getan,wie er zu Bett ge-
1064 2120 4220 2289 gangen und wie er des Morgens wieder aufgestanden war, davon wuss-
1361 2256 2232 2405 nicht das geneigt
1076 2285 4035 2529 te er gar nichts mehr. Erst beim Bezahlen der Rechnung in der
1048 2425 4172 2654 Hotelhalle, wo eben der Boden gefegt wurde, setzte sein Gedächtnis
1040 2614 4023 2835 wieder ein. Und plötzlich, mit einer bohrenden Angst, fragte er
1048 2798 4023 3019 sich, ob das Gespräch mit Alberta nach jenem ihm in Erinnerung
1028 2991 4244 3188 gebliebenen äusserlich scheinbar ruhigen Abschluss nicht etwa noch
3381 3112 3565 3232 die
1028 3184 4152 3324 eine Fortsetzung ganz anderer Art gefunden hat te, der ihn aus dem
1036 3264 4212 3545 Gedächtnis entschwunden; ob er nicht wirklich, von wühlender Eifer-
1032 3549 4103 3726 sucht übermannt, zu einem Schlage gegen sie ausgeholt, -ob er sie
1024 3670 4087 3903 nicht gar erwürgt, und nachher unter verwittertem Laub versteckt
2080 3846 2437 3967 Norders
1024 3842 4115 4075 und eingescharrt hatte. Eines war sicher: Er war mit ihr in den
1004 3999 4055 4268 Wald gegangen und ohne sie zurückgekehrt; ob sie später allein
992 4180 3947 4449 zurückgekommen war, das hatte er ja niemals erfahren. War sie
992 4429 4224 4589 nicht heimgekohrt, so musste es freilich im Hotel aufgefallen sein,
1000 4529 4123 4810 aber konnte er denn ahnen, was er zur Erklärung ihres Ausbleibens
3080 4702 3666 4834 Naber morate
980 4734 4087 4959 für geschickte Lügen erfunden und vorgebracht hatte? Wenn er, wie
988 4934 4139 5139 er es nun mit einem Male für möglich hielt, in einem Dämmerzustand
2164 5079 4055 5320 an aber nicht doch, dachte er weiter, vor.
984 5099 1907 5320 wieder ganz gewiss.
