<?xml version="1.0" encoding="UTF-8" standalone="yes"?>
<PcGts xmlns="http://schema.primaresearch.org/PAGE/gts/pagecontent/2013-07-15" xmlns:xsi="http://www.w3.org/2001/XMLSchema-instance" xsi:schemaLocation="http://schema.primaresearch.org/PAGE/gts/pagecontent/2013-07-15 http://schema.primaresearch.org/PAGE/gts/pagecontent/2013-07-15/pagecontent.xsd">
    <Metadata>
        <Creator>prov=READ-COOP:name=TrHtr:version=2.1.0:model_id=51170:date=15_08_2023_07:00</Creator>
        <Created>2023-05-10T15:04:04.913+02:00</Created>
        <LastChange>2023-08-15T07:00:44.661+02:00</LastChange>
        <TranskribusMetadata docId="1428793" pageId="55429449" pageNr="21" tsid="132841428" status="IN_PROGRESS" userId="64420" imgUrl="https://files.transkribus.eu/Get?id=MQZNCTRQTYRPAYJNPOXUMLHZ&amp;fileType=view" xmlUrl="https://files.transkribus.eu/Get?id=ROWPUMDIIWDVCQGWJLJWSASH" imageId="44703522"/>
    </Metadata>
    <Page imageFilename="1428793_0021.jpg" imageWidth="4840" imageHeight="5748">
        <ReadingOrder>
            <OrderedGroup id="ro_1711806135196" caption="Regions reading order">
                <RegionRefIndexed index="0" regionRef="tr_1"/>
            </OrderedGroup>
        </ReadingOrder>
        <TextRegion id="tr_1" custom="readingOrder {index:0;}">
            <Coords points="919,690 4524,690 4524,4868 919,4868"/>
            <TextLine id="tr_1_tl_1" custom="readingOrder {index:0;}">
                <Coords points="1041,922 4231,854 4235,684 3487,586 2357,718 1049,650"/>
                <Baseline points="1068,835 1110,829 1199,823 1289,817 1378,811 1468,805 1557,799 1647,793 1736,793 1826,793 1916,787 2005,787 2095,781 2184,787 2274,781 2363,781 2453,781 2542,781 2632,775 2721,775 2811,769 2900,769 2990,769 3079,764 3169,769 3258,764 3348,758 3438,758 3527,758 3617,758 3706,758 3796,758 3885,752 3975,752 4064,746 4154,746 4243,740"/>
                <TextEquiv>
                    <Unicode>als solche von geringerem Rang erscheinen, und immer</Unicode>
                </TextEquiv>
            </TextLine>
            <TextLine id="tr_1_tl_2" custom="readingOrder {index:1;}">
                <Coords points="1045,1028 2876,1058 3041,934 3555,934 3674,1041 4073,1045 4184,1028 4184,845 1045,917"/>
                <Baseline points="1068,978 1116,978 1205,972 1295,972 1384,972 1474,972 1563,966 1659,968 1659,968 1689,966 1778,960 1868,960 1957,960 2047,960 2136,960 2226,955 2315,955 2405,955 2494,955 2584,949 2674,949 2763,949 2853,943 2942,943 3032,937 3121,937 3211,937 3300,931 3390,931 3479,931 3569,931 3658,931 3748,931 3837,931 3927,925 4017,919 4106,919 4196,913"/>
                <TextEquiv>
                    <Unicode>mehr glaubte er das Verhältnis von Bruder zu Bruder nicht nur für</Unicode>
                </TextEquiv>
            </TextLine>
            <TextLine id="tr_1_tl_3" custom="readingOrder {index:2;}">
                <Coords points="2948,1028 2986,1032 3020,1075 3071,1049 3173,1062 3211,1032 3249,1049 3271,1032 3377,1049 3534,1032 3559,1028 3564,930 3394,964 3326,934 3232,964 3054,930 3016,960 2948,960"/>
                <Baseline points="2972,1014 3032,1026 3121,1026 3211,1020 3300,1014 3390,1008 3479,1008 3569,1008"/>
                <TextEquiv>
                    <Unicode>und wirten</Unicode>
                </TextEquiv>
            </TextLine>
            <TextLine id="tr_1_tl_4" custom="readingOrder {index:3;}">
                <Coords points="1045,1219 4252,1219 4256,1028 1049,1066"/>
                <Baseline points="1068,1151 1134,1151 1223,1151 1313,1146 1402,1146 1492,1146 1581,1140 1671,1140 1760,1140 1850,1140 1939,1140 2029,1140 2118,1140 2208,1134 2298,1134 2387,1128 2477,1128 2566,1128 2656,1128 2745,1122 2835,1122 2924,1122 3014,1116 3103,1116 3193,1116 3282,1116 3372,1116 3461,1110 3551,1110 3640,1110 3730,1104 3820,1104 3909,1098 3999,1104 4088,1098 4178,1098 4267,1086"/>
                <TextEquiv>
                    <Unicode>sich als den xxx besten Gewinn seines Daseins, son-</Unicode>
                </TextEquiv>
            </TextLine>
            <TextLine id="tr_1_tl_5" custom="readingOrder {index:4;}">
                <Coords points="1028,1423 4167,1402 4222,1219 1028,1240"/>
                <Baseline points="1050,1319 1098,1325 1187,1325 1277,1325 1366,1319 1456,1319 1545,1319 1635,1319 1724,1319 1814,1313 1904,1313 1993,1313 2083,1313 2172,1307 2262,1307 2351,1307 2441,1307 2530,1301 2620,1301 2709,1301 2799,1301 2888,1301 2978,1295 3067,1295 3157,1295 3247,1295 3336,1289 3426,1289 3515,1289 3605,1289 3694,1283 3784,1283 3873,1277 3963,1277 4052,1283 4142,1277 4231,1265"/>
                <TextEquiv>
                    <Unicode>dern auch im allgemeineren Sinne als das einzige von natürlich ge-</Unicode>
                </TextEquiv>
            </TextLine>
            <TextLine id="tr_1_tl_6" custom="readingOrder {index:5;}">
                <Coords points="1032,1563 4116,1555 4120,1402 1036,1419"/>
                <Baseline points="1056,1504 1086,1504 1175,1498 1265,1498 1354,1492 1444,1492 1533,1492 1623,1492 1713,1486 1802,1486 1892,1486 1981,1486 2071,1486 2160,1480 2250,1480 2339,1480 2429,1480 2518,1480 2608,1474 2697,1474 2787,1474 2876,1474 2966,1474 3056,1468 3145,1468 3235,1468 3324,1462 3414,1462 3503,1462 3593,1462 3682,1462 3772,1456 3861,1456 3951,1450 4040,1450 4130,1450"/>
                <TextEquiv>
                    <Unicode>sicherter Beständigkeit zu erkennen; sicherer als das zu den El-</Unicode>
                </TextEquiv>
            </TextLine>
            <TextLine id="tr_1_tl_7" custom="readingOrder {index:6;}">
                <Coords points="1019,1729 3950,1746 4226,1686 4231,1546 1019,1618"/>
                <Baseline points="1044,1671 1104,1677 1193,1677 1283,1671 1372,1671 1462,1671 1551,1665 1641,1665 1730,1665 1820,1665 1910,1665 1999,1659 2089,1659 2178,1665 2268,1659 2357,1659 2447,1653 2536,1653 2626,1653 2715,1653 2805,1653 2894,1647 2984,1647 3073,1647 3163,1647 3253,1641 3342,1641 3432,1641 3521,1641 3611,1635 3700,1635 3790,1635 3879,1635 3969,1635 4058,1629 4148,1623 4237,1623"/>
                <TextEquiv>
                    <Unicode>tern, die man allzu früh in Alter und Tod entschwinden sieht, fester</Unicode>
                </TextEquiv>
            </TextLine>
            <TextLine id="tr_1_tl_8" custom="readingOrder {index:7;}">
                <Coords points="1015,1894 4035,1916 4260,1877 4264,1712 1015,1750"/>
                <Baseline points="1038,1850 1044,1850 1134,1856 1223,1850 1313,1850 1402,1844 1492,1850 1581,1844 1671,1844 1760,1844 1850,1844 1939,1838 2029,1838 2118,1838 2208,1838 2298,1838 2387,1832 2477,1832 2566,1832 2656,1832 2745,1826 2835,1826 2924,1820 3014,1826 3103,1820 3193,1820 3282,1820 3372,1820 3461,1814 3551,1814 3640,1814 3730,1808 3820,1808 3909,1808 3999,1808 4088,1802 4178,1802 4267,1802"/>
                <TextEquiv>
                    <Unicode>als das zu den Kindern, die man, wie Robert freilich für seine Person</Unicode>
                </TextEquiv>
            </TextLine>
            <TextLine id="tr_1_tl_9" custom="readingOrder {index:8;}">
                <Coords points="1007,2098 4205,2094 4243,1890 1011,1937"/>
                <Baseline points="1032,2029 1122,2029 1211,2029 1301,2029 1390,2023 1480,2023 1569,2023 1659,2017 1748,2017 1838,2017 1927,2017 2017,2017 2107,2017 2196,2011 2286,2011 2375,2011 2465,2011 2554,2011 2644,2005 2733,2005 2823,1999 2912,1999 3002,1999 3091,1999 3181,1993 3270,1993 3360,1993 3449,1993 3539,1993 3629,1987 3718,1987 3808,1987 3897,1987 3987,1987 4076,1981 4166,1981 4255,1975"/>
                <TextEquiv>
                    <Unicode>niemals erfahren hatte, wenn nicht an andere Menschen, so doch an ih-</Unicode>
                </TextEquiv>
            </TextLine>
            <TextLine id="tr_1_tl_10" custom="readingOrder {index:9;}">
                <Coords points="1007,2264 3615,2162 4235,2264 4239,2090 1011,2132"/>
                <Baseline points="1032,2202 1116,2208 1205,2208 1295,2208 1384,2202 1474,2196 1563,2196 1653,2196 1742,2196 1832,2190 1921,2190 2011,2190 2101,2190 2190,2190 2280,2184 2369,2184 2459,2184 2548,2178 2638,2178 2727,2178 2817,2178 2906,2172 2996,2178 3085,2172 3175,2172 3264,2166 3354,2166 3444,2172 3533,2166 3623,2160 3712,2160 3802,2160 3891,2160 3981,2160 4070,2160 4160,2154 4249,2154"/>
                <TextEquiv>
                    <Unicode>re eigene Jugend zu verlieren bestimmt ist; vor allem aber blieb es</Unicode>
                </TextEquiv>
            </TextLine>
            <TextLine id="tr_1_tl_11" custom="readingOrder {index:10;}">
                <Coords points="2153,2311 3976,2281 3980,2192 3007,2213 2893,2166 2153,2234"/>
                <Baseline points="2178,2280 2190,2280 2280,2274 2369,2268 2459,2268 2548,2268 2638,2262 2727,2262 2817,2268 2906,2268 2996,2268 3085,2268 3175,2262 3264,2256 3354,2250 3444,2250 3533,2250 3623,2244 3712,2238 3802,2238 3891,2238 3981,2232"/>
                <TextEquiv>
                    <Unicode>aus dünkeln Seelenprincken erfolgend</Unicode>
                </TextEquiv>
            </TextLine>
            <TextLine id="tr_1_tl_12" custom="readingOrder {index:11;}">
                <Coords points="1380,2306 1899,2311 1950,2298 1954,2209 1899,2200 1860,2217 1839,2200 1771,2251 1699,2230 1678,2251 1567,2251 1478,2226 1436,2251 1385,2243"/>
                <Baseline points="1408,2280 1426,2280 1516,2280 1605,2280 1695,2280 1784,2280 1874,2274 1963,2274"/>
                <TextEquiv>
                    <Unicode>immermarlet</Unicode>
                </TextEquiv>
            </TextLine>
            <TextLine id="tr_1_tl_13" custom="readingOrder {index:12;}">
                <Coords points="1113,2455 4243,2408 4243,2268 4073,2247 1117,2264"/>
                <Baseline points="1140,2383 1235,2381 1325,2381 1414,2381 1504,2381 1593,2375 1683,2375 1772,2375 1862,2375 1951,2369 2041,2369 2130,2369 2220,2363 2309,2363 2399,2363 2489,2357 2578,2357 2668,2357 2757,2357 2847,2351 2936,2357 3026,2357 3115,2351 3205,2351 3294,2351 3384,2345 3473,2345 3563,2339 3652,2339 3742,2339 3832,2339 3921,2339 4011,2339 4100,2333 4190,2333 4255,2333"/>
                <TextEquiv>
                    <Unicode>lezeit frei von jenen Trübungen, die wolkenhaft über die Beziehun-</Unicode>
                </TextEquiv>
            </TextLine>
            <TextLine id="tr_1_tl_14" custom="readingOrder {index:13;}">
                <Coords points="951,2459 973,2459 990,2476 1028,2455 1049,2468 1070,2468 1079,2459 1096,2468 1126,2464 1151,2268 1062,2272 1028,2264 1011,2277 973,2272"/>
                <Baseline points="978,2447 1044,2435 1140,2427"/>
                <TextEquiv>
                    <Unicode>1e</Unicode>
                </TextEquiv>
            </TextLine>
            <TextLine id="tr_1_tl_15" custom="readingOrder {index:14;}">
                <Coords points="985,2599 4095,2625 4400,2587 4400,2442 985,2502"/>
                <Baseline points="1008,2572 1092,2566 1181,2560 1271,2560 1360,2560 1450,2554 1539,2554 1629,2548 1719,2548 1808,2548 1898,2548 1987,2548 2077,2542 2166,2542 2256,2542 2345,2542 2435,2536 2524,2536 2614,2536 2703,2536 2793,2536 2882,2530 2972,2536 3062,2530 3151,2530 3241,2530 3330,2530 3420,2524 3509,2524 3599,2524 3688,2524 3778,2518 3867,2518 3957,2512 4046,2512 4136,2506 4225,2500 4315,2506 4405,2506"/>
                <TextEquiv>
                    <Unicode>gen zwischen Mann und Weib heraufzuziehen pflegen,</Unicode>
                </TextEquiv>
            </TextLine>
            <TextLine id="tr_1_tl_16" custom="readingOrder {index:15;}">
                <Coords points="977,2765 3967,2803 4184,2769 4184,2604 977,2667"/>
                <Baseline points="1002,2733 1062,2733 1151,2733 1241,2733 1331,2733 1420,2733 1510,2727 1599,2727 1689,2727 1778,2721 1868,2721 1957,2721 2047,2721 2136,2721 2226,2721 2315,2721 2405,2715 2494,2715 2584,2715 2674,2715 2763,2709 2853,2709 2942,2715 3032,2709 3121,2709 3211,2709 3300,2709 3390,2703 3479,2703 3569,2703 3658,2697 3748,2697 3837,2691 3927,2697 4017,2691 4106,2685 4196,2685"/>
                <TextEquiv>
                    <Unicode>dunklen Seelengründen aufsteigend, so der trügerische Schimmer per-</Unicode>
                </TextEquiv>
            </TextLine>
            <TextLine id="tr_1_tl_17" custom="readingOrder {index:16;}">
                <Coords points="3385,2833 3436,2833 3462,2825 3470,2829 3551,2825 3551,2774 3513,2778 3500,2765 3483,2769 3479,2761 3449,2765 3432,2774 3390,2769"/>
                <Baseline points="3408,2817 3467,2811 3557,2811"/>
                <TextEquiv>
                    <Unicode>um</Unicode>
                </TextEquiv>
            </TextLine>
            <TextLine id="tr_1_tl_18" custom="readingOrder {index:17;}">
                <Coords points="977,2982 4031,2994 4082,2782 2837,2850 2472,2731 2030,2846 977,2837"/>
                <Baseline points="1002,2912 1020,2912 1110,2918 1199,2912 1289,2912 1378,2912 1468,2906 1557,2900 1647,2906 1736,2906 1826,2900 1916,2900 2005,2900 2095,2894 2184,2900 2274,2900 2363,2900 2453,2894 2542,2894 2632,2894 2674,2894 2751,2894 2841,2894 2930,2888 3020,2888 3109,2888 3199,2882 3288,2882 3378,2876 3467,2882 3557,2882 3646,2876 3736,2876 3826,2882 3915,2876 4005,2876 4094,2871"/>
                <TextEquiv>
                    <Unicode>sönlicher Gebundenheit ausgelöscht ist und der stuwefe Drang von</Unicode>
                </TextEquiv>
            </TextLine>
            <TextLine id="tr_1_tl_19" custom="readingOrder {index:18;}">
                <Coords points="4328,3007 4358,3007 4371,2990 4392,2999 4405,2990 4426,2994 4443,2977 4460,2990 4498,2948 4519,2944 4490,2723 4430,2740 4400,2723 4375,2744 4354,2731 4294,2731"/>
                <Baseline points="4339,2918 4428,2936 4518,2942 4524,2948"/>
                <TextEquiv>
                    <Unicode>"</Unicode>
                </TextEquiv>
            </TextLine>
            <TextLine id="tr_1_tl_20" custom="readingOrder {index:19;}">
                <Coords points="2655,3135 3045,3203 3440,3109 3844,3198 4078,3147 4082,2982 3725,3003 3390,2939 3241,2999 2655,3007"/>
                <Baseline points="2680,3073 2703,3073 2793,3067 2882,3067 2972,3067 3062,3067 3151,3062 3241,3067 3330,3062 3420,3062 3438,3062 3461,3056 3551,3056 3640,3056 3730,3056 3820,3056 3909,3050 3999,3050 4088,3044"/>
                <TextEquiv>
                    <Unicode>das Bevusstsein rettungsloser</Unicode>
                </TextEquiv>
            </TextLine>
            <TextLine id="tr_1_tl_21" custom="readingOrder {index:20;}">
                <Coords points="968,3139 1312,3198 1402,3147 1563,3190 1835,3139 2136,3198 2247,3139 2621,3135 2625,2990 2421,3007 2349,2956 2226,3024 2056,2982 1737,3020 1618,2935 1516,3024 973,3007"/>
                <Baseline points="996,3085 1020,3085 1110,3091 1199,3091 1289,3091 1378,3091 1468,3085 1557,3085 1647,3085 1736,3085 1826,3079 1916,3079 2005,3079 2095,3073 2184,3073 2274,3079 2363,3079 2453,3073 2542,3073 2632,3067"/>
                <TextEquiv>
                    <Unicode>Geschlecht zu Geschlocht und damit</Unicode>
                </TextEquiv>
            </TextLine>
            <TextLine id="tr_1_tl_22" custom="readingOrder {index:21;}">
                <Coords points="960,3296 1070,3360 1635,3322 1890,3381 2001,3326 2472,3313 2472,3173 1623,3147 1555,3207 1402,3147 1312,3198 960,3198"/>
                <Baseline points="984,3264 1050,3264 1140,3264 1229,3264 1319,3264 1408,3264 1498,3258 1587,3258 1677,3264 1766,3258 1856,3258 1945,3258 2035,3253 2124,3258 2214,3258 2303,3258 2393,3253 2483,3241"/>
                <TextEquiv>
                    <Unicode>Einsamkeit unerbittlich waltet.</Unicode>
                </TextEquiv>
            </TextLine>
            <TextLine id="tr_1_tl_23" custom="readingOrder {index:22;}">
                <Coords points="2493,3364 3232,3305 3500,3322 3500,3249 3436,3258 3317,3194 3207,3211 3147,3169 2990,3207 2655,3186 2498,3241"/>
                <Baseline points="2518,3330 2524,3330 2614,3324 2703,3324 2793,3318 2882,3312 2972,3312 3062,3306 3151,3294 3241,3288 3330,3288 3420,3288 3509,3282"/>
                <TextEquiv>
                    <Unicode>des Bruders</Unicode>
                </TextEquiv>
            </TextLine>
            <TextLine id="tr_1_tl_24" custom="readingOrder {index:23;}">
                <Coords points="1618,3521 4197,3508 4146,3313 1623,3330"/>
                <Baseline points="1647,3438 1701,3438 1790,3438 1880,3438 1969,3432 2059,3438 2148,3432 2238,3432 2327,3426 2417,3426 2506,3426 2596,3432 2685,3426 2775,3426 2865,3426 2954,3426 3044,3420 3133,3420 3223,3420 3312,3420 3402,3420 3491,3414 3581,3414 3670,3414 3760,3414 3849,3408 3939,3408 4028,3408 4118,3402 4208,3390"/>
                <TextEquiv>
                    <Unicode>So nahm Robert den brüderlichen Brief, der gerade heu-</Unicode>
                </TextEquiv>
            </TextLine>
            <TextLine id="tr_1_tl_25" custom="readingOrder {index:24;}">
                <Coords points="960,3674 4129,3678 4197,3508 960,3513"/>
                <Baseline points="984,3617 1074,3617 1163,3617 1253,3617 1342,3617 1432,3617 1522,3617 1611,3611 1701,3611 1790,3605 1880,3605 1969,3605 2059,3605 2148,3605 2238,3605 2327,3605 2417,3605 2506,3599 2596,3599 2685,3599 2775,3599 2865,3599 2954,3593 3044,3593 3133,3593 3223,3593 3312,3593 3402,3593 3491,3587 3581,3587 3670,3587 3760,3587 3849,3581 3939,3581 4028,3575 4118,3575 4208,3569"/>
                <TextEquiv>
                    <Unicode>te, am Tag seiner Abreise, anlangte,wie ein günstiges Vorzeichen ent-</Unicode>
                </TextEquiv>
            </TextLine>
            <TextLine id="tr_1_tl_26" custom="readingOrder {index:25;}">
                <Coords points="943,3857 4107,3819 4073,3666 947,3700"/>
                <Baseline points="972,3802 984,3802 1074,3796 1163,3802 1253,3796 1342,3796 1432,3790 1522,3790 1611,3790 1701,3790 1790,3790 1880,3784 1969,3784 2059,3784 2148,3784 2238,3784 2327,3784 2417,3778 2506,3778 2596,3778 2685,3778 2775,3778 2865,3772 2954,3772 3044,3766 3133,3766 3223,3766 3312,3766 3402,3766 3491,3766 3581,3766 3670,3766 3760,3760 3849,3760 3939,3760 4028,3760 4118,3748"/>
                <TextEquiv>
                    <Unicode>gegen, und fühlte sich in seinen Hoffnungen für die Zukunft, in die</Unicode>
                </TextEquiv>
            </TextLine>
            <TextLine id="tr_1_tl_27" custom="readingOrder {index:26;}">
                <Coords points="943,4073 1707,3971 4044,4044 4082,3823 943,3857"/>
                <Baseline points="966,3963 1050,3969 1140,3969 1229,3969 1319,3969 1408,3963 1498,3963 1587,3957 1677,3963 1766,3963 1856,3957 1945,3957 2035,3957 2124,3957 2214,3957 2303,3957 2393,3957 2483,3957 2572,3951 2662,3951 2751,3951 2841,3951 2930,3951 3020,3951 3109,3951 3199,3945 3288,3951 3378,3945 3467,3945 3557,3939 3646,3939 3736,3939 3826,3939 3915,3939 4005,3933 4094,3927"/>
                <TextEquiv>
                    <Unicode>er nach einer unruhvollen Zeit wie in eine neue spoche seines Da-</Unicode>
                </TextEquiv>
            </TextLine>
            <TextLine id="tr_1_tl_28" custom="readingOrder {index:27;}">
                <Coords points="1338,4069 1385,4090 1465,4069 1512,4086 1865,4086 1865,3993 1741,3993 1703,3971 1610,4031 1529,3976 1482,4005 1423,3976 1338,4022"/>
                <Baseline points="1360,4052 1426,4058 1516,4058 1605,4064 1695,4058 1784,4052 1874,4046"/>
                <TextEquiv>
                    <Unicode>betin wllte</Unicode>
                </TextEquiv>
            </TextLine>
            <TextLine id="tr_1_tl_29" custom="readingOrder {index:28;}">
                <Coords points="926,4197 1465,4243 2115,4201 2264,4256 2557,4226 2561,4044 930,4073"/>
                <Baseline points="955,4148 1044,4148 1134,4148 1223,4148 1313,4154 1402,4154 1492,4154 1581,4154 1671,4154 1760,4148 1850,4142 1939,4142 2029,4142 2118,4136 2208,4142 2298,4136 2387,4136 2477,4136 2566,4148"/>
                <TextEquiv>
                    <Unicode>seins eintret, wunderbar gestärkt.</Unicode>
                </TextEquiv>
            </TextLine>
            <TextLine id="tr_1_tl_30" custom="readingOrder {index:29;}">
                <Coords points="2638,4248 2829,4184 4027,4222 4226,4184 4226,4086 3946,4120 3848,4052 3215,4031 2948,4120 2816,4048 2638,4124"/>
                <Baseline points="2662,4178 2715,4178 2805,4178 2894,4184 2984,4178 3073,4178 3163,4178 3253,4178 3342,4178 3432,4178 3521,4172 3611,4172 3700,4178 3790,4178 3879,4172 3969,4178 4058,4172 4148,4166 4237,4172"/>
                <TextEquiv>
                    <Unicode>waren fremd, kühl und fern gewor-</Unicode>
                </TextEquiv>
            </TextLine>
            <TextLine id="tr_1_tl_31" custom="readingOrder {index:30;}">
                <Coords points="1601,4400 3993,4417 4192,4396 4192,4197 1601,4226"/>
                <Baseline points="1623,4327 1695,4327 1784,4321 1874,4315 1963,4321 2053,4315 2142,4315 2232,4315 2321,4309 2411,4309 2500,4309 2590,4309 2680,4309 2769,4309 2859,4309 2948,4303 3038,4303 3127,4303 3217,4303 3306,4303 3396,4303 3485,4297 3575,4297 3664,4297 3754,4291 3843,4291 3933,4291 4023,4291 4112,4291 4202,4297"/>
                <TextEquiv>
                    <Unicode>Die Sonne stand schon ziemlich hoch, als Robert fertig</Unicode>
                </TextEquiv>
            </TextLine>
            <TextLine id="tr_1_tl_32" custom="readingOrder {index:31;}">
                <Coords points="913,4549 4086,4583 4163,4434 2935,4366 913,4464"/>
                <Baseline points="937,4506 978,4512 1068,4506 1157,4506 1247,4506 1337,4500 1426,4500 1516,4500 1605,4494 1695,4500 1784,4494 1874,4500 1963,4500 2053,4494 2142,4494 2232,4494 2321,4488 2411,4488 2500,4488 2590,4488 2680,4482 2769,4482 2859,4482 2948,4482 3038,4482 3127,4488 3217,4482 3306,4482 3396,4476 3485,4476 3575,4476 3664,4476 3754,4476 3843,4476 3937,4478 3937,4478 4005,4524 4094,4530 4172,4536"/>
                <TextEquiv>
                    <Unicode>gepackt hatte und sein Zimmer verliess. Es vor die Stunde,da die</Unicode>
                </TextEquiv>
            </TextLine>
            <TextLine id="tr_1_tl_33" custom="readingOrder {index:32;}">
                <Coords points="922,4778 4129,4744 4129,4587 3729,4549 926,4592"/>
                <Baseline points="949,4685 1002,4685 1092,4685 1181,4685 1271,4685 1360,4685 1450,4679 1539,4679 1629,4679 1719,4679 1808,4679 1898,4679 1987,4673 2077,4673 2166,4673 2256,4673 2345,4667 2435,4667 2524,4667 2614,4667 2703,4667 2793,4661 2882,4661 2972,4661 3062,4667 3151,4661 3241,4661 3330,4655 3420,4655 3509,4655 3599,4655 3688,4655 3778,4655 3867,4649 3957,4655 4046,4655 4136,4679"/>
                <TextEquiv>
                    <Unicode>meisten Gäste sich im Bad oder auf Spaziergängen befunden und es ge-</Unicode>
                </TextEquiv>
            </TextLine>
            <TextLine id="tr_1_tl_34" custom="readingOrder {index:33;}">
                <Coords points="892,4919 3903,4982 4001,4957 4005,4753 896,4774"/>
                <Baseline points="919,4858 972,4858 1062,4858 1151,4858 1241,4858 1331,4858 1420,4858 1510,4858 1599,4852 1689,4852 1778,4852 1868,4852 1957,4858 2047,4852 2136,4852 2226,4846 2315,4846 2405,4840 2494,4840 2584,4840 2674,4840 2763,4834 2853,4840 2942,4840 3032,4840 3121,4840 3211,4834 3300,4834 3390,4834 3479,4834 3569,4828 3658,4828 3748,4828 3837,4828 3927,4828 4017,4822"/>
                <TextEquiv>
                    <Unicode>rade im näheren Umkreis des Hotels am stillsten war. Robert trat</Unicode>
                </TextEquiv>
            </TextLine>
        </TextRegion>
    </Page>
</PcGts>
