4776 5908
3936 132 4150 419 or the
3882 526 4191 806 47
1119 547 1587 851 H.F.P.
1641 510 2245 921 11 " " N° 11 "
909 790 4137 1164 selig verhehlten, bösen Ungeduld erfüllt hatte. Doch das Schlimmste
909 1032 4034 1283 für ihn war ihr Klavierspiel gewesen, Ohne zureichende Begabung,
909 1221 4038 1497 aber mit der ihr eigenen Beharrlichkeit hatte sie die Gewohnheit
909 1394 4038 1740 ihrer Mädchenjahre beibehalten täglich eine Stunde lang zu üben;
921 1571 4092 1830 und ihre Art Mozartsohe und Beethovensche Sonaten mit kindischen
921 1744 4104 2036 dicken Fingern herunterzuspielen, hatte den Gatten,während er nach
921 1941 4112 2184 dem Abendessen rauchen und lesend im Nebenzimmer sass, manchmal in
925 2114 4191 2389 einen Zustand wahrer Verzweiflung versetzt. Wie oft,wenn xxx
925 2295 3997 2558 aufflammende Begier nach anderen Frauen ihn zu neuen Abenteuern
925 2410 4199 2751 lockte, hatte er sich gegen den stillen Zwang, den xxx rührende
3335 2529 3911 2690 Bripitten
921 2644 4080 2895 Anhänglichkeit auf ihn ausübte, vergeblich aufgelehnt; mit welcher
917 2805 4203 3047 Inbrunst hatte er sich nach seinem pflichtenlosen Juhggesöllenleben
925 2994 4232 3216 zurückgesehnt, dessen holde Freiheit er einer zwar milden aber unent-
925 3163 4034 3413 rEnnbaren Sklaverei aufgeopfert hatte. Und wenn diese Sehnsucht,
925 3364 4022 3648 diese Ungeduld so übermächtig in ihm angewachsen war, wie er sie
921 3533 4121 3763 heute, jetzt, in untrüglicher Erinnerung neu zu empfinden vermeinte,
917 3701 4075 3940 wo war der Beweis, dass Ungeduld und Sehnsucht nicht in irgend ei-
921 3862 4043 4174 nem Augenblicke Wille, dass der Wille nicht endlich Tat geworden
2114 4026 2616 4158 Brigelly
929 4038 4158 4289 war? Wo der Beweis, dass Thomas wirklich einem Herzschlag erlegen,
925 4207 4014 4487 dass sie nicht vielmehr an einem tückisch ihr eingegebenen Gift
929 4417 4166 4643 verschieden war? Wie er sich ein solches Gift verschafft, wie er es
934 4557 4117 4861 ihr beigebracht, ob er es ihr abends in einen Trank gemischt,ob er
925 4705 4084 5013 sie gezwungen hatte es einzuschlürfen - von xa all dem konnte er
925 4906 4158 5182 sich freilich heute keine Rechenschaft mehr geben; aber da es sich
921 5062 4170 5354 nun einmal herausgestellt hatte, dass sein Dasein eine ganze Anzahl
