4888 5892
3906 430 4190 609 73
3922 572 4174 751 20
1100 674 4174 950 ihm nichts gesagt. Aber er ahnt sie vielleicht. Ich darf nicht
3662 869 4162 978 eine wieder
1112 889 4072 1141 so lange stumm bleiben. Er sieht zwar durch das Wagenfenster
3857 1056 4105 1157 aufen.
1104 1068 4044 1259 auf die Strasse hinaus, aber mein Schweigen fällt ihm auf. Er
3808 1226 4052 1340 G.H.F.P.
1100 1238 4007 1474 fühlt, dass ich ihm etwas verberge, so geht nicht de weiter.
1076 1453 4036 1592 Ich muss ihm die Wahrheit sagen. Wenn nicht heute, so morgen.
1080 1587 3309 1799 Es muss Klarheit werden zwischen mir und ihm.
2221 1754 2586 1855 meinte
1571 1770 4186 1965 „Im übrigen“, xxxOtto, indem er sich plötzlich wieder
1060 1941 3963 2176 zu seinem Bruder wandte, „wir sind da etwas weit abgekommen.
1047 2115 3370 2334 Hasidu mir nicht nochirgend ein Leid zu klagen?
3402 2156 4125 2375 leichtern Tins
1510 2302 3755 2562 „Wozu?“ erwiderte Robert gleichfalls
3130 2456 3552 2570 leuvend
1027 2489 4068 2663 „Da du mich ja doch für einen niederträchtigen Komödian-
1047 2663 3926 2850 ten hältst, weil ich nicht sämtliche Hotelstubenmädchen der
1023 2826 3889 3025 Schweiz wegen versuchten Giftmordes habe verhaften lassen.
1510 2976 3963 3199 Otto ging auf den Scherz nicht ein. „Weisst du,was
1015 3167 4044 3435 ich glaube,“ sagte er in dem ernsthaften, etwas strengen Ton, der
1003 3354 3942 3544 ihm manohmal eigen war, „dass dir nach der langen Paulenzerei
1011 3528 3954 3768 die regelmässige Arbeit sehr heilsam sein wird. Und was dein
991 3711 4084 3975 zuokendes Augenlid anbelangt, so braucht du dir nicht die gering-
987 3942 2127 4097 sten Sorgen zu machen."
3017 3971 3613 4145 sich ihm zu.
1433 4068 3816 4259 Erschrocken wandte Möbert
978 4235 2115 4446 „Du hast es bemerkt p“
1429 4385 3967 4665 Otto seufzte auf. „Was magst du dir da schon
1121 4413 1291 4624 auch
946 4584 2736 4811 wieder alleseingebildet nu haben...
1393 4701 3971 4969 „Du sagst, dass mein Augenlid zuokt. Das - das wusst
3654 4937 3954 5059 trotz
926 4937 4190 5156 ich eigentlich gar nicht. Ich hatte den Eindruck einer - einer
922 5112 1998 5392 beginnenden Lührung.“
