4872 5908
2585 463 3383 730 G.C.R.M. I
3931 582 4147 751 15
3404 671 3583 891 1
2687 675 3345 896 re à la riviere avec une
3655 666 4029 891 darant
2207 692 2539 904 aber
1091 815 4207 1053 überzusten. Höhnburg xxxsste schon nach wenigen Tagen wegen ei-
1082 1019 4220 1176 nes Tobsuchtsanfalles einer Anstalt übergeben werden, und bei der
437 1002 896 1299 N. E.
2628 1129 2848 1244 slek
1057 1138 4118 1426 nächsten Begegnung mit Otto äusserte Robert/ganz ohne vorherige
3230 1299 3973 1422 delche Robert
1053 1358 4190 1562 Absicht, einer plötzlichen Eingebung folgen die Forderung an den
1040 1545 4101 1723 Bruder,dieser möge, wenn er irgend einmal, sei es morgen oder in
1032 1690 4135 1940 ferner Zukunft, die Vorzeichen einer Geisteskrankheit an ihm ent-
1027 1872 4113 2067 deckte,ihn ohneweiters auf eine rasche und schmerzlose Weise,
1015 2093 4054 2237 wie sie dem Arzte ja immer zu Gebote stünde, vom Leben zum Tode
2534 2199 2878 2318 Niern
2929 2186 3880 2309 unenbenalite
1002 2263 4075 2454 befördern. Otto verspottete ihn als Hypochonder,Robert aber gab
993 2441 3956 2594 nicht nach und erklärte, dass brüderliche Liebe einen solchen
1002 2589 4130 2819 Dienst nie und nimmer verweigern dürfe,da ja in jedem andern Fall
981 2780 3973 2959 der Kranke selbst nach Belieben seinen Leiden ein Ende machen
1554 2891 2437 3027 eure Geilentoria
985 2946 4122 3129 könnte, während den Nahrenn den Menschen zum willenlosen Sklaven
2696 3078 3158 3196 in meu/
968 3086 4156 3371 des Schicksals erniedere. Otto brach die Unterhaltung ab und ver-
3150 3252 3485 3375 feyerich
2704 3260 2904 3379 4
955 3273 4012 3549 bat sich weiteras Geschwätz solcher Art. Im Laufe der nächsten
947 3498 3978 3676 Wochen aber kam Robert mit solcher Beharrlichkeit immer wieder
942 3634 3944 3854 auf seine Forderung zurück, unterstütz### sie mit so ruhig vorge-
930 3795 4050 4050 brachten und eigentlich unwidersprechlichen Gründen, dass Otto,
4249 3820 4478 3990 ein
2776 3965 3371 4075 H Corsiea
955 3965 1634 4088 das unleitlich
1842 3969 2560 4092 is her in the
908 4054 4029 4224 ungeduldig gewonden, sich das erbetene Wort entreissen
908 4169 4007 4394 liess. Doch auch damit gab Robert sich noch nicht zufrieden; er
2505 4326 2810 4445 dam
896 4364 4045 4546 schrieb seinem Bruder einen Brief, in dem er ihm trocken, geradezu
2190 4521 2466 4631 zines.
3825 4521 4033 4627 ihm
883 4551 4062 4708 geschäftsmässig, den Empfang des Versprechens bestätigte und über
883 4708 4156 4967 dies riet, diese Bestätigung sorgfältig aufzubewahren, um sich viel-
870 4848 4283 5158 leicht später einmal Anklägernender Zweiflern gegenüber mit einer
1486 5022 2925 5141 & men we are also
849 5060 3969 5298 so unwiderleglichen Rechtfertigung ausweisen zu können. Nach Ab-
