4872 5908
4183 406 4457 624 44
3329 515 3840 734 Von tädt. No. 1 4, 4, 1/2, u/2.
1850 570 2529 780 = gedränglichen
1327 683 4363 921 die törichten Gedanken von sich ab. Vielleicht schreibe ich ihr
1327 874 4297 1128 doch einmal, dachte er; und durch die nächtlichen Strassen, in-
3462 1015 3930 1128 Rengion
1323 1030 4406 1323 einen leidlichungs-stünd von Behagen, nahm er/ den Weg zurück nach
1315 1257 2064 1452 seinem Gasthof.
1787 1545 4383 1826 Am nächsten, einem klaren Spätherbstmorgen, fuhr er auf
1303 1815 4289 1998 den Semmering. Erst als er dort sein Zimmer bezogen hatte, von
1292 1916 4203 2174 dem er über die Tannenwipfel die Aussicht zu dem mit neuen
1280 2107 4351 2330 klirablanken Schnee bedeckten Felsenkamm der Rax hatte,verstän-
1284 2299 4359 2541 digte er durch heitere Karten seinen Bruder, den Doktor Leinbach
1292 2459 4394 2673 und, ohne recht zu wissen warum, auch den Dichter Kahnberg, dass er
1268 2622 4289 2814 sich von der Langen puhe der letzten Monate ein paar Tage hier
1257 2837 4223 3044 zu erholen gesonnen sei. Stundenlang, immer allein,von herber
2139 2970 2548 3099 wandertt
1257 3032 4332 3223 Bergluft angeweht, er durch kühle Wälder, über besonnte
1257 3188 4160 3411 Wiesen hin, mit Bewusstsein nur dem Genuss der Luft und des
1245 3352 4180 3590 Lichtes hingegeben und wehrte alles Grübeln so weit von sich
1229 3508 4273 3715 ab, dass ihm auch die fortdauernde unerhebliche Schwäch e seines
1221 3680 4168 3973 linken Augenlids keinerlei Sorge mehr zu bereiten vermochte.
3739 3844 3922 3945 no
3052 3844 3383 3961 erbet
1221 3887 4082 4070 Am zweiten Tag seines Aufenthalts telegraphierte er seinem
1221 4074 4246 4242 Amtsvorstand,Sektionschef Baron Prantner, um eine kurze Verlän-
1214 4211 4355 4441 gerung seines Urlaubs, und die zustimmende, in liebenswürdigem Ton
1202 4390 4191 4609 gehaltene Antwort trug weiter dazu bei, Roberts gute Laune zu
1194 4624 1620 4816 erhöhen.
1647 4781 4324 5030 Es war in der dritten Nacht, xxx ein starker Wind über
1682 4929 2197 5132 nicht stark
1760 5058 2349 5354 Und plötzlie
