4856 5908
3410 537 3856 766 G.H.C.P.
1028 575 1337 812 1814.
4093 595 4264 799 55
1820 683 3040 891 und er fragteert
3681 670 4055 887 nere ten
1128 766 4418 1045 an der Oberfläche weiterging, fragte sich Rehst: Wenn ich ihr früher
3602 945 3972 1058 n Selbst
904 933 1083 1078 Von
1128 1028 4351 1220 begegnet wäre, hätte es mir geholfen? Wär' ich ein Anderer geworden,
3631 1124 3901 1262 konnen,
2161 1128 2419 1245 voulu
804 1124 1524 1353 Gemüdte ein.
1116 1128 4309 1407 ein Besserer als ich bin? War mir mein Dasein von Beginn an vorge-
1112 1312 1282 1420 digke
3797 1291 4339 1424 this hadl
1099 1328 4214 1570 zeichnet? Oder hab' ich irgend einmal die Wahl gehabt? - zwischen
1074 1541 4389 1774 Schwäche und Stärke, zwischen Gesundsein und Kranksein, z wischen Klar-
1074 1682 4339 1890 heit und Verwirrung? Aber war denn schon etwas entschieden? Neint
1749 1836 2419 1949 des Entscheidées
1083 1919 4243 2107 der Augenblick lag noch vor ihm? Untrüglich wusste er's mit einem
1062 2082 4351 2307 Mal, dass ihm die Wahl noch immer in die Hand gegeben war; aber frei-
1062 2240 2440 2436 lich nicht mehr für lange...
1707 2382 4185 2636 Der Wagen hatte sich gewandt und nun ging es rasch
1349 2432 1586 2607 5.8.
1045 2598 4351 2819 bergab. Robert sprach von Amtsgeschäften, die ihn erwarteten,von sei-
1028 2790 4147 2981 nem Interesse für die Forderungen seines Berufes,-so lebhaft, als
1020 2890 4160 3177 läge es ihm daran merken zu lassen, dass er mit beiden Füssen auf
1008 3131 4239 3335 festem irdischen Boden stand und keineswegs ein Träumer oder weiss
1016 3323 4176 3514 Gott was noch Schlimmres sei. Und Paulas kluge Fragen lookten ihm
1058 3448 4164 3710 so entschiedene Antworten auf die Lippen, dass ihn während dieses
2711 3606 3156 3718 whoktein
991 3618 4280 3864 Gesprächs, das sich bei Tische mit Sachlichkeit und Ernst fortsetzte,
991 3785 4089 4055 eine immer echtere Sehnsucht nach Arbeit und Betätigung überkam.
962 3951 4309 4222 Die steigende Aufmerksamkeit in Paulas Mienen,ihr beifälliges Nicken
953 4139 4168 4418 wurden ihm zu günstiger Vorbedeutung, und ihren Händedruck beim Ab-
3373 4330 3527 4439 Lunge
953 4322 4076 4597 schied, ihren milden, zärtlichen Blick nahm er beinahe wie
3560 4493 3731 4622 vig
937 4530 2286 4755 ein Versprechen mit sich.
3427 4659 3677 4801 ###re
1611 4634 4147 4934 Es war ihm zu Mut wie einem Genesenden. Für die Ein-
3260 4847 3802 4963 at Beflissen
920 4838 4185 5113 bildungen,die ihn vor wenigen Tagen, ja gestern noch gequält, glaubte
3489 5030 3768 5146 wiederholt
924 5034 4043 5296 er eine neue, und völlig beruhigende Erklärung gefunden zu haben.
