4776 5812
1009 687 4257 942 auf den breiten steinernen, weit ins Wasser laufenden Landungssteg,
992 875 4228 1126 an den gelehnt der kleine helle Dampfer, (das den Verkenn mit dem
992 1047 4236 1310 Festland zu besorgen das seine Mittagsrast hielt, blickte zu den
992 1260 4333 1474 wenigen, fast unbeweglichen, weissen, gelben zu rötlichen Segeln hin, sehen
988 1436 4345 1666 die im Kanal erglänzten, und liess seine Augen endlich nordwärts einem
980 1612 4123 1829 gleiten, wo die Enge, allmählich sich verbreiternd, das offene Meer
988 1775 4170 2005 ahnen liess. Er nahm den Hut ab, um sich die Sonne gerade auf den
967 1951 4262 2160 Scheitel brennen zu lassen, atmete tief mit gedf in eten Lippen, um den
980 2076 4236 2348 Salzgeschmack auf der Zunge zu spüren, und freute sich der linden
984 2311 4266 2512 Luft, die auf dieser südlichen Insel auch an solchen Spänoktoberta-
975 2491 4341 2700 gen noch mit sommerliche Wärme zu schmeicheln pflegte. Allmählig
963 2667 4245 2905 kam ihm das Gefühl, als wäre der Moment, den er eben durchlebte, in
967 2801 4216 3048 Wirklichkeit längst vergangen, und er selbst, sowie er eben dasten d..
963 2997 4178 3240 auf dem Landungssteg, den Hut in der Hand, mit geöffneten Lippen,
971 3207 4245 3391 ein verschwimmendes Bild seiner eigenen Erinnerung. Er hätte ge-
954 3341 4224 3583 wünscht, dieses Gefühl, das ihn keineswegs zum ersten Mal und durch-
967 3562 4236 3755 aus nicht als ein unheimliches, sondern eher als sein erlösendes über-
950 3684 4266 3939 kam, länger festhalten zu können; aber mit dem Wunsche selbst war es
950 3876 4220 4153 auch geschwunden. Und nun war ihm, als hätte er mit der Gegenwart
954 4094 4266 4308 sich entzweit; Himmel, Meer und Luft waren fremd, kühl und fern gewor-
2855 4216 3512 4333 I will be
942 4257 4211 4471 den, und ein blühender Augenblick welkte dünftig dahin.reil ich täus-
2901 4383 3240 4513 dürfte
1365 4437 4257 4659 Robert verliess den Steg und beschritt einen der schmalen,
929 4622 4241 4835 wenig begangenen Pfade, die unter Kiefern und steineichen, xxx zwi-
925 4735 4262 5011 sehen wildwachsendem Gestrüpp, ins Innere der Insel führten. Dochung
