4824 5876
4043 356 4247 575 12
2753 511 3619 683 1/11 „ Transaction „
2289 531 2513 703 M
1686 603 4199 807 seine von einer finanzielen xxx, xxx der vorzu¬
1171 719 4051 943 Deiner Mutter darfst du es natürlich vorher nicht sagen. Du
1546 859 3196 975 gesonnen sei. Er steckte das Geld zu
1159 911 4207 1107 schreibst ihr ein Wort vom Bahnhof aus. Nun, Paula, reut es dich
3364 1007 3863 1123 Wirtshaus, d
1846 1031 3152 1175 xxx eiliges Mittagmahl in ein
1147 1059 4163 1298 jetzt doch?.“- „Was sollte mich reuen?“ -.Wm. du eben vorher
1826 1206 3276 1334 betreten hatte, und vor zwei
1234 1242 1418 1358 V. P.
3783 1254 4207 1394 gewis se
1143 1270 3803 1494 gesagt hast: Dass du mir gehörst. Jetzt regen sich doch
3783 1342 4067 1458 frgs
2009 1374 3180 1558 xxx. Der Portier teilte
1151 1402 3947 1622 bürgerliche Bedenken.. - „Gewiss nicht, Robert. Aber wäre
3136 1542 3328 1666 G.F.P.
1682 1562 3004 1702 sichligen -
1143 1598 4107 1830 nicht klüger, meine ich, man versuchte die Angelegenheit
2980 1714 3524 1846 etztliche Sohn
1990 1742 2872 1870 lassen. Die ober
1127 1778 4055 1962 hier an Ort und Stelle in Ordnung zu bringen?“ - „In ordnung
2860 1910 3124 2025 wart
2169 1922 2629 2041 ts preçoit
1127 1954 4127 2197 bringen? Wie stellst du dir das vor? Der Versuch könnte teuer
1634 2093 3472 2225 is gitt keine feil mehr in verlieren.
1115 2125 4107 2341 zu stehen kommen, Paula. Und ich bitte dich, ich beschwöre dich
1119 2305 3979 2561 nicht etwa selbst etwas zu unternehmen. Von dem, was ich dir
2761 2445 2940 2569 hat
1111 2485 4067 2721 jetzt anvertraut habe, darf niemand ein Wort erfahren. Das ist
1666 2629 2992 2753 der übrigen
1119 2693 3995 2880 das Wichtigste. Verlass dich nur ganz auf mich, es ist alles
2976 2789 3152 2900 lant
1111 2840 4115 3028 wohl überlegt. Punkt sechs Uhr fährt unser Zug vom Westbahnhof
2916 2960 3208 3084 achtung
1111 3024 3951 3252 ab. Zwanzig Minuten vorher bin ich dort- und du gleichfalls,
1083 3220 3883 3408 Du musst nicht viel mitnehmen. Um zehn Uhr kommen wir in
2257 3332 2717 3464 Todendale
3699 3368 4143 3576 „An wel-
1095 3352 3711 3643 Ort an, den ich vorläufig als Zuflucht gewählt habe." -
3699 3488 3947 3588 Otte
3284 3488 3631 3603 eines I
1095 3544 4063 3779 chem Ort?“ ƒ.Sei mir nicht böse, wenn ich ihn nicht nenne. In
1083 3711 4047 3967 der Zerstreutheit könntest dudich verraten. Vielleicht ist es
2109 3875 2581 3983 auch als ein
4027 3887 4410 4107 eill.
1079 3907 3959 4167 auch Aberglaube. Du musst es mir zu gute halten,Paula. Ich
1071 4099 4271 4331 nur die Gewissheit haben, dass du zur festgesetzten Stunde auf
2401 4219 2812 4343 Bahnhof
1075 4235 4039 4462 der Bahn bist. Sonst ist nämlich alles umsonst. Wenn du nicht
1063 4387 3999 4662 dort bist - so lass ich mich - und er Nachte auf -,so lass
1962 4578 2369 4706 ich noch
1043 4598 4263 4878 Ich mich ganz einfach umbringen. Denn ohne dich bin ich verloran.
959 4762 3979 5046 auf jeden Fall. Ja, das ist mein untrügliche Gefühl. Also, du
1039 5014 4167 5261 bist auf der Bahn und wirst keiner Menschenseele eine Silbe ver-
