4920 5908
3837 563 4027 787 31
1011 935 4014 1282 tern, als die Mutter mit vielen kleinen Paketen heimkehrte und
1015 1138 4099 1396 den Schwager aufs Herzlichste willkommen hiess. Sie setzte sich
1028 1290 4145 1620 an den langen weissen Tisch der Kinder ihm gegenüber und bat ihn
3134 1442 3710 1574 bet in ite
977 1476 4103 1777 Mit ihrem gewohnten spöttisch-vergnügten Lächeln sich in seinen
1028 1675 4171 1984 technischen Erörterungen nicht stören zu lassen. Gleich nach ihr,
1032 1878 4141 2128 wie in einer Vorahnung von Roberts Besuch zu früherer Stunde als
1024 2013 4133 2335 gewöhnlich, trat Otto noch im Ueberrock und mit der schwarzleder-
1015 2191 4222 2466 nen Arztenstasche, ins Zimmer ein. Sein Haar und sein Bart erschie-
1231 2242 1815 2394 Instrumenten
1688 2415 2517 2530 rechtergant
1041 2386 4082 2665 nen Robert um viales grauen gewarden. „Nun also,da wär-man ja
1028 2546 3985 2843 wieder“, sagte er etwas trocken. Dann legte er die Tasche hin,
1045 2699 4040 2995 ergriff des Bruders Hände, schüttelte sie und nach einem leich-
1032 2914 4141 3164 ten Zögern umarmte er ihn,worauf sie beide etwas verlegen waren.
1045 3096 4112 3346 Marianne nickte wie befriedigt. „Du kommst heute wohl schon aus
1041 3266 4069 3532 dem Ministerium" fragte Otto. - „Du überschätzt meinen Eifer“,
2136 3414 3003 3553 int unfinst abegd
1045 3414 4293 3697 sagte Robert. „Mein Urlaub kauft noch einige Tage und es wäre nicht
1041 3608 4437 3887 undenkbar, dass ich noch auf ein paar Tage ins Gebirge gehe. Ed-
1045 3786 4073 4095 mund, den ich gestern Abend zufällig im Café getroffen habe,rät
1091 3807 1844 3972 Esmand
1041 3985 4124 4243 mir dazu.Er hatte absichtlich Leinbachs Vornamen genannt, um ihn
1045 4133 4145 4408 gewissermassen als den alten Freund, und nicht etwa in seinem für
1045 4336 4213 4619 Otto immer etwas anzweifelbaren ärztlichen Charakter ins Gespräch
2902 4488 3329 4602 immites.
1045 4539 4150 4793 einzuführen. Otto konnte trotzdem ein vällisches Lächeln nicht
1041 4636 4150 5004 unterdrücken. Umso mehr liess es sich Robert später, als man bei
1032 4860 4099 5114 Tische sass, angelegen sein, Leinbachs menschliche Vorzüge, insbe-
1024 5025 4154 5317 sondere seine Liebenswürdigkeit und Gutherzigkeit zu loben, wobei
