4824 5876
3692 489 4131 729 „ 92 92
1691 709 4289 924 Unter diesen Eindrücken, die bei den nächsten Zusammen-
3845 816 4276 912 derspruch
3191 820 3501 936 halten
1106 837 3083 990 gezogen, bei dem Robert sich im Ganzen gut
1111 945 4198 1111 künften sich befestigten, schwand Roberts Unruhe allmählig dahin.
3970 990 4206 1106 del
1570 1007 3274 1148 einerlei Erregung gezeigt,- ebenso xxx
1106 1069 4268 1330 Er sah ein, dass er weder für sich noch für seinen Bruder etwas zu
1512 1198 2909 1318 harmlos gegeben hatte, dass se
1111 1222 4015 1405 befürchten hatte, und unter einem gleichsam nach allen Seiten
3671 1322 4115 1454 Trotzdem
1599 1359 3373 1500 ihn nicht für verrückt hätte halten k
1106 1396 1529 1508 eobachten
1094 1459 4181 1674 aufgehellten Himmel durfte er sich unbedenklich der Zukunft ent-
2138 1554 2383 1687 aussi
1073 1575 1716 1778 gegenfreuen.
2097 1645 4106 1823 Beobachter, der ihn lange nicht gesehen, ge¬
1881 1645 2059 1840 Cber
1077 1745 1628 1906 dass einem
1653 1803 4044 1935 In einer Nacht, die einem Musik-Abend im Hause des
2797 1877 4019 1993 tafallen wären, die, wie schon
2188 1910 2420 2014 er zu
1367 1869 1653 2035 G.C.H.F.
1069 1952 4227 2167 Bruders folgte, begegnete es ihm zum ersten Male wieder nach geran-
2544 2076 2739 2192 welche
1065 2088 4115 2350 mer Zeit, dass er den Schlaf vergeblich erwartete. Viertelstunde
2751 2238 3083 2366 Zn den Z
2358 2250 2544 2366 ƒ
1069 2287 4185 2507 auf Viertelstunde hörte er vom Kirchturm tönen und blieb vollkom-
1057 2503 4123 2698 men, ja über-wach. Da er die Erfahrung gemacht hatte, dass es ihm
4069 2540 4231 2693 1 hum
2905 2590 3369 2702 asste ihm
1069 2664 4135 2872 übel bekam, wenn er in solchen Stunden seine Gedanken in eine be-
3062 2768 3327 2884 aufget
1053 2859 4094 3058 stimmte Richtung zu lenken versuchte, liess er sie treiben, wohin
1057 2996 4040 3257 sie wollten, als plötzlich nach allerlei gleichgültigen Einfäl-
2163 3145 2507 3257 ter ton
1028 3182 4032 3410 len mit peinlicher Schärfe ein bestimmter Moment des eben ver-
3767 3290 3995 3394 Tudem d
1024 3390 4135 3588 flossenen Abends sich seiner Erinnerung aufdrängte. An der Taß 1
1032 3564 4164 3763 ihm gegenüber war ein Herr gesessen, der ihn aufmerksam betrachtet
1028 3754 4048 3928 und, seinen Blick, sobald er ihn bemerkt gesehen, immer wieder be-
1011 3903 4024 4119 fli sen weggewandt hatte. Robert hatte dem keinerlei Beachtung
994 4098 4069 4260 geschenkt, was ihn nun nachträglich wunderte, da der Herr, der ihn
2905 4202 3058 4326 dass
1546 4222 1906 4351 hatten
1024 4235 1185 4359 Welt
1011 4276 3974 4459 so sonderbar fixiert hatte, keineswegs der erste Beste, sondern
3588 4363 3879 4450 den
2366 4363 3187 4467 tte Otto nicht sei
990 4426 4007 4658 Arzt und zwar geradeso wie Otto ein Nervenarzt war, dem er seit
3804 4537 3970 4633 d wä
2316 4554 2640 4666 Voraussi
978 4604 4086 4827 Jahren im Hause des Bruders nicht mehr begegnet war, Nachher bei
3108 4724 3406 4836 en Zeit
2635 4736 2801 4836 all
1678 4749 2180 4865 nicht garne
957 4798 4285 5047 Kaffee und Zigarre hatte ihn der Gelehrte in ein anscheinend gleich-
1769 4914 2909 5035 h so entschieden für ihn
961 4981 3978 5192 gültiges Gespräch, hauptsächlich über musikalische Gegenstände,
332 4972 514 5180 10
