4728 5880
1405 570 1696 779 the
3876 582 4077 873 48
1336 901 4192 1201 ins Dunkel der Vergessenheit gerückter Stunden in sich fass-
3229 1020 3561 1143 werden.
664 930 1356 1233 welche völlig in
1344 1090 1741 1225 G.F.S. 1814
2303 1065 2622 1180 Geo
3774 1069 4093 1254 er sol-
3524 1078 3790 1225 eins
963 1143 3544 1373 te, warum sollte er den Mord an xxx nicht ebenso in
3528 1192 3794 1291 dans la fois de
3774 1180 4024 1307 "F.T.
1787 1250 1959 1381 G.F.P
2299 1225 2913 1352 Brigelle
955 1262 4061 1537 chen Stunde verübt haben, wie den an Alberta? - Den an Alberta -?
1160 1455 1434 1578 41 Ab¬
934 1426 4143 1643 Was hatte denn Alberta damit zu tun? Er streckte die Hand nach der
942 1602 4225 1840 Lampe neben seinem Bett aus und schaltete ein. War
951 1754 4171 2041 daas er Alberta ungebracht und im Walde verschmert hatte? Nicht nur
3229 1905 3438 2000 Kühle
930 1987 3995 2241 nicht bewiesen war es; es leg überhaupt nichts vor, was nur im
3536 2073 3995 2188 edeckt aan,
3184 2077 3417 2217 lken
951 2168 3987 2405 Entferntesten für die Möglienkeit sprach, dass de gesehchen sein
922 2323 4126 2598 könnte. Ebenso rasch als sie ihn in der Finsternis überfallen, zer-
934 2508 3999 2737 flatterten im hellgewordenen Raum die Schreckgedanken in nichts.
3721 2565 4151 2696 tot fühl-
3438 2610 3618 2721 ger
926 2676 3946 2934 Er anmete auf. Was für eine Tollheit, dachte er,mir einzubilden,
934 2831 4159 3130 dass ich T### vergiftet habe. Das gute, sanfte, heute noch gelieb-
1340 3016 1750 3159 Brisselle
934 3032 4134 3286 te Geschöpf. Erzählte ich, dachte er weiter, meinem Freunde Leinbach
926 3233 4073 3454 von den Gespenstern dieser Nacht, was fände er mir zuerwidern? Vor
910 3385 3987 3634 allem wohl, dass er für seinen Teil von den meisten verstorbenen
914 3581 4200 3819 Menschen seiner Bekanntschaft sich zuweilen einbildet, sie umgebracht
914 3725 4147 3987 zu haben,- ferner, dass es um Ende keinen besonderen Unterschied be-
2942 3864 3499 3995 jemarder
910 3864 4122 4159 deute, philosophisch betrachtet, ob man einen Menschen wirklich töte
3188 4040 3389 4110 auch
2397 4044 2766 4192 endlich
910 4093 4077 4356 oder ihm nur den Tod wünsche;- dass wir eigentlich alle mehr oder
910 4249 3966 4479 weniger Mordgesellen seien; und dass er von seinem Standpunkt en
897 4380 3807 4729 mir auch gar nicht übel nähme, wenn ich sowohl Alberta als in
3893 4470 4077 4556 ste-
3684 4470 4200 4659 Schipill
1659 4610 1881 4708 en würden
881 4634 4065 4880 wirklich ungebracht hätte. Kenn ich dich, Freund Leinbach? Aber du
889 4827 3946 5015 sollst keine Gelegenheit haben deinen Witz an mir zu probieren.
3151 4909 3442 5007 ansch.
2471 4917 3208 5048 Finhaltungen
2110 4942 2331 5028 und dI
1766 4958 2032 5044 art ba.
897 5003 3999 5261 Es ist immerhin sicherer von solchen Dingen auch seinen nächsten
3811 5077 3983 5171 itte
2754 5101 3458 5204 am Tor weg gege¬
1905 5110 2692 5241 ts dagegen, trat
885 5122 4179 5450 Freunden nichts zu verraten. Ich werde auch Otto nicht davon sagen.
