4936 5908
4022 560 4207 786 29
1830 709 2482 935 Er hatt
2059 903 2454 1068 dame
1096 899 4244 1233 hatte. Er behauptete einen Beweis gefunden zu habem dass
1100 1132 4264 1410 es eigentlich keinen Tod auf der Welt gebe. Es sei ja zweifellos,
2462 1261 2676 1402 Es
1108 1261 4280 1596 erklärte er, dass nicht nur bei Ertrinkenden, für die es längst er-
2333 1451 2495 1572 his
1096 1483 4135 1781 wiesen sei, sondern, dass bei allen überbenden im letzten Augen-
3647 1560 4030 1685 A dire
1112 1620 4151 1890 blick das ganze Leben mit einer ungeheueren, für uns Andere gar
3446 1729 3869 1866 alvollt
2902 1773 3095 1878 in
1108 1814 4284 2128 nicht zu fassenden Geschwindigkeit noch einmal verbeizäge. Da nun
3208 1918 3510 2059 wiede
1096 1999 4167 2285 aber dieses erinnerte Leben natürlich auch einen letzten Augen-
1112 2180 4248 2462 blick habe, innerhalb dessen wieder das Gleiche vor sich gehe, und
1112 2313 4171 2591 dieser letzte Augenblick wieder einen letzten, und so weiter, so
1112 2539 4211 2833 bedeute das Sterben im Grunde nichts anderes, als die Ewigkeit -
1120 2700 4183 2994 unter der mathematischen Formel einer unendlichen Reihe. Robert
2974 2833 3313 2958 dieses
1120 2821 4219 3184 erinnerte sich noch, wie erbittert Otto dies Gefasel zurückgewie-
1120 3031 4223 3337 sen hatte; Robert aber, freilich ohne sich für Leinbachs Auffas-
1112 3208 4272 3538 sung einzusetzen, hatte nicht vermocht sie völlig unsinnig zu fin-
2196 3232 2656 3349 the assur
1350 3264 1689 3413 guasip
1112 3421 4199 3651 den. Wenn jene Erklärung stimmte, so wusste man freilich nie,zum
3526 3490 4248 3615 und is beiden
1116 3587 4236 3829 wievielten Mal man irgend eine Sache durchlebte, anderenseits war
1128 3764 4232 4018 es aber gleichgültig, da man ja alles unendliche Male zu durchle-
1108 3957 4195 4244 ben genommen war.-Ach Unsinn über Un sinn! Eine fragwürdige Er-
1386 3990 1882 4103 verclamer
2204 4058 3724 4223 übertrager nicht ernst zu nehmen,
1112 4086 4276 4409 scheinung Freund Leinbach, und xxx als Arztl Den konnte man natür-
1560 4127 1922 4256 i Lilser
1096 4256 4135 4614 lich anschwindeln,wie man nur wollte; es war keine Kunst. Mit
1116 4441 4356 4763 Otto würde man kein so leichtes Spiel haben. Nain, das war eine an-
1112 4687 2301 4965 dere, eine heikle Sache.
2406 4703 2930 4909 en freudige
1689 4796 4119 5090 Das Tor des Gasthofs öffnete sich vor ihm. Als er
1112 4997 4155 5308 die Treppen hinaufging, stænden plötzlich wieder wie xxxx vor
