4904 5892
2377 554 2849 764 V. F.
4084 677 4245 887 75
1137 743 4384 1063 Tätigkeit keine Unterbrechung gönne, benützte Robert gerne die Gel-
3313 952 4401 1092 tasen Ergantinstoff ver-
2615 985 2787 1076 Cust
1129 1055 4167 1260 genheit, dem Bruder wegen einer solchen, in ihnen Art auch nicht
3255 1141 4228 1244 dessenen Traum von der
1125 1199 4425 1445 eben vernünftig zu nennenden Lebensweise freundschaftliche Ratschlä-
3165 1318 4097 1433 geschlossenen Flügel.
1112 1400 4351 1621 ge zu erteilen, die zwar geduldig angehört, aber nicht im Geringsten
3772 1494 3965 1597 und
1125 1601 1892 1819 befolgt wurden.
3021 1576 4282 1761 istet; aus den Wänden regten
1954 1663 2426 1794 Wm.Sz.
2475 1589 2726 1790 M r
1679 1753 4290 1958 Eines Abends im Kaffeehaus wurde in Roberts Gegenwart
3649 1835 3904 1950 inden
1100 1938 4179 2135 zufällig der Affaire Kestner Erwähnung getan. Man sprach davon,
1108 2089 4130 2311 dass gegen den flüchtigen Anwalt tatsächlich eine gerichtliche
1100 2295 4224 2529 Anzeige nicht vorgelegen oder dass sie zurückgezogen worden war;
3850 2364 4216 2463 Ueberra
2295 2389 2902 2541 & ficileit
1092 2463 4220 2664 doch die prächtige Wohnung sei nicht nur gewürdigt sondern unter
1084 2652 4220 2841 der Hand schon für die allernächste Zeit weitervermietet worden.
1080 2791 4232 3009 Bei dieser Nachricht wurde Robert von einem unverhältnismässigen
1088 3009 4298 3218 Mitleid erfasst, und erschien sich mit einem Male hart, ja geradezu
1076 3185 4228 3358 verworfen, weil er sich um die beiden Damen, die gewiss ein Lebens-
1076 3317 4236 3567 zeichen von ihm zu erwarten berechtigt waren, überhaupt nicht mehr
1059 3497 4126 3723 gekümmert hatte. Das Gefühl seiner Versäumnisverfolgte ihn in
3768 3604 3949 3723 ch's
1063 3682 4150 3920 den Schlaf, und am nächsten Morgen fragte er telefonisch an, wann
3489 3772 3859 3892 nicht mehr
3136 3793 3465 3887 wir n
1071 3883 4183 4076 er sich persönlich nach dem Befinden der Damen erkundigen dürfe.
3510 3957 4142 4072 werden. Doch
1047 4052 4208 4261 Er erkannte die Stimme Paulas erst, als sie ihn mit völliger Unbe-
3719 4138 4134 4269 Seinahe
1047 4232 4035 4433 fangenheit für den Abend desselben Tags um seinen Besuch bat.
3715 4310 4023 4425 „Venn
1617 4364 4204 4602 Der grosse Salon, in den er um die sechste Stunde ein-
3756 4507 4023 4602 t zu
1039 4577 4002 4815 trat, sah unwirtlich, beinahe traurig aus. Die Möbel waren mit
3797 4598 4113 4860 „ seit
1572 4786 3128 4996 Jetzt gesprochen haben, aber es
3617 4815 4097 4967 wirklich,
1453 4988 4142 5156 wisse Breignisse von den Unbsteiligten schwerer genommen
1416 5152 4060 5386 als von den eigentlich Betroffenen. Das Peinlichste an
