<?xml version="1.0" encoding="UTF-8" standalone="yes"?>
<PcGts xmlns="http://schema.primaresearch.org/PAGE/gts/pagecontent/2013-07-15" xmlns:xsi="http://www.w3.org/2001/XMLSchema-instance" xsi:schemaLocation="http://schema.primaresearch.org/PAGE/gts/pagecontent/2013-07-15 http://schema.primaresearch.org/PAGE/gts/pagecontent/2013-07-15/pagecontent.xsd">
    <Metadata>
        <Creator>prov=READ-COOP:name=TrHtr:version=2.1.0:model_id=51170:date=15_08_2023_07:01</Creator>
        <Created>2023-05-10T15:04:14.285+02:00</Created>
        <LastChange>2023-08-15T07:01:17.243+02:00</LastChange>
        <TranskribusMetadata docId="1428793" pageId="55429971" pageNr="89" tsid="132841504" status="IN_PROGRESS" userId="64420" imgUrl="https://files.transkribus.eu/Get?id=BMNDJPCYRMWRQLIXSBBPRFTM&amp;fileType=view" xmlUrl="https://files.transkribus.eu/Get?id=LPWXUYPJVXFTQRPEKEGEOZPQ" imageId="44704043"/>
    </Metadata>
    <Page imageFilename="1428793_0089.jpg" imageWidth="4888" imageHeight="5892">
        <ReadingOrder>
            <OrderedGroup id="ro_1711806381307" caption="Regions reading order">
                <RegionRefIndexed index="0" regionRef="tr_1"/>
            </OrderedGroup>
        </ReadingOrder>
        <TextRegion id="tr_1" custom="readingOrder {index:0;}">
            <Coords points="1134,636 4381,636 4381,5305 1134,5305"/>
            <TextLine id="tr_1_tl_1" custom="readingOrder {index:0;}">
                <Coords points="4033,720 4061,712 4073,720 4081,708 4138,712 4183,740 4203,736 4191,526 4146,530 4138,538 4130,530 4118,542 4094,538 4081,550 4021,538"/>
                <Baseline points="4053,686 4142,686 4214,698"/>
                <TextEquiv>
                    <Unicode>74</Unicode>
                </TextEquiv>
            </TextLine>
            <TextLine id="tr_1_tl_2" custom="readingOrder {index:1;}">
                <Coords points="1112,991 1553,1068 1756,963 4276,894 4280,748 1116,898"/>
                <Baseline points="1134,979 1152,979 1241,973 1331,973 1420,967 1510,967 1599,961 1689,955 1778,949 1868,943 1958,943 2047,937 2137,931 2226,931 2316,931 2405,925 2495,925 2584,919 2674,919 2763,913 2853,907 2943,907 3032,895 3122,901 3211,895 3301,889 3390,883 3480,883 3569,883 3659,877 3748,871 3838,865 3928,865 4017,865 4107,859 4196,853 4286,853"/>
                <TextEquiv>
                    <Unicode>Tätigkeit keine Unterbrechung gönne, benützte Robert gerne die Gele</Unicode>
                </TextEquiv>
            </TextLine>
            <TextLine id="tr_1_tl_3" custom="readingOrder {index:2;}">
                <Coords points="1658,1076 4174,1011 4280,890 1662,967"/>
                <Baseline points="1683,1050 1689,1050 1778,1044 1868,1038 1958,1032 2047,1032 2137,1026 2226,1020 2316,1020 2405,1014 2495,1014 2584,1008 2674,1002 2763,1002 2853,1002 2943,996 3032,996 3122,990 3211,984 3301,984 3390,984 3480,973 3569,973 3659,973 3748,967 3838,961 3928,961 4017,955 4107,955 4196,949 4286,949"/>
                <TextEquiv>
                    <Unicode>„Keine Spur davon. Einbildung. Und durch deine wieder-</Unicode>
                </TextEquiv>
            </TextLine>
            <TextLine id="tr_1_tl_4" custom="readingOrder {index:3;}">
                <Coords points="1129,1193 4085,1068 4085,979 1133,1060"/>
                <Baseline points="1152,1158 1229,1146 1319,1146 1408,1140 1498,1134 1587,1134 1677,1128 1767,1128 1856,1122 1946,1116 2035,1116 2125,1116 2214,1110 2304,1110 2393,1104 2483,1098 2572,1092 2662,1092 2751,1092 2841,1086 2931,1086 3020,1080 3110,1074 3199,1068 3289,1068 3378,1062 3468,1056 3557,1056 3647,1056 3736,1050 3826,1044 3916,1050 4005,1044 4095,1038"/>
                <TextEquiv>
                    <Unicode>genheit, dem Bruder wegen einer solchen, in ihnen Amt auch nicht</Unicode>
                </TextEquiv>
            </TextLine>
            <TextLine id="tr_1_tl_5" custom="readingOrder {index:4;}">
                <Coords points="1169,1258 4098,1165 4134,1080 1173,1173"/>
                <Baseline points="1193,1235 1277,1235 1367,1235 1456,1229 1546,1223 1635,1217 1725,1217 1814,1217 1904,1211 1993,1211 2083,1205 2172,1199 2262,1199 2352,1193 2441,1193 2531,1187 2620,1187 2710,1181 2799,1181 2889,1176 2978,1170 3068,1164 3157,1164 3247,1158 3337,1158 3426,1158 3516,1152 3605,1146 3695,1146 3784,1140 3874,1140 3963,1134 4053,1140 4142,1140"/>
                <TextEquiv>
                    <Unicode>holten Versuche die Bewegungsfähigkeit deines Lids zu prüfen,</Unicode>
                </TextEquiv>
            </TextLine>
            <TextLine id="tr_1_tl_6" custom="readingOrder {index:5;}">
                <Coords points="1125,1347 4340,1270 4377,1153 1129,1262"/>
                <Baseline points="1146,1325 1158,1325 1247,1325 1337,1319 1426,1313 1516,1313 1605,1307 1695,1307 1784,1301 1874,1301 1964,1295 2053,1295 2143,1289 2232,1289 2322,1283 2411,1277 2501,1277 2590,1271 2680,1259 2769,1265 2859,1259 2948,1253 3038,1253 3128,1247 3217,1241 3307,1241 3396,1235 3486,1235 3575,1235 3665,1229 3754,1223 3844,1217 3933,1217 4023,1211 4113,1211 4202,1211 4292,1205 4381,1199"/>
                <TextEquiv>
                    <Unicode>eben vernünftig zu nennenden Lebensweise freundschaftliche Ratschlä-</Unicode>
                </TextEquiv>
            </TextLine>
            <TextLine id="tr_1_tl_7" custom="readingOrder {index:6;}">
                <Coords points="1165,1448 4263,1335 4267,1242 1169,1347"/>
                <Baseline points="1187,1408 1229,1408 1319,1408 1408,1402 1498,1402 1587,1396 1677,1396 1767,1390 1856,1390 1946,1384 2035,1378 2125,1378 2214,1373 2304,1373 2393,1367 2483,1361 2572,1367 2662,1361 2751,1355 2841,1349 2931,1349 3020,1343 3110,1337 3199,1337 3289,1337 3378,1331 3468,1325 3557,1325 3647,1319 3736,1319 3826,1313 3916,1313 4005,1307 4095,1307 4184,1301 4274,1313"/>
                <TextEquiv>
                    <Unicode>hast du dir jetzt dieses Zuoken angewöhnt. Denk nicht mehr dran,</Unicode>
                </TextEquiv>
            </TextLine>
            <TextLine id="tr_1_tl_8" custom="readingOrder {index:7;}">
                <Coords points="1120,1557 4162,1436 4296,1327 1125,1456"/>
                <Baseline points="1146,1522 1170,1516 1259,1504 1349,1498 1438,1492 1528,1492 1617,1492 1707,1486 1796,1480 1886,1480 1975,1474 2065,1468 2155,1468 2244,1462 2334,1456 2423,1456 2513,1456 2602,1456 2692,1450 2781,1450 2871,1444 2960,1438 3050,1438 3140,1432 3229,1426 3319,1426 3408,1420 3498,1414 3587,1414 3677,1414 3766,1408 3856,1396 3945,1402 4035,1396 4124,1396 4214,1390 4304,1384"/>
                <TextEquiv>
                    <Unicode>ge zu erteilen, die zwar geduldig angehört, aber nicht im Geringsten</Unicode>
                </TextEquiv>
            </TextLine>
            <TextLine id="tr_1_tl_9" custom="readingOrder {index:8;}">
                <Coords points="1165,1602 2229,1634 2459,1582 2621,1626 2722,1614 2726,1456 1169,1541"/>
                <Baseline points="1193,1587 1205,1587 1295,1587 1384,1587 1474,1581 1564,1575 1653,1575 1743,1570 1832,1570 1922,1564 2011,1564 2101,1558 2190,1552 2280,1552 2369,1546 2459,1540 2549,1540 2638,1540 2728,1534"/>
                <TextEquiv>
                    <Unicode>so wird es von selber aufhören."</Unicode>
                </TextEquiv>
            </TextLine>
            <TextLine id="tr_1_tl_10" custom="readingOrder {index:9;}">
                <Coords points="1654,1780 3916,1711 4065,1699 4069,1586 1658,1590"/>
                <Baseline points="1677,1743 1749,1737 1838,1737 1928,1737 2017,1731 2107,1731 2196,1731 2286,1725 2375,1719 2465,1713 2554,1713 2644,1707 2734,1707 2823,1707 2913,1701 3002,1695 3092,1701 3181,1695 3271,1695 3360,1683 3450,1677 3539,1677 3629,1671 3719,1671 3808,1671 3898,1665 3987,1665 4077,1653"/>
                <TextEquiv>
                    <Unicode>Der Wagen hielt vor dem Hotel. „Ah, wir sind schon</Unicode>
                </TextEquiv>
            </TextLine>
            <TextLine id="tr_1_tl_11" custom="readingOrder {index:10;}">
                <Coords points="1125,1727 1149,1727 1189,1764 1218,1747 1242,1756 1254,1743 1282,1743 1302,1764 1335,1751 1347,1764 1387,1747 1424,1751 1428,1630 1404,1630 1367,1602 1347,1614 1331,1598 1307,1614 1254,1602 1209,1626 1185,1602 1169,1614 1157,1602 1129,1606"/>
                <Baseline points="1152,1689 1241,1689 1331,1683 1420,1689 1432,1689"/>
                <TextEquiv>
                    <Unicode>befolg</Unicode>
                </TextEquiv>
            </TextLine>
            <TextLine id="tr_1_tl_12" custom="readingOrder {index:11;}">
                <Coords points="3657,1780 3717,1788 3774,1764 3839,1784 3871,1768 3899,1788 4009,1764 4174,1780 4231,1768 4235,1675 4170,1687 4098,1667 4045,1703 3912,1711 3823,1683 3750,1707 3661,1703"/>
                <Baseline points="3677,1761 3707,1755 3796,1755 3886,1755 3975,1749 4065,1743 4154,1743 4244,1737"/>
                <TextEquiv>
                    <Unicode>Gegenwart</Unicode>
                </TextEquiv>
            </TextLine>
            <TextLine id="tr_1_tl_13" custom="readingOrder {index:12;}">
                <Coords points="1675,1853 3491,1808 3608,1788 3608,1715 1675,1776"/>
                <Baseline points="1695,1832 1725,1838 1814,1832 1904,1832 1993,1820 2083,1820 2172,1820 2262,1814 2352,1808 2441,1808 2531,1808 2620,1802 2710,1796 2799,1796 2889,1790 2978,1784 3068,1784 3157,1784 3181,1778 3259,1778 3348,1772 3438,1767 3528,1767 3617,1761"/>
                <TextEquiv>
                    <Unicode>Eines Abends im Kaffechau wurde in Roben</Unicode>
                </TextEquiv>
            </TextLine>
            <TextLine id="tr_1_tl_14" custom="readingOrder {index:13;}">
                <Coords points="1165,1954 4102,1869 4203,1764 2018,1877 1169,1820"/>
                <Baseline points="1187,1940 1259,1940 1349,1940 1438,1940 1528,1934 1617,1928 1707,1922 1796,1922 1886,1916 1975,1916 2065,1916 2155,1910 2244,1904 2334,1904 2423,1898 2513,1898 2602,1892 2692,1892 2781,1886 2871,1886 2960,1880 3050,1874 3140,1868 3229,1868 3319,1868 3408,1862 3498,1856 3587,1850 3677,1850 3766,1844 3856,1844 3945,1838 4035,1838 4124,1838 4214,1832"/>
                <TextEquiv>
                    <Unicode>da“, sagte Robert. „Willst du dir nicht einmal mein Zimmer anse-</Unicode>
                </TextEquiv>
            </TextLine>
            <TextLine id="tr_1_tl_15" custom="readingOrder {index:14;}">
                <Coords points="3847,1950 3944,1954 3988,1942 4001,1954 4025,1946 4037,1954 4098,1942 4098,1873 4069,1865 4049,1881 4033,1869 3968,1881 3932,1865 3907,1877 3895,1865 3847,1869"/>
                <Baseline points="3868,1928 3957,1928 4047,1928 4107,1928"/>
                <TextEquiv>
                    <Unicode>davon</Unicode>
                </TextEquiv>
            </TextLine>
            <TextLine id="tr_1_tl_16" custom="readingOrder {index:15;}">
                <Coords points="3596,1966 3653,1958 3661,1950 3685,1962 3705,1954 3729,1962 3754,1950 3802,1950 3802,1869 3758,1873 3746,1885 3713,1877 3697,1889 3681,1873 3665,1877 3620,1853 3600,1853"/>
                <Baseline points="3623,1940 3635,1940 3725,1934 3814,1934"/>
                <TextEquiv>
                    <Unicode>brach</Unicode>
                </TextEquiv>
            </TextLine>
            <TextLine id="tr_1_tl_17" custom="readingOrder {index:16;}">
                <Coords points="1569,2035 1594,2039 1618,2027 1667,2043 1699,2014 1760,2035 1788,2027 1816,2039 1832,2022 1877,2031 1881,1954 1820,1942 1792,1954 1768,1942 1756,1954 1711,1958 1699,1946 1574,1958"/>
                <Baseline points="1593,2017 1617,2017 1707,2005 1796,1999 1886,1999"/>
                <TextEquiv>
                    <Unicode>or Aff</Unicode>
                </TextEquiv>
            </TextLine>
            <TextLine id="tr_1_tl_18" custom="readingOrder {index:17;}">
                <Coords points="1157,2144 4102,2055 4174,1938 2581,1897 1986,2039 1161,2063"/>
                <Baseline points="1181,2113 1229,2113 1319,2119 1408,2113 1498,2107 1587,2101 1677,2101 1767,2095 1856,2095 1946,2089 2035,2083 2125,2083 2214,2077 2304,2077 2393,2071 2483,2071 2572,2065 2662,2065 2751,2059 2841,2053 2931,2053 3020,2047 3110,2041 3199,2041 3289,2035 3378,2035 3468,2029 3557,2029 3647,2023 3736,2023 3826,2017 3916,2017 4005,2017 4095,2005 4184,1999"/>
                <TextEquiv>
                    <Unicode>hen, Otto? Es ist sehr hübsch.</Unicode>
                </TextEquiv>
            </TextLine>
            <TextLine id="tr_1_tl_19" custom="readingOrder {index:18;}">
                <Coords points="1169,2055 1218,2047 1242,2059 1250,2051 1274,2059 1311,2059 1319,2051 1375,2059 1375,1970 1347,1970 1335,1958 1323,1966 1294,1962 1250,1970 1209,1954 1189,1966 1169,1966"/>
                <Baseline points="1193,2029 1283,2029 1373,2029 1384,2029"/>
                <TextEquiv>
                    <Unicode>eufal</Unicode>
                </TextEquiv>
            </TextLine>
            <TextLine id="tr_1_tl_20" custom="readingOrder {index:19;}">
                <Coords points="2399,2172 2476,2172 2480,2180 2516,2168 2560,2180 2617,2160 2641,2164 2645,2083 2605,2075 2577,2091 2512,2083 2484,2107 2459,2103 2439,2111 2403,2103"/>
                <Baseline points="2423,2160 2471,2160 2560,2155 2650,2149"/>
                <TextEquiv>
                    <Unicode>Anwalt</Unicode>
                </TextEquiv>
            </TextLine>
            <TextLine id="tr_1_tl_21" custom="readingOrder {index:20;}">
                <Coords points="1169,2318 2666,2281 2670,2168 2403,2184 2285,2095 1990,2087 1808,2156 1658,2107 1173,2160"/>
                <Baseline points="1193,2286 1247,2292 1337,2286 1426,2280 1516,2280 1605,2280 1695,2274 1784,2274 1874,2268 1964,2262 2053,2256 2143,2256 2232,2250 2322,2244 2411,2244 2501,2244 2590,2244 2680,2238"/>
                <TextEquiv>
                    <Unicode>uchtskirjäänissä sekkeväkset sekäkkeen</Unicode>
                </TextEquiv>
            </TextLine>
            <TextLine id="tr_1_tl_22" custom="readingOrder {index:21;}">
                <Coords points="2819,2338 4138,2294 4142,2205 3632,2253 3588,2213 3256,2217 3094,2265 3034,2213 2823,2233"/>
                <Baseline points="2841,2322 2913,2322 3002,2316 3092,2316 3181,2310 3271,2310 3360,2298 3450,2298 3539,2298 3629,2292 3647,2286 3701,2286 3790,2280 3880,2280 3969,2274 4059,2274 4148,2262"/>
                <TextEquiv>
                    <Unicode>wie zurückgezogen worden war.</Unicode>
                </TextEquiv>
            </TextLine>
            <TextLine id="tr_1_tl_23" custom="readingOrder {index:22;}">
                <Coords points="2581,2362 2629,2362 2641,2350 2662,2362 2706,2338 2726,2350 2759,2350 2759,2245 2714,2245 2698,2261 2674,2249 2621,2281 2581,2273"/>
                <Baseline points="2602,2334 2680,2328 2769,2328"/>
                <TextEquiv>
                    <Unicode>dass</Unicode>
                </TextEquiv>
            </TextLine>
            <TextLine id="tr_1_tl_24" custom="readingOrder {index:23;}">
                <Coords points="1638,2471 2743,2532 3167,2403 4211,2378 4211,2294 3984,2277 2593,2370 2261,2281 1646,2289"/>
                <Baseline points="1659,2471 1713,2459 1802,2447 1892,2441 1981,2441 2071,2441 2160,2441 2250,2435 2340,2429 2429,2429 2519,2429 2608,2423 2698,2423 2787,2417 2877,2411 2966,2411 3056,2405 3145,2405 3235,2399 3325,2393 3414,2393 3504,2387 3593,2381 3683,2375 3772,2375 3862,2369 3951,2369 4041,2363 4130,2357 4220,2357"/>
                <TextEquiv>
                    <Unicode>„Nächstens einmal gern, heut hab ich leider keine Zeit</Unicode>
                </TextEquiv>
            </TextLine>
            <TextLine id="tr_1_tl_25" custom="readingOrder {index:24;}">
                <Coords points="3673,2459 3721,2476 3790,2467 3847,2492 4001,2492 4049,2463 4183,2476 4187,2378 3980,2374 3948,2391 3806,2387 3758,2407 3677,2407"/>
                <Baseline points="3695,2459 3748,2465 3838,2465 3928,2459 4017,2453 4107,2453 4196,2441"/>
                <TextEquiv>
                    <Unicode>hof hätte die</Unicode>
                </TextEquiv>
            </TextLine>
            <TextLine id="tr_1_tl_26" custom="readingOrder {index:25;}">
                <Coords points="1153,2654 3790,2617 4130,2569 4134,2476 1157,2589"/>
                <Baseline points="1181,2644 1271,2644 1361,2644 1450,2632 1540,2638 1629,2632 1719,2632 1808,2626 1898,2620 1987,2620 2077,2614 2166,2608 2256,2608 2346,2608 2435,2602 2525,2602 2614,2596 2704,2596 2793,2590 2883,2584 2972,2584 3062,2584 3151,2578 3241,2572 3331,2572 3420,2566 3510,2560 3599,2554 3689,2554 3778,2549 3868,2543 3957,2543 4047,2543 4136,2531"/>
                <TextEquiv>
                    <Unicode>mehr. Morgen sieht man dich ja hoffentlich wieder. Und - werd</Unicode>
                </TextEquiv>
            </TextLine>
            <TextLine id="tr_1_tl_27" custom="readingOrder {index:26;}">
                <Coords points="1108,2589 1165,2593 1270,2565 1307,2577 1367,2565 1408,2593 1480,2573 1513,2581 1521,2407 1472,2423 1444,2403 1408,2419 1343,2419 1315,2403 1116,2415"/>
                <Baseline points="1134,2560 1170,2554 1259,2554 1349,2554 1438,2549 1528,2543"/>
                <TextEquiv>
                    <Unicode>die</Unicode>
                </TextEquiv>
            </TextLine>
            <TextLine id="tr_1_tl_28" custom="readingOrder {index:27;}">
                <Coords points="3677,2645 3729,2658 3754,2641 3786,2658 3810,2637 3871,2662 3984,2641 4089,2654 4150,2641 4154,2577 4045,2556 3984,2581 3879,2556 3774,2609 3681,2577"/>
                <Baseline points="3701,2638 3719,2638 3808,2632 3898,2626 3987,2626 4077,2626 4166,2626"/>
                <TextEquiv>
                    <Unicode>et worden</Unicode>
                </TextEquiv>
            </TextLine>
            <TextLine id="tr_1_tl_29" custom="readingOrder {index:28;}">
                <Coords points="2423,2710 2694,2690 2718,2706 2807,2674 2852,2694 2989,2686 2989,2605 2953,2601 2900,2621 2848,2601 2783,2629 2706,2613 2597,2633 2520,2609 2496,2633 2427,2633"/>
                <Baseline points="2447,2686 2459,2686 2549,2686 2638,2680 2728,2674 2817,2668 2907,2668 2996,2668"/>
                <TextEquiv>
                    <Unicode>mächste Zei</Unicode>
                </TextEquiv>
            </TextLine>
            <TextLine id="tr_1_tl_30" custom="readingOrder {index:29;}">
                <Coords points="1177,2836 3143,2759 3268,2856 4065,2852 4073,2641 1181,2759"/>
                <Baseline points="1199,2817 1211,2823 1301,2823 1390,2823 1480,2817 1570,2811 1659,2811 1749,2805 1838,2805 1928,2799 2017,2793 2107,2793 2196,2793 2286,2787 2375,2781 2465,2775 2554,2775 2644,2775 2734,2775 2823,2769 2913,2763 3002,2763 3092,2757 3181,2757 3271,2751 3360,2746 3450,2746 3539,2740 3629,2740 3719,2734 3808,2728 3898,2728 3987,2728 4077,2728"/>
                <TextEquiv>
                    <Unicode>einmal vernünftig! Zeit wär's ja.“ Und er schüttelte Robert</Unicode>
                </TextEquiv>
            </TextLine>
            <TextLine id="tr_1_tl_31" custom="readingOrder {index:30;}">
                <Coords points="1157,3022 3972,2925 3976,2844 1161,2836"/>
                <Baseline points="1181,2996 1205,2996 1295,2990 1384,2984 1474,2990 1564,2984 1653,2978 1743,2978 1832,2972 1922,2972 2011,2966 2101,2966 2190,2960 2280,2954 2369,2954 2459,2954 2549,2954 2638,2948 2728,2948 2817,2943 2907,2937 2996,2937 3086,2931 3175,2931 3265,2925 3354,2925 3444,2919 3534,2913 3623,2913 3713,2907 3802,2907 3892,2901 3981,2901"/>
                <TextEquiv>
                    <Unicode>zum Abschied herzlich die Hand.</Unicode>
                </TextEquiv>
            </TextLine>
            <TextLine id="tr_1_tl_32" custom="readingOrder {index:31;}">
                <Coords points="3887,3014 3912,3018 3936,2997 3972,2993 4053,3001 4118,2989 4146,3005 4174,2993 4227,2997 4231,2904 4154,2904 4122,2920 4061,2908 4037,2929 3992,2916 3891,2920"/>
                <Baseline points="3910,2990 3969,2978 4059,2972 4148,2972 4238,2972"/>
                <TextEquiv>
                    <Unicode>gerade</Unicode>
                </TextEquiv>
            </TextLine>
            <TextLine id="tr_1_tl_33" custom="readingOrder {index:32;}">
                <Coords points="1630,3171 4178,3098 4122,2985 3240,3034 3090,2941 1634,3005"/>
                <Baseline points="1653,3157 1683,3157 1772,3151 1862,3145 1952,3145 2041,3145 2131,3140 2220,3140 2310,3134 2399,3134 2489,3134 2578,3128 2668,3128 2757,3122 2847,3116 2937,3116 3026,3110 3116,3104 3205,3104 3295,3098 3384,3098 3474,3092 3563,3092 3653,3086 3742,3080 3832,3080 3922,3080 4011,3068 4101,3074 4190,3074"/>
                <TextEquiv>
                    <Unicode>Robert war zumute, als wäre ihm eine schwere Last von</Unicode>
                </TextEquiv>
            </TextLine>
            <TextLine id="tr_1_tl_34" custom="readingOrder {index:33;}">
                <Coords points="3026,3236 3992,3187 4021,3090 3750,3094 3681,3131 3434,3103 3341,3139 3256,3111 3030,3127"/>
                <Baseline points="3050,3199 3128,3193 3217,3181 3307,3181 3396,3175 3486,3175 3575,3175 3665,3175 3754,3175 3844,3169 3933,3163 4023,3157"/>
                <TextEquiv>
                    <Unicode>für die Augenblick</Unicode>
                </TextEquiv>
            </TextLine>
            <TextLine id="tr_1_tl_35" custom="readingOrder {index:34;}">
                <Coords points="1157,3365 4021,3285 4025,3179 1161,3305"/>
                <Baseline points="1181,3342 1259,3342 1349,3342 1438,3342 1528,3337 1617,3337 1707,3331 1796,3331 1886,3325 1975,3319 2065,3319 2155,3313 2244,3313 2334,3307 2423,3313 2513,3307 2602,3301 2692,3301 2781,3295 2871,3289 2960,3289 3050,3289 3140,3283 3229,3283 3319,3277 3408,3277 3498,3271 3587,3265 3677,3265 3766,3259 3856,3259 3945,3253 4035,3247"/>
                <TextEquiv>
                    <Unicode>der Seele genommen worden. Ottos Worte hatten ihn nicht nur</Unicode>
                </TextEquiv>
            </TextLine>
            <TextLine id="tr_1_tl_36" custom="readingOrder {index:35;}">
                <Coords points="1149,3547 3952,3467 4126,3454 4130,3369 1768,3454 1153,3365"/>
                <Baseline points="1170,3522 1181,3522 1271,3522 1361,3522 1450,3522 1540,3516 1629,3510 1719,3510 1808,3510 1898,3504 1987,3498 2077,3498 2166,3492 2256,3492 2346,3492 2435,3486 2525,3480 2614,3480 2704,3480 2793,3474 2883,3474 2972,3468 3062,3462 3151,3456 3241,3456 3331,3450 3420,3444 3510,3444 3599,3444 3689,3438 3778,3438 3868,3432 3957,3432 4047,3426 4136,3414"/>
                <TextEquiv>
                    <Unicode>von der leisen, ohnedies fast schon geschwundenen Besorgnis be-</Unicode>
                </TextEquiv>
            </TextLine>
            <TextLine id="tr_1_tl_37" custom="readingOrder {index:36;}">
                <Coords points="3272,3560 3361,3543 3402,3552 3422,3572 3467,3547 3487,3547 3519,3568 3560,3564 3564,3467 3511,3463 3495,3479 3434,3458 3418,3471 3369,3471 3353,3483 3276,3471"/>
                <Baseline points="3295,3539 3301,3539 3390,3534 3480,3534 3569,3528"/>
                <TextEquiv>
                    <Unicode>oosten</Unicode>
                </TextEquiv>
            </TextLine>
            <TextLine id="tr_1_tl_38" custom="readingOrder {index:37;}">
                <Coords points="1153,3705 3903,3657 4126,3628 4130,3519 1157,3539"/>
                <Baseline points="1176,3701 1265,3695 1355,3695 1444,3695 1534,3689 1623,3683 1713,3683 1802,3677 1892,3677 1981,3671 2071,3671 2160,3671 2250,3665 2340,3665 2429,3659 2519,3665 2608,3659 2698,3659 2787,3653 2877,3647 2966,3641 3056,3641 3145,3635 3235,3635 3325,3629 3414,3623 3504,3623 3593,3623 3683,3617 3772,3611 3862,3611 3951,3605 4041,3605 4130,3605"/>
                <TextEquiv>
                    <Unicode>züglich seines Augenlids völlig, sondern auch von allen andern</Unicode>
                </TextEquiv>
            </TextLine>
            <TextLine id="tr_1_tl_39" custom="readingOrder {index:38;}">
                <Coords points="1149,3883 3042,3867 3280,3847 3285,3738 3159,3665 1153,3713"/>
                <Baseline points="1170,3880 1235,3880 1325,3874 1414,3874 1504,3868 1593,3862 1683,3862 1772,3856 1862,3856 1952,3850 2041,3850 2131,3844 2220,3844 2310,3844 2399,3838 2489,3838 2578,3832 2668,3832 2757,3826 2847,3826 2937,3820 3026,3814 3116,3814 3205,3808 3295,3808"/>
                <TextEquiv>
                    <Unicode>Angstgebilden wie durch Zauberkraft befreit.</Unicode>
                </TextEquiv>
            </TextLine>
            <TextLine id="tr_1_tl_40" custom="readingOrder {index:39;}">
                <Coords points="1456,4033 1533,4033 1561,4013 1582,4013 1606,4029 1618,4021 1638,4025 1646,3907 1622,3903 1610,3916 1586,3916 1569,3903 1557,3912 1517,3883 1468,3879"/>
                <Baseline points="1486,3969 1558,3969 1647,3957"/>
                <TextEquiv>
                    <Unicode>per</Unicode>
                </TextEquiv>
            </TextLine>
            <TextLine id="tr_1_tl_41" custom="readingOrder {index:40;}">
                <Coords points="2419,4041 2443,4037 2455,4049 2512,4041 2536,4049 2560,4033 2577,4029 2585,4037 2593,4029 2621,4029 2621,3936 2601,3936 2585,3948 2544,3928 2532,3936 2496,3928 2455,3944 2439,3928 2419,3928"/>
                <Baseline points="2441,4011 2531,4011 2620,4011 2632,4011"/>
                <TextEquiv>
                    <Unicode>10.</Unicode>
                </TextEquiv>
            </TextLine>
            <TextLine id="tr_1_tl_42" custom="readingOrder {index:41;}">
                <Coords points="3062,4085 3309,4089 3313,4001 3276,3996 3260,4009 3236,3992 3212,4001 3204,3992 3179,3996 3167,3988 3147,4005 3107,3964 3066,3960"/>
                <Baseline points="3086,4077 3140,4077 3229,4077 3319,4071"/>
                <TextEquiv>
                    <Unicode>e ihr</Unicode>
                </TextEquiv>
            </TextLine>
            <TextLine id="tr_1_tl_43" custom="readingOrder {index:42;}">
                <Coords points="1610,4243 3891,4174 3996,4162 4005,3988 3600,3972 3086,4102 2844,4001 1820,4085 1618,4029"/>
                <Baseline points="1635,4208 1677,4214 1767,4208 1856,4202 1946,4202 2035,4202 2125,4196 2214,4196 2304,4196 2393,4190 2483,4190 2572,4184 2662,4184 2751,4178 2841,4178 2931,4172 3020,4166 3110,4166 3199,4160 3289,4160 3378,4154 3468,4154 3557,4148 3647,4142 3736,4142 3826,4142 3916,4142 4005,4136"/>
                <TextEquiv>
                    <Unicode>Eine Reihe von guten Tagen brach für Robert an.</Unicode>
                </TextEquiv>
            </TextLine>
            <TextLine id="tr_1_tl_44" custom="readingOrder {index:43;}">
                <Coords points="3107,4272 3236,4288 3260,4263 3446,4280 3479,4251 3709,4267 3875,4243 3875,4162 3802,4178 3766,4158 3709,4191 3564,4166 3475,4195 3394,4166 3357,4187 3285,4166 3232,4199 3111,4187"/>
                <Baseline points="3128,4256 3163,4256 3253,4250 3342,4250 3432,4244 3522,4238 3611,4232 3701,4232 3790,4232 3880,4226"/>
                <TextEquiv>
                    <Unicode>seinen Besuch b</Unicode>
                </TextEquiv>
            </TextLine>
            <TextLine id="tr_1_tl_45" custom="readingOrder {index:44;}">
                <Coords points="2035,4324 2107,4308 2136,4332 2205,4304 2225,4332 2273,4308 2306,4340 2387,4296 2423,4312 2556,4288 2601,4308 2605,4211 2540,4207 2516,4231 2435,4215 2407,4235 2306,4207 2136,4239 2043,4215"/>
                <Baseline points="2059,4304 2071,4298 2160,4298 2250,4298 2340,4292 2429,4280 2519,4280 2608,4280"/>
                <TextEquiv>
                    <Unicode>en</Unicode>
                </TextEquiv>
            </TextLine>
            <TextLine id="tr_1_tl_46" custom="readingOrder {index:45;}">
                <Coords points="1137,4429 4001,4361 4118,4255 2298,4344 1145,4203"/>
                <Baseline points="1158,4405 1170,4405 1259,4405 1349,4405 1438,4399 1528,4399 1617,4393 1707,4387 1796,4387 1886,4381 1975,4375 2065,4375 2155,4375 2244,4375 2334,4375 2423,4369 2513,4369 2602,4369 2692,4363 2781,4363 2871,4357 2960,4351 3050,4345 3140,4339 3229,4339 3319,4339 3408,4339 3498,4333 3587,4333 3677,4327 3766,4327 3856,4316 3945,4316 4035,4316 4124,4310"/>
                <TextEquiv>
                    <Unicode>nahm seine Berufsarbeit mit Ernst und Eifer auf, pflegte einen</Unicode>
                </TextEquiv>
            </TextLine>
            <TextLine id="tr_1_tl_47" custom="readingOrder {index:46;}">
                <Coords points="3871,4425 3972,4425 3996,4401 4017,4409 4029,4405 4053,4425 4073,4425 4073,4344 4045,4348 4037,4340 4009,4352 3984,4340 3968,4348 3956,4336 3944,4336 3871,4348"/>
                <Baseline points="3892,4399 3981,4399 4071,4399 4083,4399"/>
                <TextEquiv>
                    <Unicode>de e</Unicode>
                </TextEquiv>
            </TextLine>
            <TextLine id="tr_1_tl_48" custom="readingOrder {index:47;}">
                <Coords points="3074,4462 3131,4462 3155,4445 3220,4458 3268,4425 3321,4454 3349,4437 3382,4458 3406,4445 3422,4454 3442,4433 3495,4437 3499,4365 3467,4356 3446,4373 3422,4361 3378,4373 3349,4352 3317,4361 3248,4340 3167,4377 3135,4356 3074,4389"/>
                <Baseline points="3098,4429 3145,4429 3235,4429 3325,4429 3414,4423 3504,4417"/>
                <TextEquiv>
                    <Unicode>die sech</Unicode>
                </TextEquiv>
            </TextLine>
            <TextLine id="tr_1_tl_49" custom="readingOrder {index:48;}">
                <Coords points="1917,4482 2395,4466 2471,4482 2520,4474 2524,4397 2378,4389 2358,4405 2310,4377 2249,4401 2221,4389 2176,4425 2107,4425 2087,4397 2039,4397 1998,4425 1917,4421"/>
                <Baseline points="1940,4471 1987,4471 2077,4471 2166,4465 2256,4465 2346,4459 2435,4459 2525,4459"/>
                <TextEquiv>
                    <Unicode>Josse Salon,</Unicode>
                </TextEquiv>
            </TextLine>
            <TextLine id="tr_1_tl_50" custom="readingOrder {index:49;}">
                <Coords points="1149,4591 4102,4555 4134,4413 1153,4425"/>
                <Baseline points="1170,4584 1187,4578 1277,4584 1367,4578 1456,4578 1546,4572 1635,4572 1725,4566 1814,4560 1904,4560 1993,4554 2083,4554 2172,4548 2262,4548 2352,4542 2441,4542 2531,4542 2620,4536 2710,4536 2799,4530 2889,4524 2978,4524 3068,4518 3157,4518 3247,4518 3337,4513 3426,4507 3516,4507 3605,4501 3695,4501 3784,4501 3874,4495 3963,4489 4053,4483 4142,4489"/>
                <TextEquiv>
                    <Unicode>angenehmer zerstreuenden Verkehr mit alten Bekannten und fand</Unicode>
                </TextEquiv>
            </TextLine>
            <TextLine id="tr_1_tl_51" custom="readingOrder {index:50;}">
                <Coords points="2929,4636 3701,4595 3762,4619 3786,4615 3790,4522 3701,4543 3503,4518 3406,4555 3297,4526 3204,4559 3090,4538 3009,4575 2933,4551"/>
                <Baseline points="2954,4620 2990,4620 3080,4614 3169,4608 3259,4602 3348,4602 3438,4596 3528,4596 3617,4590 3707,4584 3796,4584"/>
                <TextEquiv>
                    <Unicode>s. Die Möbel waren</Unicode>
                </TextEquiv>
            </TextLine>
            <TextLine id="tr_1_tl_52" custom="readingOrder {index:51;}">
                <Coords points="3827,4607 3851,4607 3859,4615 3871,4607 3891,4615 3903,4607 3924,4611 3952,4603 3960,4595 3984,4599 3988,4518 3964,4514 3936,4526 3912,4514 3899,4514 3891,4522 3831,4518"/>
                <Baseline points="3850,4590 3904,4590 3993,4584"/>
                <TextEquiv>
                    <Unicode>alt</Unicode>
                </TextEquiv>
            </TextLine>
            <TextLine id="tr_1_tl_53" custom="readingOrder {index:52;}">
                <Coords points="2144,4656 2233,4656 2245,4664 2265,4656 2326,4656 2326,4575 2302,4575 2273,4595 2261,4587 2245,4595 2229,4579 2209,4587 2184,4567 2148,4567"/>
                <Baseline points="2166,4644 2244,4644 2334,4638"/>
                <TextEquiv>
                    <Unicode>inah</Unicode>
                </TextEquiv>
            </TextLine>
            <TextLine id="tr_1_tl_54" custom="readingOrder {index:53;}">
                <Coords points="1149,4789 4017,4708 4122,4696 4130,4547 1784,4696 1157,4619"/>
                <Baseline points="1170,4763 1176,4757 1265,4763 1355,4757 1444,4757 1534,4751 1623,4757 1713,4751 1802,4745 1892,4739 1981,4739 2071,4733 2160,4733 2250,4727 2340,4721 2429,4721 2519,4721 2608,4721 2698,4715 2787,4715 2877,4710 2966,4704 3056,4704 3145,4698 3235,4698 3325,4698 3414,4692 3504,4686 3593,4680 3683,4680 3772,4680 3862,4680 3951,4674 4041,4668 4130,4668"/>
                <TextEquiv>
                    <Unicode>sich täglich für ein Stündchen im Hause des Bruders ein, wo er</Unicode>
                </TextEquiv>
            </TextLine>
            <TextLine id="tr_1_tl_55" custom="readingOrder {index:54;}">
                <Coords points="3928,4781 3984,4801 4001,4781 4235,4781 4276,4769 4276,4660 4239,4656 4174,4696 4162,4688 4126,4721 4065,4692 4021,4708 3988,4684 3960,4704 3928,4700"/>
                <Baseline points="3951,4769 4041,4769 4130,4769 4220,4769 4286,4775"/>
                <TextEquiv>
                    <Unicode>einmal</Unicode>
                </TextEquiv>
            </TextLine>
            <TextLine id="tr_1_tl_56" custom="readingOrder {index:55;}">
                <Coords points="1129,4996 4187,4935 4255,4777 3661,4700 3418,4789 1133,4842"/>
                <Baseline points="1152,4936 1217,4936 1307,4936 1396,4930 1486,4930 1575,4930 1665,4924 1755,4918 1844,4912 1934,4912 2023,4912 2113,4912 2202,4907 2292,4907 2381,4901 2471,4901 2560,4895 2650,4889 2740,4889 2829,4883 2919,4883 3008,4883 3098,4877 3187,4877 3277,4871 3366,4865 3456,4865 3545,4865 3635,4865 3725,4865 3814,4859 3904,4859 3993,4853 4083,4847 4172,4847 4262,4847"/>
                <TextEquiv>
                    <Unicode>mit den Kindern scherzte und mit Marianne plauderte. Diese Kläix</Unicode>
                </TextEquiv>
            </TextLine>
            <TextLine id="tr_1_tl_57" custom="readingOrder {index:56;}">
                <Coords points="2795,5004 3034,5004 3143,4971 3187,4992 3280,4971 3305,4992 3426,4987 3430,4907 3228,4894 3187,4923 3135,4886 3046,4923 2888,4903 2799,4923"/>
                <Baseline points="2817,4978 2901,4984 2990,4978 3080,4978 3169,4972 3259,4972 3348,4966 3438,4966"/>
                <TextEquiv>
                    <Unicode>klagte Otto</Unicode>
                </TextEquiv>
            </TextLine>
            <TextLine id="tr_1_tl_58" custom="readingOrder {index:57;}">
                <Coords points="1125,5141 3216,5133 4178,5048 4183,4927 1129,5000"/>
                <Baseline points="1146,5121 1235,5115 1325,5115 1414,5109 1504,5109 1593,5104 1683,5104 1772,5098 1862,5098 1952,5092 2041,5092 2131,5092 2220,5086 2310,5086 2399,5080 2489,5080 2578,5074 2668,5074 2757,5068 2847,5068 2937,5068 3026,5062 3116,5056 3205,5050 3295,5050 3384,5044 3474,5044 3563,5044 3653,5038 3742,5032 3832,5032 3922,5032 4011,5026 4101,5026 4190,5020"/>
                <TextEquiv>
                    <Unicode>taxtaxxx mitnäättssä darüber, dass ihxxkaata trotz soi-</Unicode>
                </TextEquiv>
            </TextLine>
            <TextLine id="tr_1_tl_59" custom="readingOrder {index:58;}">
                <Coords points="3285,5145 3479,5165 4045,5137 4199,5161 4199,5064 4142,5044 4033,5076 3766,5076 3705,5048 3645,5081 3285,5085"/>
                <Baseline points="3307,5145 3313,5145 3402,5145 3492,5145 3581,5145 3671,5139 3760,5139 3850,5133 3939,5133 4029,5133 4119,5127 4208,5127"/>
                <TextEquiv>
                    <Unicode>wissenschaftlichen</Unicode>
                </TextEquiv>
            </TextLine>
            <TextLine id="tr_1_tl_60" custom="readingOrder {index:59;}">
                <Coords points="1108,5347 1808,5376 1954,5299 2484,5335 2840,5258 3414,5319 3560,5287 3564,5161 2743,5093 2358,5186 1116,5149"/>
                <Baseline points="1134,5289 1158,5289 1247,5295 1337,5289 1426,5289 1516,5289 1605,5289 1695,5283 1784,5283 1874,5277 1964,5271 2053,5265 2143,5265 2232,5265 2322,5259 2411,5259 2501,5253 2590,5253 2680,5247 2769,5247 2859,5241 2948,5241 3038,5241 3128,5235 3217,5235 3307,5229 3396,5229 3486,5229 3575,5223"/>
                <TextEquiv>
                    <Unicode>ner angestrengten Praxis sich auch in seiner xxxx</Unicode>
                </TextEquiv>
            </TextLine>
        </TextRegion>
    </Page>
</PcGts>
