4408 5576
1368 535 3382 805 „Ich bin“s Robert“, erwiderte eine Stimme.
2350 713 2539 813 ihm.
1329 759 3783 963 Das Blut erstarrte xxxxxxxxxxdaraxxx Es war Ottos
1553 894 1780 1002 an
871 909 3814 1136 Stimme. Sohne war er ihn nachgereist, schon war er da, um sein
2843 1029 3263 1148 En glo
875 1071 3922 1318 fürchterliches Werk zu vollbringen. Gott sei Dank, dass die Tür¬
2924 1233 3799 1483 mittelte den Kopf
863 1310 1614 1533 versperrt war.
971 1464 3895 1676 „Darf man herein?“ fragte Otto. Doch ehe Robert noch
863 1603 3814 1865 zu antworten vermochte, öffnete sich die Türe, die Robert zuzu-
2254 1788 2620 1903 Robert
3359 1768 3953 1976 dein Freund,
844 1791 2061 2057 sperren vergessen hatte.
2350 1799 2959 2015 Bruder, Robert
1345 1949 3864 2192 „Was willst du" fragte Robert mit aufgerissenen Au-
2138 2115 2816 2231 wie einer Qual
867 2142 3826 2369 gen und dabei war er sich xxxxetkirch des Ujstands bewusst,
863 2342 3182 2531 dass beide Lidspalten gleich weit offen standen.
3494 2308 3791 2520 war ane
1333 2485 3849 2735 Otto stand ihm in der Türe gegenüber im Pelz und mit
832 2674 3814 2909 einem dicken Shawl um den Hals. Hastig sprach er. Man hat mir
828 2851 3856 3094 unten gesagt, dass du um zwei Uhr auf die Bahn wolltest, aber du
844 2997 3852 3263 hast verschlafen. Uebrigens wäre ich nicht heraufgekommen, wenn
832 3244 3510 3436 ich nicht Licht in deinem Zimmer gesehen hätte."
1067 3402 3147 3614 „Wo ist Paula?“ fragte Robert heiser.
1110 3548 3949 3806 „Paula kommt morgen. Vorläufig musst du dich mit ihrem
832 3725 3926 3983 Grüssen begnügen.“ Hr hatte immerfort ein steeres Lächeln um die
2882 3891 4134 4126 In rechte erst in Stellanten.
809 3964 1649 4180 Lippen.
1279 4107 3841 4330 Was willst du hier? Warum kommst durch Br fühl te das
813 4315 3028 4515 Glühen und Drohen seiner eigenen Blicke, vors
1275 4415 3814 4704 Warum ich kommst Nun“ - und ein unterdrücktes Auf-
2277 4581 3876 4839 - Nun zum Teufel, ich komme, weil
801 4646 2119 4866 schluchzen war in Ottos St
959 4681 2211 4904 wenn er mir er beliebt.
2154 4789 3779 5028 Was ist dir denn nur eingefallen.
805 4866 1533 5058 Ich Lust habe.
794 4977 3560 5255 Robert? Was hast du dir dem wieder in den Kopf gesetzt.
