4936 5908
3948 530 4146 809 32
1141 740 2237 971 nicht sampte
1096 785 4118 1088 er die Absicht verfolgte, sich von dieser Seite eines Schutzes
1100 874 4207 1230 gegenüber feindseligen Mächten zu versichern. Er sprach lebhaft,
1092 1157 4146 1391 mit bewusster Aufgeräumtheit, berichtete dann ebenso von seiner
1088 1323 4308 1565 Reise, verweilte mit besonderer Wärme bei der Schilderung der schö-
1088 1493 4219 1768 nen Sommertage am Vierwaldstättersee,ohne Albertens zu erwähnen,
1108 1687 4332 1929 und es war ihm dabei, als wenn er irgend einen über ihm schwebenden
1100 1929 2334 2152 Verdacht abwehren müsste.
1662 2002 4223 2233 Nach Tisch, da der Bruder Ordination abhalten musste,
1112 2188 4336 2471 blieb Robert mit der Schwägerin allein. Schweigend rauchte er sei-
1100 2374 4219 2690 ne zigarre, als Marianne sich mit der Frage an ihn wandte: „Was
1100 2536 4243 2864 macht denn dein Klavierspiel?" - „Mein Klavierspiel“,wiederhol-
1112 2730 4320 3018 te er etwas melancholisch, „das weiss ich eigentlich selber nicht.“
1112 2900 4061 3159 Auf Reisen kommt man begreiflicherweise wenig dazu. Manchmal
1104 3094 4235 3345 hat es mir wohl gefehlt." - „Uns auch“, meinte Marienne lächelnd.
1125 3280 4170 3535 Es war Roberts Gewohnheit gewesen sich nach den Mahlzeiten, die
1112 3442 4239 3717 Zigarre zwischen den Lippen, an den Flügel zu setzen und sich, wie
1129 3628 4207 3875 Marianne es nannte, musikalischen Kaffee-und Havannah-Phantasien
1112 3734 4365 4061 hinzugeben. So stand er denn auch jetzt xxx (wie einer Aufforderung
1865 3831 2103 3936 erhob
1116 3992 4292 4219 gehörehend begab sich ins Nebenzimmer ans Klavier und spielte al-
1129 4150 4377 4397 lerlei Ernstes und Heiteres, Klassisches und Banales nach- und durch-
3204 4267 3539 4413 gethan
1966 4324 2451 4466 es gestern
1133 4332 4203 4583 einander, ühnlich wie der Pianist in der Ban, zwan mit geningerer
1125 4486 4272 4745 Sicharhait, doch nach eigenen Gefühl, mit edlenem Ausdruck als je¬
1278 4676 4365 4963 Plötzlich liess er die Hände auf den Tasten ruhen,wandte sich
1125 4834 4300 5105 nach Marianne um, die in einer Diwanecke sitend, mit einer Sticko-
1116 4979 4170 5327 rei beschäftigt, seinem Spiele gefolgt war,und sagte! „Nun ist’s
