4776 5828
1039 707 4175 955 an Schlaflosigkeit und Herzklopfen leide; trotzdem fühle er sich
1023 883 4203 1167 immer wieder zu Fels- und Zis regionen emporgezogen. Denn dort oben
1027 1063 4183 1298 befinde er sich stets in einer Art von Rausch, gewissarmassen in
1035 1262 4191 1490 einem edleren und kräftigeren Verhältnis zum Leben durch die Nähe
1035 1422 4119 1738 des Todes, was schliesklich mehr wert sei, als das banale körper-
1015 1602 4175 1866 liche Wohlbefinden, mit dem er im Grunde nichts anzufangen wisse.
1031 1786 4163 2029 Er liebte Bemerkungen so allgemeiner und dabei zweifelhafter Na-
1023 1974 4171 2237 tur, ohne jedoch auf ihnen zu bestenen, wenn es irgend jemandem ich
1035 2113 4163 2361 einfiel sie zu bestreiten. Robert fühlte heute noch weniger als
1035 2325 4179 2545 sonst ein Bedürfni nach dem was Leinbach metaphysische Unterhal-
1027 2493 4139 2757 tungen zu nennen pflegte. Bei einem Andern hätte es fast wie Ab-
1039 2685 4163 2912 sicht wirken können, dass er sich mit keinem Worte nach des Freun-
1031 2844 4131 3120 des Gesundheitszustand erkundigte; doch Leinbachs Gleichgültig-
1015 3032 4227 3304 keit und stetes Beschäftigtsein mit seiner eigenen Person erklärte
1019 3188 4235 3452 dieses Versäumnis auf das Haruloseste. Im Laufe des Gesprächs aber
1019 3388 4131 3647 Husserte Robert ungefragt gelinde Zweifel,ob er einer Wiederauf-
1019 3556 4031 3911 nahme seiner Berufstätigkeit schon jetzt vollkommen gewachsen
3256 3723 3943 3915 ooh gar nicht
1035 3879 1314 4027 wäre.
1614 3903 4083 4167 „Warum nicht“, warf Leinbach hin. „Du gehst aus dem
1015 4043 4191 4363 Bureau und hast damit deinen Beruf hinter dir gelassen. Von drei
1035 4255 4171 4522 Uhr an bist du ein freier Mann, und die Welt gehört dir. Sieh dir
1031 4450 4187 4774 dagegen uns ereinen an. Keinen Augenblick hat man Ruhe, auch wenn
1043 4602 4223 4930 man scheinbar nichts zu tun hat. Immer gehen einen die Schieksale
1023 4818 4135 5086 der patienten innerlich nach. Ordination von zwei bis vier", so
1031 4954 4247 5393 heisst es wohl, aber der echte Arzt hat münterbreeben. Ordinationz-
