<?xml version="1.0" encoding="UTF-8" standalone="yes"?>
<PcGts xmlns="http://schema.primaresearch.org/PAGE/gts/pagecontent/2013-07-15" xmlns:xsi="http://www.w3.org/2001/XMLSchema-instance" xsi:schemaLocation="http://schema.primaresearch.org/PAGE/gts/pagecontent/2013-07-15 http://schema.primaresearch.org/PAGE/gts/pagecontent/2013-07-15/pagecontent.xsd">
    <Metadata>
        <Creator>prov=READ-COOP:name=TrHtr:version=2.1.0:model_id=51170:date=15_08_2023_07:01</Creator>
        <Created>2023-05-10T15:04:09.685+02:00</Created>
        <LastChange>2023-08-15T07:01:01.888+02:00</LastChange>
        <TranskribusMetadata docId="1428793" pageId="55429702" pageNr="55" tsid="132841466" status="IN_PROGRESS" userId="64420" imgUrl="https://files.transkribus.eu/Get?id=QVCXLCROEUCKSUNUXGZPYVAE&amp;fileType=view" xmlUrl="https://files.transkribus.eu/Get?id=SRUNWSONFDICBRGELGTTEEDH" imageId="44703775"/>
    </Metadata>
    <Page imageFilename="1428793_0055.jpg" imageWidth="5032" imageHeight="5908">
        <ReadingOrder>
            <OrderedGroup id="ro_1711806257087" caption="Regions reading order">
                <RegionRefIndexed index="0" regionRef="tr_2"/>
                <RegionRefIndexed index="1" regionRef="tr_1"/>
            </OrderedGroup>
        </ReadingOrder>
        <TextRegion id="tr_2" custom="readingOrder {index:0;}">
            <Coords points="1127,636 4463,636 4463,1901 1127,1901"/>
            <TextLine id="tr_2_tl_1" custom="readingOrder {index:0;}">
                <Coords points="3799,820 3856,828 3880,804 3917,836 3937,816 4006,840 4107,812 4205,832 4294,787 4448,808 4457,564 4290,540 4164,467 3811,483"/>
                <Baseline points="3825,710 3837,710 3926,716 4016,698 4105,698 4195,686 4284,692 4374,692 4463,704"/>
                <TextEquiv>
                    <Unicode>„ 40„ „</Unicode>
                </TextEquiv>
            </TextLine>
            <TextLine id="tr_2_tl_2" custom="readingOrder {index:1;}">
                <Coords points="1396,848 1469,852 1526,901 1591,885 1644,901 1729,828 1863,808 1948,832 1948,548 1794,584 1729,564 1648,637 1514,593 1486,605 1433,568 1396,580"/>
                <Baseline points="1420,793 1509,799 1599,799 1688,799 1778,799 1867,799 1957,793"/>
                <TextEquiv>
                    <Unicode>1/2    7</Unicode>
                </TextEquiv>
            </TextLine>
            <TextLine id="tr_2_tl_3" custom="readingOrder {index:2;}">
                <Coords points="1128,1019 3750,1039 4241,1015 4355,869 2370,828 1128,954"/>
                <Baseline points="1151,1014 1229,1020 1318,1020 1408,1014 1497,1014 1587,1008 1676,1008 1766,1008 1855,1002 1945,1002 2034,996 2124,1002 2214,996 2303,996 2393,996 2482,990 2572,990 2661,990 2751,990 2840,984 2930,984 3019,984 3109,978 3198,978 3288,972 3377,972 3467,972 3556,972 3646,972 3735,972 3825,966 3914,966 4004,960 4093,954 4183,948 4272,948 4362,948"/>
                <TextEquiv>
                    <Unicode>Mannes Tod drei Wochen Urlaub gegönnt,die sie in einem kleinen Ort</Unicode>
                </TextEquiv>
            </TextLine>
            <TextLine id="tr_2_tl_4" custom="readingOrder {index:3;}">
                <Coords points="1157,1116 1518,1149 1619,1100 2350,1112 2382,1027 1835,1019 1717,1067 1469,1019 1242,1076 1157,1043"/>
                <Baseline points="1181,1104 1229,1104 1318,1104 1408,1104 1497,1104 1587,1098 1676,1098 1766,1092 1855,1092 1945,1092 2034,1092 2124,1092 2214,1092 2303,1092 2393,1086"/>
                <TextEquiv>
                    <Unicode>wohlfeilen Sommerfrisch</Unicode>
                </TextEquiv>
            </TextLine>
            <TextLine id="tr_2_tl_5" custom="readingOrder {index:4;}">
                <Coords points="1116,1222 4290,1177 4294,1007 1116,1149"/>
                <Baseline points="1139,1199 1169,1199 1259,1199 1348,1193 1438,1193 1527,1187 1617,1187 1706,1181 1796,1175 1885,1175 1975,1169 2064,1175 2154,1175 2243,1169 2333,1175 2422,1169 2512,1163 2601,1163 2691,1163 2780,1157 2870,1157 2959,1157 3049,1157 3138,1157 3228,1151 3318,1151 3407,1151 3497,1145 3586,1145 3676,1145 3765,1139 3855,1133 3944,1133 4034,1133 4123,1127 4213,1127 4302,1139"/>
                <TextEquiv>
                    <Unicode>nahlyon Wien verbrachte. „Dort habe ich mich auch wieder verlobt“,</Unicode>
                </TextEquiv>
            </TextLine>
            <TextLine id="tr_2_tl_6" custom="readingOrder {index:5;}">
                <Coords points="1120,1429 4201,1352 4241,1153 1124,1279"/>
                <Baseline points="1145,1378 1205,1372 1294,1372 1384,1366 1474,1366 1563,1366 1653,1360 1742,1360 1832,1354 1921,1354 2011,1354 2100,1348 2190,1348 2279,1348 2369,1342 2458,1342 2548,1342 2637,1336 2727,1336 2816,1336 2906,1336 2995,1330 3085,1330 3174,1330 3264,1324 3353,1324 3443,1318 3532,1318 3622,1318 3711,1318 3801,1312 3890,1312 3980,1312 4069,1312 4159,1306 4248,1306"/>
                <TextEquiv>
                    <Unicode>setzte sie hinzu. „Es ist aber nichts draus geworden. Besser so“,</Unicode>
                </TextEquiv>
            </TextLine>
            <TextLine id="tr_2_tl_7" custom="readingOrder {index:6;}">
                <Coords points="1112,1615 4258,1546 4262,1396 1116,1461"/>
                <Baseline points="1139,1551 1223,1551 1312,1551 1402,1545 1491,1545 1581,1539 1670,1539 1760,1533 1849,1533 1939,1527 2029,1527 2118,1527 2208,1521 2297,1521 2387,1527 2476,1521 2566,1521 2655,1515 2745,1515 2834,1509 2924,1509 3013,1503 3103,1503 3192,1503 3282,1503 3371,1497 3461,1497 3550,1497 3640,1497 3729,1491 3819,1491 3908,1491 3998,1491 4087,1491 4177,1485 4266,1485"/>
                <TextEquiv>
                    <Unicode>schloss sie achselzuckend, als sei sie kein besseres Schicksal ge-</Unicode>
                </TextEquiv>
            </TextLine>
            <TextLine id="tr_2_tl_8" custom="readingOrder {index:7;}">
                <Coords points="2853,1632 2874,1636 2890,1619 2926,1632 2971,1599 3020,1624 3085,1591 3121,1599 3133,1587 3215,1607 3267,1591 3267,1526 3227,1534 3194,1510 3154,1546 3097,1522 3003,1542 2967,1518 2906,1546 2853,1538"/>
                <Baseline points="2876,1593 2918,1593 3007,1581 3097,1581 3186,1581 3276,1581"/>
                <TextEquiv>
                    <Unicode>gewese</Unicode>
                </TextEquiv>
            </TextLine>
            <TextLine id="tr_2_tl_9" custom="readingOrder {index:8;}">
                <Coords points="1664,1648 1721,1656 1753,1648 1770,1652 1814,1648 1810,1611 1790,1615 1778,1607 1770,1615 1749,1603 1745,1607 1737,1599 1713,1603 1705,1595 1697,1599 1660,1595"/>
                <Baseline points="1682,1635 1772,1641 1826,1641"/>
                <TextEquiv>
                    <Unicode>in</Unicode>
                </TextEquiv>
            </TextLine>
            <TextLine id="tr_2_tl_10" custom="readingOrder {index:9;}">
                <Coords points="1104,1802 3166,1688 4091,1749 4095,1575 1108,1624"/>
                <Baseline points="1127,1724 1151,1724 1241,1724 1330,1724 1420,1718 1509,1718 1599,1718 1688,1718 1778,1718 1867,1712 1957,1706 2046,1700 2136,1700 2225,1700 2315,1700 2404,1700 2494,1694 2584,1694 2673,1688 2763,1688 2852,1688 2942,1688 3031,1688 3121,1682 3210,1682 3300,1682 3389,1676 3479,1676 3568,1676 3658,1676 3747,1670 3837,1670 3926,1670 4016,1670 4105,1670"/>
                <TextEquiv>
                    <Unicode>wohnt und kann eines besseren wert als des ihr beschiedenen.</Unicode>
                </TextEquiv>
            </TextLine>
            <TextLine id="tr_2_tl_11" custom="readingOrder {index:10;}">
                <Coords points="1778,1932 4034,1895 4209,1863 4213,1741 1778,1802"/>
                <Baseline points="1802,1891 1891,1885 1981,1885 2070,1879 2160,1879 2249,1879 2339,1873 2428,1873 2518,1873 2607,1867 2697,1867 2786,1861 2876,1861 2965,1861 3055,1861 3144,1855 3234,1855 3323,1855 3413,1855 3503,1849 3592,1855 3682,1849 3771,1849 3861,1844 3950,1844 4040,1844 4129,1838 4219,1832"/>
                <TextEquiv>
                    <Unicode>Einpffener Einspänner trottete vorbei, der Kutscher</Unicode>
                </TextEquiv>
            </TextLine>
        </TextRegion>
        <TextRegion id="tr_1" custom="readingOrder {index:1;}">
            <Coords points="1008,1961 4463,1961 4463,5219 1008,5219"/>
            <TextLine id="tr_1_tl_1" custom="readingOrder {index:0;}">
                <Coords points="1092,2106 3990,2070 4278,2042 4282,1908 1092,1973"/>
                <Baseline points="1115,2082 1157,2082 1247,2082 1336,2076 1426,2076 1515,2076 1605,2070 1694,2070 1784,2070 1873,2064 1963,2064 2052,2058 2142,2058 2231,2058 2321,2052 2410,2052 2500,2052 2589,2046 2679,2046 2769,2040 2858,2040 2948,2040 3037,2034 3127,2034 3216,2034 3306,2034 3395,2034 3485,2029 3574,2029 3664,2029 3753,2023 3843,2023 3932,2023 4022,2017 4111,2017 4201,2017 4290,2011"/>
                <TextEquiv>
                    <Unicode>schwang grüssend die Peitsche. Robert lud seine Begleiterin zu ei-</Unicode>
                </TextEquiv>
            </TextLine>
            <TextLine id="tr_1_tl_2" custom="readingOrder {index:1;}">
                <Coords points="1084,2293 4213,2249 4274,2106 1084,2167"/>
                <Baseline points="1104,2255 1145,2255 1235,2255 1324,2255 1414,2249 1503,2249 1593,2249 1682,2249 1772,2243 1861,2243 1951,2237 2040,2237 2130,2231 2219,2231 2309,2225 2399,2225 2488,2225 2578,2225 2667,2225 2757,2219 2846,2219 2936,2219 3025,2219 3115,2214 3204,2214 3294,2214 3383,2208 3473,2208 3562,2208 3652,2208 3741,2202 3831,2202 3920,2202 4010,2196 4099,2196 4189,2190 4278,2190"/>
                <TextEquiv>
                    <Unicode>ner kleinen spazierfahrt ein,sie stiegen ein, fuhren durch die Vor-</Unicode>
                </TextEquiv>
            </TextLine>
            <TextLine id="tr_1_tl_3" custom="readingOrder {index:2;}">
                <Coords points="1092,2435 4262,2399 4132,2244 1096,2338"/>
                <Baseline points="1115,2434 1139,2428 1229,2428 1318,2428 1408,2422 1497,2422 1587,2422 1676,2416 1766,2416 1855,2416 1945,2410 2034,2410 2124,2410 2214,2404 2303,2404 2393,2399 2482,2399 2572,2399 2661,2393 2751,2393 2840,2393 2930,2393 3019,2387 3109,2387 3198,2387 3288,2387 3377,2381 3467,2381 3556,2381 3646,2375 3735,2375 3825,2375 3914,2369 4004,2369 4093,2369 4183,2363 4272,2363"/>
                <TextEquiv>
                    <Unicode>stadt weiter und dann unter dem Bahnviadukt hinaus auf die Laxen -</Unicode>
                </TextEquiv>
            </TextLine>
            <TextLine id="tr_1_tl_4" custom="readingOrder {index:3;}">
                <Coords points="1084,2650 4160,2614 4189,2443 1088,2537"/>
                <Baseline points="1104,2607 1151,2607 1241,2601 1330,2601 1420,2601 1509,2595 1599,2595 1688,2595 1778,2595 1867,2595 1957,2589 2046,2589 2136,2584 2225,2584 2315,2584 2404,2578 2494,2578 2584,2578 2673,2572 2763,2572 2852,2572 2942,2572 3031,2566 3121,2560 3210,2560 3300,2560 3389,2560 3479,2554 3568,2554 3658,2554 3747,2554 3837,2548 3926,2548 4016,2542 4105,2542 4195,2542"/>
                <TextEquiv>
                    <Unicode>burgerstrasse, mit dem Blick auf die im Abend verdämmernde Hügel-</Unicode>
                </TextEquiv>
            </TextLine>
            <TextLine id="tr_1_tl_5" custom="readingOrder {index:4;}">
                <Coords points="1072,2813 4051,2768 4225,2752 4229,2634 1072,2727"/>
                <Baseline points="1092,2780 1104,2780 1193,2780 1283,2780 1372,2780 1462,2780 1551,2774 1641,2774 1730,2774 1820,2769 1909,2763 1999,2763 2088,2757 2178,2757 2267,2757 2357,2757 2446,2751 2536,2751 2625,2751 2715,2745 2804,2745 2894,2745 2983,2745 3073,2745 3162,2739 3252,2733 3341,2739 3431,2733 3520,2733 3610,2727 3699,2727 3789,2727 3878,2727 3968,2727 4058,2721 4147,2721 4237,2721"/>
                <TextEquiv>
                    <Unicode>kette. Allmählich rückten sie näher aneinander. Als auf dem nahen</Unicode>
                </TextEquiv>
            </TextLine>
            <TextLine id="tr_1_tl_6" custom="readingOrder {index:5;}">
                <Coords points="3458,2829 3499,2845 3580,2837 3633,2853 3673,2841 3734,2845 3791,2825 3795,2748 3758,2764 3738,2756 3722,2772 3677,2768 3653,2744 3604,2764 3572,2736 3503,2752 3482,2772 3462,2768"/>
                <Baseline points="3479,2828 3532,2822 3622,2822 3711,2822 3801,2816"/>
                <TextEquiv>
                    <Unicode>Robert</Unicode>
                </TextEquiv>
            </TextLine>
            <TextLine id="tr_1_tl_7" custom="readingOrder {index:6;}">
                <Coords points="1072,2983 3921,2955 4225,2910 4225,2825 1887,2780 1076,2898"/>
                <Baseline points="1092,2954 1104,2954 1193,2954 1283,2954 1372,2954 1462,2948 1551,2948 1641,2948 1730,2948 1820,2942 1909,2942 1999,2936 2088,2936 2178,2936 2267,2936 2357,2930 2446,2930 2536,2930 2625,2924 2715,2924 2804,2918 2894,2918 2983,2918 3073,2912 3162,2912 3252,2912 3341,2912 3431,2912 3520,2912 3610,2906 3699,2906 3789,2906 3878,2900 3968,2900 4058,2894 4147,2894 4237,2894"/>
                <TextEquiv>
                    <Unicode>Geleise ein Eisenbahnzug an ihnen vorbeisauste,nahm er Anlass von</Unicode>
                </TextEquiv>
            </TextLine>
            <TextLine id="tr_1_tl_8" custom="readingOrder {index:7;}">
                <Coords points="1076,3190 3259,3190 3486,3101 4059,3174 4176,3158 4181,2951 1076,3068"/>
                <Baseline points="1098,3133 1145,3133 1235,3133 1324,3127 1414,3127 1503,3127 1593,3121 1682,3121 1772,3121 1861,3121 1951,3115 2040,3115 2130,3109 2219,3109 2309,3109 2399,3109 2488,3103 2578,3103 2667,3103 2757,3097 2846,3097 2936,3097 3025,3091 3115,3091 3204,3091 3294,3091 3383,3079 3473,3079 3562,3079 3652,3085 3741,3085 3831,3079 3920,3073 4010,3079 4099,3073 4189,3067"/>
                <TextEquiv>
                    <Unicode>seiner eben verflossenen Reise zu erzählen,</Unicode>
                </TextEquiv>
            </TextLine>
            <TextLine id="tr_1_tl_9" custom="readingOrder {index:8;}">
                <Coords points="1076,3332 4043,3324 4217,3292 4221,3178 1080,3190"/>
                <Baseline points="1098,3318 1181,3312 1271,3306 1360,3300 1450,3306 1539,3300 1629,3300 1718,3300 1808,3294 1897,3288 1987,3288 2076,3288 2166,3288 2255,3288 2345,3288 2434,3288 2524,3282 2613,3276 2703,3276 2792,3276 2882,3276 2971,3276 3061,3276 3150,3276 3240,3276 3329,3264 3419,3264 3508,3258 3598,3258 3688,3258 3777,3258 3867,3252 3956,3252 4046,3252 4135,3252 4225,3246"/>
                <TextEquiv>
                    <Unicode>cke Brage dazwischenwerfend, gefallen liess; später brachte er das</Unicode>
                </TextEquiv>
            </TextLine>
            <TextLine id="tr_1_tl_10" custom="readingOrder {index:9;}">
                <Coords points="1047,3527 4095,3482 4237,3450 4237,3340 1051,3397"/>
                <Baseline points="1074,3485 1115,3485 1205,3485 1294,3479 1384,3479 1474,3479 1563,3479 1653,3479 1742,3473 1832,3473 1921,3473 2011,3467 2100,3467 2190,3467 2279,3467 2369,3461 2458,3461 2548,3461 2637,3455 2727,3455 2816,3455 2906,3455 2995,3449 3085,3449 3174,3443 3264,3437 3353,3443 3443,3443 3532,3437 3622,3437 3711,3431 3801,3431 3890,3431 3980,3431 4069,3431 4159,3431 4248,3437"/>
                <TextEquiv>
                    <Unicode>Gespräch auf die Musik, worauf sie ohne tieferes Interesse earsing,</Unicode>
                </TextEquiv>
            </TextLine>
            <TextLine id="tr_1_tl_11" custom="readingOrder {index:10;}">
                <Coords points="3016,3543 3215,3576 3401,3531 3482,3572 3560,3539 4290,3547 4290,3446 4095,3482 3856,3446 3397,3478 3353,3442 3016,3474"/>
                <Baseline points="3037,3520 3127,3520 3216,3520 3306,3520 3395,3526 3485,3526 3574,3520 3664,3526 3753,3520 3843,3520 3932,3526 4022,3526 4111,3520 4201,3520 4290,3520 4296,3520"/>
                <TextEquiv>
                    <Unicode>entulteron de</Unicode>
                </TextEquiv>
            </TextLine>
            <TextLine id="tr_1_tl_12" custom="readingOrder {index:11;}">
                <Coords points="1043,3693 4233,3649 4290,3551 1047,3596"/>
                <Baseline points="1068,3658 1074,3658 1163,3664 1253,3664 1342,3658 1432,3658 1521,3658 1611,3652 1700,3652 1790,3652 1879,3646 1969,3646 2058,3640 2148,3640 2237,3640 2327,3640 2416,3634 2506,3634 2595,3634 2685,3628 2774,3628 2864,3628 2954,3622 3043,3622 3133,3622 3222,3622 3312,3622 3401,3616 3491,3616 3580,3616 3670,3610 3759,3610 3849,3604 3938,3604 4028,3604 4117,3604 4207,3604 4296,3592"/>
                <TextEquiv>
                    <Unicode>da sie in ihrer eigenschaft als Klavierlehrerin eben nur die zufäl-</Unicode>
                </TextEquiv>
            </TextLine>
            <TextLine id="tr_1_tl_13" custom="readingOrder {index:12;}">
                <Coords points="3279,3734 3300,3734 3316,3746 3336,3726 3357,3722 3365,3730 3381,3722 3397,3730 3430,3710 3450,3722 3486,3726 3486,3633 3438,3624 3405,3629 3389,3616 3377,3620 3361,3612 3316,3645 3279,3637"/>
                <Baseline points="3300,3693 3389,3693 3479,3693 3497,3699"/>
                <TextEquiv>
                    <Unicode>the</Unicode>
                </TextEquiv>
            </TextLine>
            <TextLine id="tr_1_tl_14" custom="readingOrder {index:13;}">
                <Coords points="3612,3730 3767,3710 3917,3726 4176,3710 4176,3637 4148,3633 4120,3649 4063,3633 4006,3661 3957,3629 3872,3661 3734,3661 3612,3633"/>
                <Baseline points="3634,3705 3646,3705 3735,3693 3825,3699 3914,3699 4004,3699 4093,3699 4183,3693"/>
                <TextEquiv>
                    <Unicode>&lt;gap/&gt;</Unicode>
                </TextEquiv>
            </TextLine>
            <TextLine id="tr_1_tl_15" custom="readingOrder {index:14;}">
                <Coords points="1964,3787 2139,3754 2752,3758 2752,3645 2606,3710 2350,3661 2236,3702 2163,3649 2102,3681 2042,3657 1964,3681"/>
                <Baseline points="1987,3741 2076,3747 2166,3747 2255,3747 2345,3747 2434,3747 2524,3741 2613,3741 2703,3741 2763,3741"/>
                <TextEquiv>
                    <Unicode>Gebraciet macht</Unicode>
                </TextEquiv>
            </TextLine>
            <TextLine id="tr_1_tl_16" custom="readingOrder {index:15;}">
                <Coords points="1051,3868 3917,3864 4237,3811 4237,3710 2983,3750 2845,3661 2123,3775 1449,3689 1055,3783"/>
                <Baseline points="1074,3843 1109,3843 1199,3843 1289,3837 1378,3831 1468,3831 1557,3831 1647,3831 1736,3831 1826,3825 1915,3825 2005,3825 2094,3819 2184,3819 2273,3813 2363,3813 2452,3813 2542,3813 2631,3807 2721,3801 2810,3801 2900,3807 2989,3801 3079,3801 3168,3801 3258,3801 3347,3801 3437,3795 3526,3795 3616,3795 3705,3789 3795,3789 3884,3783 3974,3783 4063,3777 4153,3783 4243,3777"/>
                <TextEquiv>
                    <Unicode>ligen Kenntnisse, anesundtzen sich entschlossen, die sie einet, als</Unicode>
                </TextEquiv>
            </TextLine>
            <TextLine id="tr_1_tl_17" custom="readingOrder {index:16;}">
                <Coords points="4055,3896 4156,3905 4205,3892 4221,3909 4302,3909 4388,3957 4457,3957 4440,3783 4379,3799 4339,3787 4323,3811 4294,3799 4181,3840 4132,3811 4051,3827"/>
                <Baseline points="4075,3878 4165,3884 4254,3890 4344,3902 4433,3908 4463,3908"/>
                <TextEquiv>
                    <Unicode>enwerben</Unicode>
                </TextEquiv>
            </TextLine>
            <TextLine id="tr_1_tl_18" custom="readingOrder {index:17;}">
                <Coords points="2979,3909 3036,3925 3089,3905 3105,3921 3162,3917 3174,3925 3202,3909 3219,3917 3271,3905 3271,3860 3166,3852 3133,3819 3101,3848 3060,3819 3032,3848 2979,3860"/>
                <Baseline points="3001,3896 3013,3896 3103,3896 3192,3890 3282,3890"/>
                <TextEquiv>
                    <Unicode>to him</Unicode>
                </TextEquiv>
            </TextLine>
            <TextLine id="tr_1_tl_19" custom="readingOrder {index:18;}">
                <Coords points="986,3957 1043,3982 1234,3933 1392,3957 1453,3921 1494,3953 2078,3933 2078,3880 1940,3848 1904,3876 1770,3848 1579,3872 1534,3840 1417,3892 1372,3856 1169,3888 986,3844"/>
                <Baseline points="1008,3938 1014,3938 1104,3932 1193,3926 1283,3920 1372,3920 1462,3920 1551,3920 1641,3920 1730,3920 1820,3920 1909,3914 1999,3920 2088,3926"/>
                <TextEquiv>
                    <Unicode>ne si si si faites ci-ci</Unicode>
                </TextEquiv>
            </TextLine>
            <TextLine id="tr_1_tl_20" custom="readingOrder {index:19;}">
                <Coords points="1035,4059 4185,4018 4241,3909 3507,3831 3174,3925 1039,3965"/>
                <Baseline points="1056,4034 1115,4028 1205,4022 1294,4016 1384,4010 1474,4010 1563,4010 1653,4010 1742,4004 1832,3998 1921,3998 2011,3998 2100,3998 2190,3992 2279,3992 2369,3992 2458,3992 2548,3992 2637,3986 2727,3986 2816,3980 2906,3980 2995,3980 3085,3980 3174,3980 3264,3974 3353,3974 3443,3968 3532,3968 3622,3968 3711,3962 3801,3962 3890,3956 3980,3956 4069,3956 4159,3962 4248,3968"/>
                <TextEquiv>
                    <Unicode>ganz junges Mädchen,offenhar)in besseren Umständen als heute, zu m</Unicode>
                </TextEquiv>
            </TextLine>
            <TextLine id="tr_1_tl_21" custom="readingOrder {index:20;}">
                <Coords points="3292,4201 3438,4217 3519,4156 3568,4181 3677,4160 3819,4237 3929,4172 4006,4172 4010,4063 3799,3978 3718,4043 3588,4006 3474,4018 3381,4071 3296,4063"/>
                <Baseline points="3312,4153 3389,4141 3479,4141 3568,4141 3658,4135 3747,4135 3837,4135 3926,4129 4016,4123"/>
                <TextEquiv>
                    <Unicode>gebelt solle</Unicode>
                </TextEquiv>
            </TextLine>
            <TextLine id="tr_1_tl_22" custom="readingOrder {index:21;}">
                <Coords points="1043,4278 1453,4209 1835,4270 2029,4197 2995,4205 3154,4189 3158,4067 1051,4091"/>
                <Baseline points="1068,4207 1104,4201 1193,4201 1283,4195 1372,4189 1462,4195 1551,4189 1641,4189 1730,4189 1820,4183 1909,4183 1999,4183 2088,4177 2178,4177 2267,4171 2357,4171 2446,4171 2536,4171 2625,4159 2715,4159 2804,4147 2894,4147 2983,4147 3073,4153 3162,4153"/>
                <TextEquiv>
                    <Unicode>Gegenheit gehabt hatte.</Unicode>
                </TextEquiv>
            </TextLine>
            <TextLine id="tr_1_tl_23" custom="readingOrder {index:22;}">
                <Coords points="1701,4396 4225,4379 4262,4233 1701,4266"/>
                <Baseline points="1724,4356 1766,4362 1855,4362 1945,4356 2034,4356 2124,4356 2214,4350 2303,4350 2393,4350 2482,4350 2572,4344 2661,4344 2751,4344 2840,4338 2930,4338 3019,4338 3109,4332 3198,4332 3288,4332 3377,4332 3467,4332 3556,4326 3646,4326 3735,4326 3825,4320 3914,4320 4004,4320 4093,4314 4183,4314 4272,4320"/>
                <TextEquiv>
                    <Unicode>Die Sonne war gesunken und es wurde empfindlich kühl.</Unicode>
                </TextEquiv>
            </TextLine>
            <TextLine id="tr_1_tl_24" custom="readingOrder {index:23;}">
                <Coords points="1015,4578 4229,4558 4274,4432 3312,4339 3040,4452 1019,4444"/>
                <Baseline points="1038,4547 1062,4541 1151,4547 1241,4547 1330,4547 1420,4547 1509,4541 1599,4541 1688,4541 1778,4541 1867,4535 1957,4535 2046,4535 2136,4535 2225,4535 2315,4529 2404,4529 2494,4523 2584,4523 2673,4523 2763,4517 2852,4517 2942,4517 3031,4517 3121,4517 3210,4511 3300,4511 3389,4505 3479,4505 3568,4505 3658,4505 3747,4499 3837,4499 3926,4499 4016,4493 4105,4493 4195,4493 4284,4493"/>
                <TextEquiv>
                    <Unicode>Robert liess den Wagen der Stadt zuwenden. Sie redeten beide nichts</Unicode>
                </TextEquiv>
            </TextLine>
            <TextLine id="tr_1_tl_25" custom="readingOrder {index:24;}">
                <Coords points="3255,4590 3397,4639 3718,4599 4424,4655 4420,4534 3255,4534"/>
                <Baseline points="3276,4589 3365,4589 3455,4589 3544,4595 3634,4595 3723,4595 3813,4595 3902,4601 3992,4601 4081,4601 4171,4607 4260,4618 4350,4624 4433,4630"/>
                <TextEquiv>
                    <Unicode>immermarkte es komme</Unicode>
                </TextEquiv>
            </TextLine>
            <TextLine id="tr_1_tl_26" custom="readingOrder {index:25;}">
                <Coords points="1007,4741 4274,4745 4274,4623 3239,4570 1011,4623"/>
                <Baseline points="1032,4732 1056,4732 1145,4732 1235,4732 1324,4726 1414,4720 1503,4720 1593,4720 1682,4720 1772,4720 1861,4714 1951,4714 2040,4714 2130,4714 2219,4708 2309,4708 2399,4708 2488,4708 2578,4708 2667,4708 2757,4702 2846,4696 2936,4696 3025,4696 3115,4696 3204,4690 3294,4696 3383,4690 3473,4690 3562,4690 3652,4684 3741,4684 3831,4684 3920,4678 4010,4678 4099,4672 4189,4678 4278,4678"/>
                <TextEquiv>
                    <Unicode>mehr und als er ihre Hand fasste, gab sie ihm den Druck mit Fahrunst</Unicode>
                </TextEquiv>
            </TextLine>
            <TextLine id="tr_1_tl_27" custom="readingOrder {index:26;}">
                <Coords points="1015,4907 4091,4935 4148,4737 1019,4761"/>
                <Baseline points="1038,4905 1115,4899 1205,4899 1294,4899 1384,4899 1474,4899 1563,4899 1653,4899 1742,4899 1832,4893 1921,4893 2011,4887 2100,4887 2190,4887 2279,4881 2369,4881 2458,4881 2548,4881 2637,4875 2727,4875 2816,4875 2906,4869 2995,4869 3085,4863 3174,4863 3264,4857 3353,4863 3443,4857 3532,4857 3622,4857 3711,4857 3801,4857 3890,4851 3980,4851 4069,4851 4159,4857"/>
                <TextEquiv>
                    <Unicode>zurück. In ihre müden Züge trat ein Schimmer von Freude, fast von</Unicode>
                </TextEquiv>
            </TextLine>
            <TextLine id="tr_1_tl_28" custom="readingOrder {index:27;}">
                <Coords points="3564,5102 3693,5114 3734,5094 3880,5118 3913,5094 3949,5114 3974,5098 4026,5106 4030,4931 3978,4952 3917,4915 3852,4948 3787,4911 3633,4903 3568,4939"/>
                <Baseline points="3586,5036 3676,5030 3765,5030 3855,5024 3944,5024 4034,5024"/>
                <TextEquiv>
                    <Unicode>dir danken,</Unicode>
                </TextEquiv>
            </TextLine>
            <TextLine id="tr_1_tl_29" custom="readingOrder {index:28;}">
                <Coords points="1015,5118 1043,5118 1059,5102 1092,5102 1104,5118 1145,5094 1169,5106 1189,5094 1205,5110 1238,5090 1270,5102 1291,5094 1303,5106 1339,5098 1339,5000 1291,5004 1258,4980 1205,5008 1153,4972 1116,4968 1100,4980 1076,4960 1067,4968 1015,4944"/>
                <Baseline points="1038,5090 1080,5084 1169,5078 1259,5078 1348,5084"/>
                <TextEquiv>
                    <Unicode>Glück.</Unicode>
                </TextEquiv>
            </TextLine>
            <TextLine id="tr_1_tl_30" custom="readingOrder {index:29;}">
                <Coords points="3458,5240 3592,5211 3653,5248 3702,5215 3767,5232 3896,5207 3929,5232 4075,5252 4079,5126 3982,5094 3937,5114 3913,5094 3880,5118 3734,5094 3620,5118 3547,5086 3462,5110"/>
                <Baseline points="3479,5209 3568,5209 3658,5209 3747,5209 3837,5209 3926,5203 4016,5203 4087,5209"/>
                <TextEquiv>
                    <Unicode>er näher zu</Unicode>
                </TextEquiv>
            </TextLine>
        </TextRegion>
    </Page>
</PcGts>
