4824 5892
3272 512 3522 727 H.H.
1251 563 1544 817 H.F.P
3999 533 4231 808 82
1002 765 4248 1015 Ein leiser Regen setzte ein und sie machten sich auf den Rückweg.
989 963 4270 1152 Im Felde kam ihnen die Mutter entgegen und man sprach von der hol-
1023 1131 4317 1350 den hellen Insel, wo man viele Wochen lang für an für gewohnt hatte,
989 1342 4261 1531 ohne sich uneinander zu kümmern. „Im Gebirger, schürzte Paula, Kom-
998 1484 4210 1729 nen Sie nicht so leicht davon, der den er im jener Abschiedsstun-
972 1677 4304 1858 Beim Mittagessen sprach man von gemeinsamen Bekannten
985 1870 4253 2055 aus früherer Zeit; die Bemerkungen Paulas schienen Robert zuweilen
985 1987 4274 2232 etwas scharf, aber immer treffend. Im weiteren Verlauf der Unterhal-
3285 2137 3474 2245 Ver-
972 2189 4218 2434 tung fügte es sich, dass Robert von den nervösen Stimmungen sprach.
950 2369 4253 2632 die der Anlass seiner Urlaubsreise gewesen, nun aber so gut wie völ-
959 2550 4162 2765 lig geschwunden waren. Ihm war, als wüsste Paula mehr zu erraten,
955 2700 4119 2984 als er zu erzählen für richtig hielt. Doch er dachte: Ihr könnte
942 2928 4124 3143 ich auch Verbrechen gestehen.. wenn ich welche begangen hätte.
933 3118 4033 3294 Während seines einsamen Nachmittagsspazierganges
959 3234 4227 3457 spielte er mit der Frage, ob er es wagen dürfte um Paula anzuhalten.
924 3466 4128 3642 Sie gefiel ihm besonders gut; dass sie nicht mehr allzu jung war
924 3582 4180 3806 und auch, dass sie seiner Vermutung nach, schon irgend eine ernstere
907 3827 4162 3999 Herzenssache erlebt haben mochte, empfand er als weitere Verzüge
903 3917 4137 4158 ihrer Person. Am Abend sassen sie lang in der Halle zusammen; sie
903 4158 4154 4347 plauderten miteinander wie alte Freunde, so dass sie sinander end-
890 4300 4210 4554 lich mit Verwunderung fragten, warum sie um Mooresstrand wie Fremde,
882 4515 4214 4743 ja sogar wie sie sich gegenseitig nun gestanden, mit einer Art Anti-
813 4644 4266 4898 pathie aneinander verbeigegangen waren. Wir haben viel nachzuholen",
860 4872 4137 5083 sagte Robert, und er fügte hinzu: „In den paar Tagen hier hareben“.
860 5040 4089 5276 Sie sich eine Weile vor sich hin, plötzlich mit einer ihr eigenen
