4792 5748
3915 366 4091 590 10
934 550 3246 819 für den möhlich Entschlummernden völlig verlor.
854 722 4113 934 und mit dem Ausblick auf die grünpatinierte Kirchenkuppel, versöhnte
837 903 3972 1092 ihn mit dem trübseligen ersten Eindruck. Er liess sein Gepäck he-
3228 1013 4095 1224 einiger Kleinigung.
2669 1039 2889 1233 eran.m
828 1044 4007 1295 raufschaff Als Robert in strömendem Regen am Bahnhof in den Wagen
2858 1273 4034 1378 Reisen stets mit sich zu
907 1268 4065 1471 stieg, gab er dem Kutscher zuerst die Adresse seiner früheren Woh-
2788 1444 4069 1559 Aschenschale und derglei-
894 1449 4113 1691 nung, die er bei seiner Abreise garlieugt hatte; dann erst, sich be-
2211 1629 2726 1757 eines
2840 1643 4047 1731 von Hänslichkeit zu ver¬
894 1691 4109 1850 sinnend, nannte er den Namen ###-alten/Gasthofes,in dem er Quartier
3549 1801 3849 1911 anzum
876 1823 4157 2039 bestellt hatte. Hinter einer Kirche zwischen hohen düsteren Häusern
2805 1977 3796 2109 einer kannter Forderung
876 2035 4012 2184 der inneren Stadt gelegen,bet er nicht den freundlich-festlichen
2660 2162 3963 2264 stützten Bodenraum für seine
863 2189 4007 2396 Anblick dar, mit dem neuentstandene, den Anlangenden willkommen zu
3140 2330 3866 2466 gelbliche, in die
846 2352 4100 2537 heissen pflegen; Robert aber hatte gerade diesen gewählt,nicht nur,
2906 2532 4051 2651 ches Licht in dem fenste
841 2519 3911 2708 weil seine Geldmittel, wenn auch noch leidlich zusammengehalten,
3224 2673 3893 2788 einem glatten
828 2673 3999 2946 ihm einen längeren Aufenthalt in einer der moderneren Fremdenher-
3012 2858 3822 3008 ung von unten bis.
828 2854 4060 3109 bergen nicht gestatteten, sondern auch, weil er gerade hier in einem
3246 3030 4047 3162 lange im Bad, dann
810 3047 4078 3254 Zimmer des vierten stockwerks vor vielen Jahren in Gesellschaft ei-
2977 3202 3470 3329 schlagen, tr
815 3259 4069 3422 nes längst verstorbenen Freundes, dessen Geliebte hier wohnte, manche
3290 3395 3483 3501 loht
788 3435 4100 3602 fröhliche Stunde verbracht hatte. In seiner Erinnerung hatte er
793 3580 4078 3792 das Bild des Gasthofes sonderbarerweise wie das eines kleinen alten
3651 3739 3999 3853 trühen
775 3739 4043 3937 Palastes aufbewahrt; und suchte nun vergeblich nach den Spuren ver-
2977 3937 3994 4095 anzublichen schien.
757 3919 3862 4113 blichener Pracht, die damals eine solche Täuschung hervorgerufen
2453 4095 4038 4254 merken, das linke Lid tiefer
1845 4095 2264 4228 mochten.
762 4135 3906 4285 oder begünst igt haben mueßten. Weder gab es/kunstreichenZierrate
762 4245 4302 4540 an dem eisernen Treppengeländer, noch waren an den Flurdecken die bawcken
766 4443 2145 4567 drea in finden en estel hatte
2686 4430 3831 4571 schmal und zuschließen
735 4457 4043 4650 Reliefs zu sehen, und der xxxschlissene Stiegenteppich) schimmerte in
2554 4628 3761 4760 preiste die Lider fest an
722 4637 3999 4875 einem blassten und ärmlichen Purpurrot. Doch das Zimmer, das man ihm
735 4809 4025 5042 anwies, hochgewölbt mit zwei breiten Fenstern/behaglich eingerichtet
709 4998 1475 5205 Unterschied gegen xxx
