4936 5908
3949 494 4366 724 22 -28 „
3706 515 3915 784 le
1943 618 2369 839 Witsh
822 618 3046 1018 aus magst du natürlich auch in Wien bleiben."
1214 848 4094 1154 Der Dichter Kahnberg trat an den Tisch, begrüsste Robert zu
831 997 4256 1269 dessen Verwunderung wie einen sehnlichst erwarteten Freund,zog ihn mit
835 1227 4171 1470 sich an einen Nebentisch und erzählte ihm die Fortsetzung einer Her-
826 1397 4077 1640 zensgeschichte, von deren Beginn Robert seiner Erinnerung nach nie-
831 1517 4217 1781 mals das Geringste erfahren hatte und erkundigte sich,ob ein Buch, das
843 1708 4205 1943 er an ihn vor etlichen Monatenabgesandt, richtig angelangt sei. Robert
835 1887 4124 2143 sich, dass ihm das Werk,ein Drama in Versen, mit einer sehr
848 1934 1146 2028 besann
831 2032 4124 2266 warmen Widmung von der Hand des Dichters erreicht, und dass er es
831 2164 3932 2441 auch gelesen hatte. Doch vermochte er sich des Inhalts durchaus
831 2339 4111 2565 nicht zu erinnern. Er war eben in Verlegenheit,wie er sich verspä-
831 2526 4021 2752 tet bedanken und was er über das Buch sagen sollte, als die Herren
3323 2620 3702 2722 beenden.
835 2675 3966 2927 insgesamt aufbrachen, um den Abend in einer Bar zu
818 2858 4098 3140 Robert schloss sich gerne an und bald sassen sie alle in einem nie-
818 3016 4243 3255 dern, menschenerfüllten, überhellen Raum an kleinen Tischen und lausch-
835 3161 3919 3408 ten dem Klavierspieler, der Opernarien,Tänze,Lieder,aufs Feinste
818 3336 3796 3566 harmonisiert,mit zwanglosen Uebergangen unermüdlich vortrug.
1201 3519 4154 3749 Robert besonders hörte mit einer Art von fachmännischem Ver-
831 3647 4056 3898 gnügen zu, da sein eigenes Talent demjenigen dieses Nachtpianisten,
814 3830 4124 4090 der tagsüber als Sparkassabammter sein Brot verdiente, einigermassen
818 4068 1482 4290 verwandt wer,
1563 4541 1725 4724 1 0
3736 4601 4141 4775 ind nach
1491 5001 1934 5176 in frie
