4392 5624
1069 508 3631 822 warum bist du da? Was willst du von mir? Nima-
3369 731 3524 934 in
775 727 3321 1065 nimm deine Hände aus dem Belzte lauttes auf den Boden
1239 874 3937 1200 Otto sah ihm starr ins Gesicht. Zuerst schien er nicht
794 1084 3873 1382 recht zu verstehen. Dann aber mit übertriebener Gebärde riss er
794 1275 3984 1569 beide Hände aus den Taschen seines Pelzes, schüttelte den Kopf xxx
794 1478 3885 1748 xxxnd verzog den Mund, als wenn er lachen wollte, dann bis### er
802 1621 3790 1887 sich in die Lippen und sagte: „Du - du träumst offenbar noch.
2038 1807 2566 1943 6, Robert
791 1807 3965 2137 Komm doch zu dir. Ich hin dein Bruder, Robert, ich in dein Freund.
2701 1970 3019 2090 Robus
802 1978 3754 2284 was bildest du dir denn einf Dein Bruder-! So glaube doch, so
802 2137 3861 2487 wisse doch endlich, es ist doch nicht im Ernst möglich, dass du
1275 2348 3957 2582 Und die Worte versagten ihm. In seinen Augen war Angst,
810 2411 1160 2610 denkst
802 2511 3853 2797 Mitleid und Liebe, durch dem Bruder bedeutete der feuchte Glanz
802 2666 3826 2960 dieses Blickes Tücke, Drohung und Tod. Otto wieder, von dem Aus-
2928 2840 3118 2948 im
787 2848 3893 3130 druck des Grauens in des Bruders Antlitz xxx Tiefste er schüt-
806 3035 3818 3349 tert, beherrschte sich nicht länger, trat ganz nah an ihn heran,
787 3210 3837 3476 um ihn zu umarmen und ihn durch die rüokhaltlos innigste Gebür-
798 3404 3865 3710 de aufnan brüderlichen Zürtlichkeit zu versichern. Robert über,
1124 3444 1410 3543 reines
794 3536 3814 3857 des Bruders kühle Hände an seinem Halse fühlend, zweifelte nun
794 3726 3988 4064 nicht mehr, dass der gefürchtete, das der Augenblick der höchsten,
787 3885 3881 4235 der entsetzlichsten Gefahr gekommen sei, gegen die in jeder Wei-
802 4119 3869 4390 so zu wehren durch menschliche und göttliche Gesetze erlaubt, ja
779 4262 3814 4552 geboten war. In der Roettasche spannte er vorsichtig den Hahn
2463 4433 3869 4703 und der Bruder am neuen Halse
1172 4509 1450 4632 Waffe
802 4568 1664 4771 seiner kleines»
2610 4596 3965 4842 Von Ottos Brust, der jetzt
791 4688 2149 4934 hing, setzte er ###(Mindung xxx)
2618 4775 3897 5057 bereitete. Aber im Augen¬
787 4902 1724 5160 erst merkte, dass in
2689 4974 3814 5224 nach dem Lauf der Waffe
794 5069 1986 5335 blick, da er erkannte, was
