4840 5668
1602 367 1945 597 Mjk. / 5/1
3508 355 3713 585 J.S.
3976 303 4222 561 112
3023 505 3322 771 .1 m p
1110 722 4202 944 breiten und später seine vollterzuliche Wirkung entfalten sollte;
1647 888 4246 1175 Als Robert am nächsten Morgen aus seinem Zimmer trat,
1122 916 1933 1134 und er nahm sich
1062 1090 4093 1469 fand er seinen Bruder vor der Türe stehen. Robert fühlte sich
1094 1110 2333 1259 Plötzlich wandte Otto sie
1078 1304 4109 1647 erblassen, doch es gelang ihm sein Erschrecken zu verbergen, und
1554 1304 2297 1429 gefangenen Ausdr.
1066 1453 4178 1800 wie erfreut rief er aus: „Du bist’s? Das ist aber wirklich sehr
1057 1602 4145 1966 nett. Willst du nicht —" „Du bist im Fortgehen“, sagte Otto. Er
1078 1792 4141 2131 stand in der Türe, beide Hände in den Taschen seines Pelzes ver-
1070 2014 4190 2313 graben, mit einem allzu heiteren Gesicht. „Oh, es eilt nicht. Kann
1078 2123 4173 2474 doch herein". Und er schloss die Türe hinter dem Bruder, der ihm
1090 2361 4173 2672 ins Zimmer gefolgt war. „Ich wollte dich nämlich fragen“, begann
1090 2547 4073 2833 Otto, ob du vielleicht heute Abend mit Paula und ihrer Mutter
1070 2668 4117 3039 bei uns zu Abend essen möchtest?“ - „Gern, sehr gern“.- „Und da
1090 2862 4137 3201 wollte ich gleich die Gelegenheit benützen und mir doch einmal
1086 3011 4278 3415 dein Zimmer ansehen, das du ja nun nicht mehr lange bewohnen wirst.
1090 3221 4230 3580 Er betrachtete den Raum von allen Seiten. „Ganz hübsch“, sagte er
2276 3241 2498 3378 nach
1070 3419 4194 3758 Nr trat zum Fenster und blickte auf die Heiligenstatue,in deren
2983 3540 3185 3669 la
1090 3552 4343 3939 steinernen Falten gefrorener Schnee liegen gahliehen war, und schien
1497 3633 1667 3738 which
1094 3717 4089 4065 zu überlegen. Robert, auch im Ueberzieher, den Hut in der Hand,
1098 3911 4190 4250 stand hinter ihm und hielt den Blick auf Ottos gesenkten grauen
1102 4097 4194 4371 Kopf geheftet, der sich aus dem Pelzkragen hervorhob und ihm nun
1094 4291 4234 4634 sonderbar fremd erschien, wie der eines müden alten Mannes, den er
1090 4456 4274 4779 nicht kannte. Was hat dieser Besuch zu bedeuten? fragte er sich.
1098 4609 4250 5001 Was will er hier? Flüchtig fuhr ihm durch den Sinn, ob Otto nicht
1114 4783 4230 5142 etwa ein giftiges Pulver mitgebracht hätte, das sich im Raum ver-
