4872 5908
3859 460 4013 673 aa
3495 503 3704 769 V. P.
2034 580 2478 804 [illegible]
2018 777 2173 901 0m
2215 758 2378 893 G.C.F.P.
1028 793 4067 1137 Flasche bessern Weins bestellt hatte. Aber der Kutscher stand
4106 897 4276 1067 G.C.F.P
1048 1009 3955 1291 schon bereit, die junge Frau stieg ein; und nun fühlte Robert
3654 1067 4032 1206 zögernd
1040 1129 4087 1489 plötzlich gar keine Lust mehr sie zu begleiten. Er blieb neben
1055 1361 4083 1701 dem Trittbrett stehen, ihre Hand in der seinen und fragte: „Wann
1059 1531 4044 1829 sieht man sich wieder, mein Kind?“ -.Ich hab dir ja gesagt, wo
1059 1709 4141 2018 ich wohne", erwiderte sie; „und wenn du vielleicht wieder einmal
1067 1833 4067 2219 mit mir zusammen sein willst, so schreib mir nur ein Wort. Ich
3023 1999 3406 2119 Langsam
1071 1987 4129 2339 bin immer frei." - „Schön“, sagte er. Und setzte er hin-
1898 2096 2409 2204 Uur so besser
1094 2254 4056 2525 zul „Ich danke dir recht sehr“. Dabei küsste er ihr die Hand.
1083 2428 4048 2699 Sie trug keine Handschuhe, ihre Finger waren kühl. Und als er
1090 2532 4199 2907 aufblickte, las er in ihren Augen: Wir werden uns gewiss nie wie-
1086 2768 4141 3031 der sehen. Ich hab dir ja kaum gefallen, das weiss ich; mein ge-
1117 2954 4152 3213 stricktes Leibchen war nicht nach deinem Geschmack und mancher-
1094 3139 4114 3410 lei anderes, das ich eben auch nicht besser habe, und das du an-
1113 3224 4067 3584 ders gewohnt bist. Du wirst mir nicht schreiben, ich weiss es.
1113 3499 4067 3781 Er las es so deutlich in ihrem Blick, dass er sich beinahe ge-
1380 3534 1794 3669 de elles
1110 3661 4098 3924 drängt fühlte ihr zu widersprechen. Aber der Wagen fuhr schon
1129 3758 4156 4129 davon. Noch einmal sah sie nach dem Geliebten der verflossenen
1113 4029 4214 4276 Stunde zurück und nickte ein paar Mal. Robert war stehen geblie-
1117 4148 4218 4477 ben und sah dem rollenden Wagen eine ganze Weile nach. Die habe
1141 4307 4160 4651 ich doch ganz bestimmt nicht umgebracht, sagte er dann zu sich,
1137 4535 4206 4844 und unwillkürlich sah er rings um sich, ob irgend wer in der Nä-
1133 4690 4083 4995 he wäre; ein Zeuge für alle Fälle, der sie in den Wagen hatte
1144 4837 4210 5177 steigen und davonfahren gesehen. Dann lachte er und schüttelte
